1946 3158
551 125 858 167 DEMONST.
890 126 1111 168 EVANG.
1141 127 1224 171 111.
1258 128 1296 167 -2,
1627 124 1726 177 155

240 247 324 299 66.
392 244 575 298 Ταῦτα
629 238 678 297 δ’
740 232 845 298 οὖν
884 238 948 298 τά
1001 247 1140 314 ἔθνη
1201 243 1294 298 καὶ
1351 239 1380 298 ὁ
1441 240 1724 314 προφήτης

112 325 337 402 ᾐνίξατο
370 325 544 383 εἰπῶν
566 319 699 382 “διοὲ
729 328 890 382 τοῦτο
932 322 1095 392 αὐτὸς
1147 324 1550 400 κληρονομήσει
1590 334 1726 383 πολ-
1756 358 1771 379 c

111 407 272 478 λούς”
307 413 399 468 καὶ
441 412 681 482 ἐπιλέγει
715 405 844 467 “nal
874 413 987 466 τῶν
1018 414 1261 483 ἰσχυρῶν
1291 424 1470 483 μεριεῖ
1499 409 1719 467 σκῦλα.”

112 499 225 553 τῶν
253 495 359 568 γὰρ
393 493 690 568 δυνάμεων
719 498 832 552 τῶν
876 491 1292 568 ἀντικειμένων,
1326 501 1387 552 αἳ
1413 493 1583 552 πάλαι
1613 497 1725 551 τῶν

45 604 69 638 5
113 584 300 638 ἐθνῶν
329 572 532 654 ἦρχον,
563 576 657 645 τὰς
687 577 1041 653 ὑποχειρίους
1072 577 1382 653 ῥυσάμενος
1406 579 1603 653 ψυχὰς,
1635 576 1724 636 οἷα

114 664 183 738 δή
227 689 352 721 τινα
410 666 587 721 σκῦλα
641 678 754 730 τοῖς
812 670 1034 730 οἰκείοις
1095 666 1373 737 διένειμεν
1429 674 1720 737 μαθηταῖς.

111 753 193 806 63.
244 746 330 806 διό
360 767 534 822 φησιν
562 747 591 805 ὅ
617 744 843 815 Ἡσαΐας
875 750 1004 821 περὶ
1035 745 1369 805 αὐτῶν“καὶ
1397 745 1724 820 εὐφρανθή-

112 852 302 891 σονται
322 831 562 891 ἐνῶπιόν
583 851 686 890 σου
703 828 768 890 ὃν
789 831 994 905 τρόπον
1015 836 1072 889 οἰ
1090 830 1470 905 διαιρούμενοι
1495 830 1719 889 σκῦλα.”

113 920 204 975 καὶ
246 914 275 975 ὁ
317 916 613 994 ψαλμῳδός
636 912 667 936 “
686 915 874 989 κύριος
907 914 1073 974 δῶσει
1104 919 1252 991 ῥῆμα
1282 930 1396 983 τοῖς
1437 915 1723 990 εὐαγγελι-

48 1028 90 1060 ιο
112 1004 354 1075 ζομένοις
385 1000 621 1075 δυνάμει
650 1003 845 1075 πολλῇ.
917 997 946 1058 ὁ
978 999 1243 1073 βασιλεὺς
1284 1005 1397 1058 τῶν
1430 1001 1725 1074 δυνάμεων

110 1091 208 1144 τοῦ
254 1083 570 1159 ἀγαπητοῦ,
610 1090 675 1161 τῇ
718 1082 1010 1159 ῶραιότητι
1062 1091 1159 1143 τοῦ
1219 1095 1377 1143 οἴκου
1438 1087 1723 1143 διελέσθαι

112 1168 333 1229 σκῦλα.”

238 1261 322 1313 68.
375 1254 620 1322 Εἰκότως
658 1258 956 1328 τοιγαροῦν
1008 1258 1100 1312 καὶ
1157 1258 1405 1312 ἐνταῦθα
1459 1257 1586 1327 περὶ
1626 1259 1723 1311 τοῦ
1752 1278 1772 1309 «ι

114 1344 356 1412 Χριστοῦ
398 1358 574 1412 φησιν
599 1335 731 1396 “διά
761 1342 922 1397 τοῦτο
964 1338 1128 1407 αὐτὸς
1156 1337 1558 1412 κληρονομήσει
1589 1347 1725 1396 πολ-

50 1447 92 1480 15
115 1423 264 1495 λούς,
290 1425 382 1481 καὶ
413 1429 525 1480 τῶν
555 1426 804 1496 ἰσχυρῶν
844 1437 1027 1498 μεριεῖ
1062 1421 1290 1482 σκῦλα.”
1329 1424 1420 1480 διὰ
1460 1436 1623 1481 ποῖον
1665 1425 1723 1479 δὲ

111 1513 272 1565 τοῦτο
317 1505 487 1565 πάλιν
538 1509 660 1581 ἑξῆς
707 1507 958 1565 διδάσκει
1000 1507 1183 1580 φήσας
1217 1505 1394 1566 “άνθ’
1436 1499 1516 1566 ῶν
1553 1531 1726 1580 παρε-

117 1590 260 1664 δόθη
294 1597 372 1659 εἰς
401 1590 650 1650 θάνατον
681 1587 714 1664 ἡ
747 1591 895 1665 ψυχὴ
926 1589 1098 1650 αὐτοῦ
1129 1594 1223 1650 καὶ
1257 1595 1318 1649 ἐν
1356 1605 1470 1658 τοῖς
1500 1589 1725 1665 άνόμοις

115 1678 407 1749 ἐλογίσθη,
448 1678 541 1734 καὶ
582 1672 746 1742 αὐτὸς
804 1672 1070 1749 ἁμαρτίας
1125 1680 1349 1734 πολλῶν
1396 1675 1724 1749 ἀνήνεγκεν,

114 1763 205 1817 καὶ
250 1759 341 1817 διὰ
379 1758 475 1827 τάς
514 1759 782 1835 ἁμαρτίας
844 1758 1030 1819 αὐτῶν
1069 1758 1405 1832 παρεδόθη.”
1469 1765 1554 1817 69.
1602 1759 1721 1818 ἀντὶ

47 1869 93 1902 20
115 1843 330 1902 τούτων
378 1844 484 1918 γὰρ
524 1842 887 1919 ἀμειβόμενος
936 1843 1106 1902 αὐτὸν
1149 1841 1178 1902 ὁ
1221 1846 1401 1917 πατὴρ
1453 1847 1547 1916 τῆς
1586 1840 1725 1902 ὑπα-

115 1931 243 2003 κοῆς
285 1931 379 1987 καὶ
418 1933 513 2003 τῆς
552 1929 838 2003 ὑπομονῆς
879 1933 1040 1989 ἕνεκα
1091 1928 1400 2003 δεδώρηται
1453 1926 1602 2006 αὐτῷ
1660 1929 1725 1985 τά

116 2017 419 2087 ἐγκείμενα·
452 2018 648 2087 γε’γονε
676 2014 783 2088 γὰρ
813 2013 1058 2087 ὑπήκοος
1107 2018 1182 2091 τῷ
1223 2017 1390 2088 πατρὶ
1419 2015 1578 2088 μέχρι
1617 2024 1728 2071 θα-

115 2098 313 2157 νάτου·
350 2098 436 2157 διὸ
467 2102 560 2157 καὶ
591 2098 1028 2173 κληρονομήσειν
1074 2102 1331 2172 πολλοὺς,
1363 2100 1454 2156 καὶ
1487 2096 1555 2155 οὐ
1586 2097 1728 2172 πρό-

115 2207 294 2258 τερον,
317 2180 456 2241 ἀλλὰ
495 2183 631 2257 μετά
673 2184 734 2242 τὸ
774 2187 1167 2258 παραδοθῆναι
1221 2189 1299 2251 εἰς
1337 2181 1587 2242 θάνατον
1625 2182 1727 2254 τὴν

49 2291 95 2323 25
118 2267 304 2342 ψυχὴν
334 2265 511 2326 αὐτοῦ
539 2271 630 2328 καὶ
664 2271 725 2327 ἐν
754 2282 868 2337 τοῖς
898 2265 1123 2342 ἀνόμοις
1154 2270 1506 2341 λογισθῆναι,
1523 2275 1727 2325 θεσπί-

117 2359 274 2421 ζει-αι.
340 2351 432 2411 διὰ
471 2360 645 2412 ταῦτα
683 2350 789 2428 γὰρ
841 2363 1053 2429 εἴρηται
1103 2351 1542 2428 κληρονομήσειν
1591 2360 1727 2409 πολ·
1753 2376 1817 2416 1⁴³⁶}

116 2435 246 2504 λούς
286 2439 378 2495 καὶ
408 2441 521 2496 τῶν
552 2442 797 2513 ἰσχυρῶν
825 2445 1078 2513 μερίσειν
1106 2437 1172 2496 τὰ
1193 2441 1387 2495 σκῦλα.
1443 2442 1523 2494 70.
1556 2432 1729 2507 ἡγοῦ-

117 2545 215 2593 μαι
259 2522 322 2578 δὲ
361 2521 753 2596 ἀναμφιλόγως
785 2521 888 2596 τὴν
929 2525 988 2579 ἐκ
1029 2526 1245 2595 νεκρῶν
1286 2520 1592 2579 ἀνάστασιν
1631 2525 1728 2577 τοῦ

118 2610 607 2680 προφητευομένου
640 2608 731 2666 διὰ
760 2606 975 2666 τούτων
1004 2613 1395 2681 παρίστασθαι.
1466 2606 1582 2672 πῶς
1622 2602 1726 2676 γάρ
1751 2631 1839 2672 (101,

51 2685 299 2756 εοᾶλλως
332 2693 616 2765 ἐπινοῆσαι
664 2692 907 2751 δυνατὸν
938 2689 1012 2759 ῶς
1053 2690 1335 2765 πρόβατον
1375 2691 1465 2747 ἐπὶ
1506 2688 1728 2762 σφαγὴν

234 2885 258 2923 7
290 2885 366 2924 Es.
399 2886 438 2935 9,
471 2888 510 2925 3.
686 2887 711 2926 9
742 2885 818 2926 Ps.
853 2886 922 2938 67,
949 2887 1015 2925 11.
