1946 3158
202 101 304 154 136
871 100 1119 142 EUSEBII

152 248 169 270 c
202 214 330 276 κατ’
375 215 547 275 αὐτὸν
598 214 914 291 ἀπορρήτου
966 221 1260 289 θεολογίας
1299 221 1476 274 οἰκεῖα
1522 215 1812 317 τυγχάνει

202 309 281 360 ε”τι
323 301 435 376 μὴν
476 303 567 359 καὶ
608 301 674 358 τά
714 302 840 374 περὶ
880 302 977 371 τῆς
1021 299 1499 375 ἐνανθρωπήσεως
1540 297 1738 371 αὐτοῦ,
1776 297 1812 358 δι’

202 389 293 444 καὶ
327 390 517 462 πρῶτα
551 388 603 454 ἐξ
638 387 824 457 ἑτέρας
855 382 1024 457 λόγου
1054 383 1242 459 ἀρχῆς,
1274 383 1346 452 ὡς
1369 383 1503 460 πρὸς
1527 382 1655 452 τοῦς
1684 382 1813 443 ἀπί·

202 491 396 545 στους,
439 473 573 537 τέως
616 466 789 527 αὐτὸν
832 466 1048 541 βοηθὸν
1090 467 1541 544 ἐπικαλεσάμενοι
1581 469 1677 528 τὸν
1713 474 1813 527 τοῦ

201 562 346 614 θεοῦ
379 554 582 628 λόγον,
617 556 752 629 φέρε
785 552 1231 627 διασκεψώμεθα.
1835 577 1856 610 5

114 1074 184 1116 {m
750 1055 1005 1098 BIBAION
1037 1055 1278 1098 TPITON.

106 1172 176 1214 (87)
344 1146 468 1201 Τῶν
498 1146 921 1219 προλεγομένων
953 1149 1031 1211 εἰς
1071 1143 1172 1218 τὴν
1205 1142 1570 1217 εὐαγγελικὴν
1599 1140 1819 1202 ἀπόδει-

203 1231 289 1297 ξιν
330 1226 618 1302 αὐτάρκως
659 1252 752 1302 μοι
803 1230 1304 1302 γεγυμνασμένων,
1349 1228 1820 1302 ἀποδεδειγμένου

201 1336 262 1371 τε
302 1316 401 1370 τοῦ
447 1310 657 1387 τρόπου
695 1316 790 1386 τῆς
829 1317 929 1370 τοῦ
970 1315 1214 1386 σωτῆρος
1263 1310 1424 1385 ἡμῶν
1463 1311 1820 1387 εὐαγγελικῆς

206 1401 588 1469 διδασκαλίας,
609 1400 704 1470 τῆς
727 1420 787 1455 τε
812 1402 989 1464 αἰτίας
1007 1395 1382 1470 ἀποδοθείσης
1409 1393 1484 1454 δι’
1510 1388 1588 1455 ὦν
1610 1394 1817 1456 τάἹου-
1842 1418 1885 1452 10

206 1487 383 1539 δαίων
403 1479 784 1555 ἀσπασάμενοι
812 1479 969 1555 λόγια
990 1480 1087 1538 τὸν
1107 1478 1230 1539 κατ’
1263 1479 1466 1549 αὐτοὺς
1487 1488 1614 1554 βίον
1639 1505 1821 1558 παρῃ-

117 1563 512 1640 (8ε)τησάμεθα,
543 1567 636 1623 καὶ
667 1571 746 1623 ἔτι
768 1564 904 1642 πρὸς
927 1564 1141 1634 τούτοις
1171 1563 1474 1634 συστάντος
1505 1564 1577 1634 ὡς
1602 1571 1664 1624 αἱ
1689 1588 1820 1642 προ-

206 1651 435 1725 φητικαὶ
467 1648 598 1722 παρ’
646 1648 835 1718 αὐτοῖς
866 1652 1075 1726 γραφαὶ
1117 1653 1496 1726 προλαβοῦσαι
1525 1650 1588 1708 τὸ
1618 1652 1821 1724 μέλλον

203 1739 301 1807 τῆς
323 1732 588 1808 ἡμετέρας
614 1733 706 1792 διά
728 1737 973 1810 Χριστοῦ
997 1736 1296 1808 γενομένης
1317 1732 1560 1808 κλήσεως
1584 1733 1822 1809 ἐμνημό-

206 1838 447 1894 νευσαν,
482 1817 567 1876 διὸ
598 1821 691 1876 καὶ
723 1818 797 1886 ὥς
826 1824 1076 1892 οἰκείων,
1108 1816 1228 1875 ἀλλ’
1265 1817 1367 1876 οὐκ
1389 1816 1696 1893 ἀλλοτρίων
1720 1817 1819 1877 αὖ·
1843 1839 1886 1872 15

206 1909 318 1963 τῶν
348 1902 826 1977 μεταποιούμεθα·
887 1910 1048 1960 καλεῖ
1075 1900 1144 1976 δὴ
1174 1902 1361 1978 καιρὸς
1406 1901 1486 1961 ἐπ’
1525 1900 1700 1977 αὐτὴν
1731 1906 1820 1979 ἐμ-

207 1986 385 2061 βάντα
424 1985 527 2061 τὴν
567 1986 846 2045 ὑπόθεσιν
897 1984 1172 2061 ἄρξασθαι
1222 1992 1335 2045 τῶν
1381 1990 1820 2063 ἐπηγγελμένων.

206 2076 256 2129 2.
290 2077 416 2129 τίνα
449 2071 511 2128 δὲ
543 2063 612 2144 ἦν
642 2077 811 2130 ταῦτα
841 2068 965 2128 ἀλλ’
998 2068 1032 2145 ἢ
1063 2069 1130 2129 τά
1159 2073 1287 2146 περὶ
1316 2078 1412 2145 τῆς
1436 2071 1572 2130 κατὰ
1601 2070 1699 2131 τὸν
1720 2070 1820 2131 ὄιν-

206 2166 443 2231 θρωπον
473 2161 788 2230 οἰκονομίας
811 2154 990 2230 Ἰησοῦ
1029 2162 1126 2214 τοῦ
1156 2163 1400 2232 Χριστοῦ
1441 2162 1540 2215 τοῦ
1570 2162 1731 2230 θεοῦ,
1763 2161 1827 2214 αἵ

206 2265 266 2298 τε
295 2245 407 2298 τῶν
437 2237 566 2316 παρ’
605 2239 877 2316 Ἑβραίοις
917 2247 1220 2316 προφητῶν
1257 2243 1384 2312 περὶ
1424 2246 1519 2314 τῆς
1559 2237 1681 2298 κατ’
1716 2237 1818 2298 αῦ-
1841 2262 1886 2295 20

207 2322 306 2383 τὸν
336 2330 631 2399 θεολογίας
674 2330 1063 2398 διδασκαλίαι,
1104 2326 1195 2382 καὶ
1228 2330 1290 2383 αι
1329 2326 1455 2399 περὶ
1482 2331 1577 2398 τῆς
1609 2330 1688 2393 εἰς
1718 2324 1820 2382 ἀν-

207 2407 475 2510 θρώπους
529 2412 854 2483 ἐπιφανείας
906 2406 1080 2467 αὐτοῦ
1131 2408 1491 2485 προρρήσεις,
1552 2406 1617 2476 ἀς
1668 2406 1820 2486 αῦτω

162 2522 186 2555 b
209 2493 360 2571 μόνω
416 2492 743 2569 ἐφαρμόζειν
795 2498 850 2563 ἐξ
902 2496 1152 2570 ἐναργῶν
1199 2517 1313 2550 των
1363 2490 1820 2568 ἀποτελεσμάτων

212 2576 412 2637 αυτίκα
434 2577 580 2653 μάλα
605 2577 1050 2655 παραστήσομεν,
1074 2583 1295 2652 πρῶτον
1306 2575 1619 2651 ἀναγκαίως
1640 2581 1819 2636 ἐκεῖνο

210 2661 631 2738 θεωρήσαντες,
661 2663 809 2732 ὅπως
840 2667 896 2722 οἱ
921 2668 1198 2738 προφῆται
1227 2659 1330 2735 τὴν
1360 2668 1458 2720 τοῦ
1491 2659 1817 2736 εὐαγγελίου
1840 2681 1884 2716 25

211 2745 436 2820 μνήμην
469 2750 556 2805 ἐπὶ
586 2753 684 2806 τοῦ
717 2754 959 2823 Χριστοῦ
991 2745 1435 2823 παρελάμβανον.

339 2830 376 2886 Ι.
428 2837 538 2889 Τοῦ
583 2834 933 2908 δηλωθέντος
971 2830 1180 2909 μάρτυς
1211 2826 1282 2889 ἂν
1324 2839 1409 2906 εἴη
1442 2828 1681 2909 ῥήμασιν
1711 2826 1817 2888 αὖ·
