1946 3158
226 121 327 172 160
896 124 1145 166 EUSEssn

391 234 583 278 Μοῦνοι
606 236 848 278 Χαλδαῖοι
872 235 1050 290 σοφίην
1075 229 1236 298 λάχον,
1260 227 1341 288 ἠδ’
1369 227 1443 285 ἄρ’
1463 229 1677 298 Εβραῖοι

393 285 537 346 αὖτογ
529 288 747 334 ένεθλον
771 285 971 344 ἄνακτα,
1007 285 1314 344 σεβαζόμενοι
1335 289 1457 334 θεὸν
1481 285 1648 346 ἁγνῶς.

352 371 380 387 ,-

361 385 396 421 ι.
447 371 763 431 Χαλδαίους
806 366 865 422 δε
904 363 1032 430 τούς
1071 361 1271 430 αὐτοὺς
1313 364 1406 422 διά
1453 365 1550 422 τὸν
1584 360 1826 437 Ἀβραὰμ

132 466 197 507 [68]
227 448 531 522 ὠνόμασεν,
567 452 683 505 ἐπεὶ
715 454 992 515 Χαλδαῖος
1021 474 1094 520 ην
1115 449 1175 505 τὸ
1199 451 1377 521 γένος,
1411 475 1483 517 ως
1516 454 1823 520 ἱστορεῖται

225 540 277 590 εἰ
297 533 364 606 δὴ
397 535 501 591 οὐν
533 535 623 589 καὶ
655 533 932 606 πρόπαλαι
964 538 1159 600 παῖδες
1183 531 1454 606 Εβραίων
1483 540 1595 591 τῶν
1628 532 1695 605 δὴ
1726 533 1823 606 μά·
1850 562 1869 594 5

222 627 379 675 λιστα
410 621 502 674 καὶ
533 615 669 690 πρὸς
694 621 805 675 τῶν
835 621 1096 691 χρησμῶν
1139 620 1228 675 ε’πὶ
1270 624 1440 692 σοφίᾳ
1481 641 1826 691 μεμαρτυρη-

177 723 198 755 b
222 704 407 774 μένων
442 704 528 759 ἐπὶ
559 701 732 774 μόνον
772 701 869 759 τὸν
899 702 1124 759 πάντων
1157 700 1495 775 δημιουργὸν
1526 699 1663 760 θεὸν
1696 698 1826 772 άνῆ-

221 811 321 857 γον
350 784 410 843 τὸ
442 789 627 859 σέβας,
658 792 716 844 τί
743 792 832 845 δεῖ
850 787 1079 859 πλάνον,
1095 785 1219 859 οὐχὶ
1251 787 1312 844 δὲ
1326 780 1654 859 θαυμαστὸν
1677 783 1827 842 εὐσε-

221 876 374 942 βείας
409 871 745 928 διδάσκαλον
773 871 1062 945 ὁμολογεῖν
1090 877 1312 944 τοῦτον,
1355 869 1415 937 ὃς
1454 869 1519 927 τά
1550 870 1827 942 πρόπαλαι

218 954 407 1027 μόνοις
436 970 549 1020 τοῖς
579 958 907 1028 θεοφιλέσιν
927 956 1198 1028 Ἑβραίοις
1230 957 1548 1028 ἐγνωσμένα
1579 961 1656 1022 εἰς
1686 952 1829 1011 πάν-
1852 981 1892 1013 10

220 1063 316 1105 τας
347 1038 686 1113 ἀνθρώπους
715 1040 933 1118 ἀοράτῳ
964 1043 1056 1097 καὶ
1089 1042 1264 1116 ἐνθέςο
1309 1039 1541 1112 δυνάμει
1567 1062 1830 1112 ,προαγα-

220 1122 338 1195 γών
371 1125 702 1195 ἐξήπλωσεν,
748 1123 889 1181 ὥστε
929 1126 1119 1197 μηκέτι
1159 1122 1295 1180 κατὰ
1325 1122 1384 1180 τὸ
1425 1124 1664 1181 παλαιὸν
1695 1130 1828 1195 βρα-

221 1221 335 1281 χεῖς
364 1232 518 1274 τινας
549 1211 640 1265 καὶ
672 1206 895 1286 ἀριθμῷ
928 1207 1166 1281 ληπτούς
1196 1206 1371 1280 ὀρθάς
1402 1211 1528 1282 περὶ
1559 1213 1700 1266 θεοῦ
1732 1211 1828 1280 φέ-

222 1317 341 1363 ρειν
374 1291 554 1364 δόξας,
587 1291 726 1349 ἀλλὰ
756 1299 927 1366 μυρία
958 1295 1147 1366 πλήθη
1179 1292 1479 1365 βαρβάρων
1519 1299 1632 1350 τῶν
1661 1293 1829 1348 πάλαι

220 1375 707 1449 θηριωδεστάτων,
740 1385 945 1450 λογίων
974 1403 1032 1435 τε
1064 1380 1156 1434 καὶ
1180 1376 1457 1450 Ἑλλήνων
1487 1375 1743 1449 ἀνδρῶν,
1776 1383 1834 1433 οἳ
1851 1402 1894 1434 15

220 1474 332 1526 τοῖς
365 1469 530 1518 παλαι
562 1460 869 1535 προφήταις
901 1465 992 1519 καὶ
1024 1468 1258 1529 δικαίοις
1281 1460 1554 1533 ἀνδράσιν
1576 1460 1830 1533 εὐσεβεῖν

178 1575 195 1596 c
221 1543 422 1617 ὁμοίως
477 1545 568 1602 διὰ
626 1545 797 1618 μόνης
846 1552 941 1619 τῆς
992 1543 1163 1604 αὐτοῦ
1229 1545 1517 1619 δυνάμεως
1578 1544 1830 1603 ἐπαιδεύ-

219 1639 434 1701 θησαν;
477 1635 524 1686 8.
545 1627 684 1686 άλλά
715 1630 784 1702 δὴ
809 1630 868 1687 τὸ
889 1638 1074 1704 τρίτον
1098 1629 1453 1704 σκεψώμεθα,
1475 1629 1550 1704 μή
1574 1627 1698 1687 ποτ’
1721 1627 1830 1703 ἄρα

219 1711 369 1770 τοῦτ’
403 1707 474 1785 ἧν
506 1713 578 1771 δι’
614 1711 645 1771 ὂ
676 1714 888 1773 πλάνον
919 1713 1091 1773 αὐτόν
1144 1733 1344 1788 φασιν,
1386 1712 1470 1771 ὅτι
1508 1713 1581 1788 μὴ
1613 1720 1827 1786 βουθυ-

220 1804 364 1865 σίαις
406 1799 545 1871 μηδὲ
588 1797 742 1875 ζῴων
780 1798 999 1870 ἀλόγων
1047 1813 1286 1872 σφαγαῖς
1329 1797 1462 1871 μηδ’
1506 1804 1696 1872 αἵμασι
1736 1800 1828 1855 καὶ
1850 1824 1891 1855 20

220 1885 356 1955 πυρὶ
395 1884 534 1954 μηδὲ
575 1897 689 1950 τοῖς
729 1880 836 1939 άπὸ
877 1888 976 1955 γῆς
1029 1882 1513 1955 ἀναθυμιωμένοις
1554 1883 1613 1940 τὸ
1664 1893 1827 1940 θεῖον

219 1969 382 2038 τιμᾶν
406 1964 707 2039 διετάξατο,
728 1966 961 2024 ταπεινά
982 1967 1083 2039 μὲν
1107 1970 1197 2024 καὶ
1217 1966 1399 2039 γεώδη
1430 1972 1603 2024 ταῦτα
1628 1970 1826 2038 καὶτῆς

219 2049 507 2107 ἀθανάτου
538 2049 767 2122 φύσεως
797 2049 1054 2124 οὐδαμῶς
1085 2058 1261 2108 οἰκεῖα
1293 2051 1672 2126 λογισάμενος,
1704 2057 1827 2122 κρί-

219 2157 320 2199 νας
353 2134 414 2190 δὲ
444 2134 622 2207 πάσης
651 2142 856 2202 θυσίας
888 2135 1340 2208 προσηνεστάτην
1372 2139 1464 2194 καὶ
1506 2133 1707 2209 ἡδεῖαν
1752 2136 1825 2192 εἷ-

219 2243 311 2274 ναι
340 2220 418 2294 τῷ
446 2223 564 2294 θεῷ
605 2217 707 2291 τὴν
736 2222 847 2276 τῶν
888 2226 1111 2277 οἰκείων
1155 2224 1393 2278 ἐντολῶν
1449 2219 1820 2293 κατόρθωσιν,
1845 2243 1885 2275 ‘25

222 2301 295 2358 δι’
333 2294 412 2358 ὧν
441 2298 591 2378 αὐτῷ
623 2303 832 2375 σώματι
863 2306 954 2360 καὶ
986 2307 1137 2378 ψυχῇ
1151 2307 1624 2378 κεκαθαρμένους,
1655 2307 1734 2380 νῷ
1766 2327 1824 2359 τε

222 2391 442 2459 διαυγεῖ
470 2390 560 2444 καὶ
595 2386 864 2460 δόγμασιν
895 2387 1185 2459 εὐσεβέσιν
1216 2390 1687 2462 κεκοσμημένους,
1721 2386 1823 2460 τὴν

174 2496 197 2528 d
221 2471 357 2546 πρὸς
396 2469 493 2528 τὸν
531 2471 670 2529 θεὸν
714 2475 1035 2545 ἐξομοίωσιν
1075 2471 1475 2546 ἀπομιμεῖσθαι
1509 2475 1822 2542 ἐδίδασκεν,

223 2553 531 2628 διαρρήδην
581 2554 816 2629 φάσκων
857 2555 1095 2614 “gasaw
1153 2560 1378 2629 τέλειοι,
1441 2554 1511 2624 ὡς
1565 2554 1592 2614 ὁ
1644 2554 1821 2628 πατὴρ

219 2635 378 2712 ’ὑμῶν
400 2638 603 2706 τέλειός
631 2638 825 2699 ἐστιν.”
881 2646 1006 2699 9.ἐί
1037 2641 1104 2713 δὴ
1127 2640 1298 2698 ταῦτά
1321 2666 1401 2708 τις
1426 2638 1702 2713 Ἐλλήνων
1733 2647 1818 2697 αἰ-
1844 2664 1883 2696 30

220 2727 397 2799 τιῷτο,
432 2734 561 2780 ἴστω
602 2750 674 2798 μη
708 2733 844 2799 φίλα
882 2739 995 2792 τοῖς
1025 2731 1247 2792 οἰκείοις
1279 2725 1630 2793 διδασκάλοις
1682 2749 1822 2798 φρο-

334 2863 354 2899 1
379 2861 479 2905 vid,
502 2862 666 2916 Praep.
690 2864 867 2916 Evang.
890 2866 928 2904 9.
953 2877 995 2916 p.
1019 2865 1099 2904 413
1124 2877 1160 2904 o.
1335 2865 1387 2905 28
1419 2864 1582 2906 Matth.
1618 2866 1664 2912 5,
1687 2861 1754 2902 48.
