1946 3158
557 116 862 160 DEMONST.
884 116 1102 159 EVANG.
1131 117 1216 157 111.
1247 119 1287 157 4.
1630 114 1731 166 169

119 257 233 306 ριος
265 234 356 290 καὶ
388 236 602 304 πρῶτος
634 234 724 290 καὶ
748 230 963 304 ἀληθὴς
988 230 1146 306 λόγος
1172 241 1256 305 εἴη
1287 226 1358 290 ὂέν
1387 223 1574 298 οὗτος·
1609 250 1729 289 σκε-

121 316 358 391 ψώμεθα
391 318 451 375 δὲ
481 319 572 374 καὶ
603 316 700 375 τὸν
732 320 1000 375 ἐναντίον.
1075 324 1213 374 ἔστω
1244 315 1350 390 γὰρ
1382 314 1410 374 ὁ
1442 317 1544 389 μὲν
1577 315 1730 373 διδα-

122 410 350 475 σκαλος,
384 405 440 459 οἱ
468 403 529 459 δὲ
558 407 829 476 μαθηταί·
891 399 1004 459 εἷθ’
1040 400 1113 468 ὡς
1154 405 1214 459 ἐν
1253 399 1524 459 ὑποθέσει
1565 399 1850 473 λόγουωιι)

120 485 148 543 ὁ
179 487 280 560 μὲν
310 484 383 559 μὴ
416 484 482 543 τὰ
512 489 922 560 προλελεγμένα
957 488 1282 559 διδασκέτω,
1315 486 1381 543 τὰ
1412 484 1462 543 δ’
1503 489 1732 553 ἐκείνοις

76 597 97 629 5
123 573 373 642 ἐναντία,
417 584 761 645 παρανομεῖν
792 569 1033 643 δηλαδὴ,
1080 574 1172 628 καὶ
1202 569 1457 643 ἀσεβεῖν,
1491 572 1584 628 καὶ
1614 569 1731 628 ἀδι-

120 669 267 729 κεῖν,
302 658 393 712 καὶ
426 664 796 727 πλεονεκτεῖν,
829 657 920 712 καὶ
951 653 1300 729 ἀποστερεῖν,
1333 658 1423 713 καὶ
1456 665 1511 713 εἰ
1534 679 1585 712 τι
1616 658 1730 713 ε’τε-

122 765 221 812 ρον
269 738 441 798 κακὸν
485 744 727 814 λέγοιτο,
773 741 1078 798 λανθάνειν
1123 740 1173 797 δ’
1223 743 1311 797 ἐπὶ
1358 744 1490 797 πᾶσι
1522 738 1733 808 τούτοις

122 824 485 898 σπουδάζειν,
518 827 610 882 καὶ
633 825 694 882 τὸ
718 818 858 897 ἦθος
881 823 1006 898 μαλ’
1046 823 1270 897 εὐφυως
1298 823 1733 898 ἐπικρύπτεσθαι

121 908 464 982 προσχήματι
496 913 698 983 σεμνῆς
726 913 1087 976 διδασκαλίας
1118 914 1210 966 καὶ
1244 907 1532 981 εὐσεβείας
1565 911 1733 982 ἐπαγ-

60 1018 100 1050 10
123 999 279 1070 γελία
310 997 499 1068 καινῇ·
561 999 618 1051 οἱ
645 994 707 1051 δὲ
736 997 910 1051 ταῦτα
939 996 1362 1068 μετερχέσθων,
1396 996 1487 1051 καὶ
1511 991 1576 1051 τὰ
1606 993 1735 1051 τού-

122 1102 233 1134 των
264 1084 341 1135 ἔτι
374 1077 783 1153 μοχθηρότερα,
819 1076 911 1136 διὰ
941 1076 1000 1135 τὸ
1026 1079 1260 1151 προαλὲς
1290 1082 1384 1150 τῆς
1416 1084 1610 1144 κακίας
1642 1080 1734 1135 καὶ

124 1159 527 1220 αὐτοδίδακτον
559 1162 759 1236 αὐτῆς·
809 1165 898 1220 ἐπὶ
928 1165 1068 1236 μέγα
1101 1165 1161 1220 δὲ
1201 1171 1462 1231 πλαστοῖς
1495 1160 1735 1238 ῥήμασιν
1764 1194 1789 1225 ι),

127 1246 468 1320 ἐπαιρόντων
497 1247 594 1306 τὸν
618 1247 976 1318 διδάσκαλον,
1007 1246 1245 1321 μηδενὸς
1277 1252 1522 1318 ψευδοῦς
1545 1246 1738 1321 φειδό-

125 1355 277 1404 μενοι
320 1330 512 1404 λόγου·
581 1331 762 1391 ποὲντα
803 1333 863 1390 δὲ
895 1329 1045 1410 αὐτῷ
1074 1331 1139 1390 τοὶ
1180 1332 1465 1406 παράδοξα
1496 1334 1589 1389 καὶ
1641 1331 1735 1399 τὰς

63 1438 104 1471 15
127 1422 579 1490 θαυματουργίας
619 1420 1020 1491 πεπλασμένως
1061 1416 1510 1490 ἐπιγραφόντων,
1555 1442 1626 1485 ως
1668 1413 1738 1474 ἂν

128 1498 498 1573 θαυμαζοιντο
538 1503 630 1558 καὶ
671 1500 829 1559 αὐτοὶ
860 1503 952 1558 καὶ
983 1508 1396 1575 μακαρίζοιντο,
1438 1498 1527 1559 οἷα
1558 1512 1737 1574 μαθη-

128 1586 216 1641 ταὶ
247 1589 466 1643 τοιοῦδε
497 1589 761 1658 γενέσθαι
791 1584 1098 1659 ἠξιωμένοι.
1161 1590 1246 1642 39.
1281 1588 1417 1659 φέρε
1457 1577 1561 1643 οὖν
1602 1590 1738 1642 ἴδω-

127 1692 230 1742 μεν
271 1675 322 1727 εἰ
358 1676 598 1728 τοιοῖσδε
628 1672 788 1729 οὐσιν
819 1668 1006 1737 αὐτοῖς
1040 1675 1309 1743 συστῆναι
1339 1668 1460 1727 οἷόν
1489 1692 1547 1726 τε
1578 1662 1647 1742 ἧν
1677 1666 1736 1727 τὸ

130 1757 466 1827 ε’πιχειρημα.
540 1779 689 1812 κακω
733 1754 801 1827 δὴ
842 1752 1012 1812 κακὸν
1053 1752 1120 1812 οὕ
1160 1775 1334 1826 φασιν
1374 1755 1518 1812 εἶναι
1549 1759 1738 1827 φίλον,

66 1865 106 1897 20
128 1837 248 1895 ἀλλ’
286 1835 417 1896 οὐδε
447 1837 659 1916 ἀγαθῷ.
722 1839 903 1898 πόθεν
933 1831 1034 1897 οὖν
1067 1842 1126 1897 ἐν
1149 1838 1354 1912 πλήθει
1375 1835 1676 1897 τοσῶνδε’
1645 1864 1740 1895 αν-

131 1928 282 1996 δρων
310 1919 343 1996 ἡ
375 1947 488 1982 των
517 1949 705 1983 κακων
737 1921 961 1999 εὕρηται
985 1931 1314 1998 συμφωνίας
1347 1922 1526 1982 πόθεν
1551 1923 1583 1997 ἡ
1615 1925 1741 1998 περὶ
1771 1958 1791 1981 e

130 2031 242 2065 των
281 2006 468 2066 αὐτων
508 2013 569 2067 ἐν
608 2013 779 2068 πᾶσιν
810 2008 997 2076 αὐτοῖς
1037 2007 1328 2082 ὁμόφωνος
1366 2014 1674 2084 μαρτυρία,
1707 2007 1740 2079 ἡ

131 2094 286 2166 μέχρι
330 2092 582 2151 θανατου
627 2092 1015 2168 ὁμοφροσύνης
1057 2091 1223 2167 ανδρὶ
1266 2093 1328 2151 δε
1370 2092 1525 2166 γόητι
1555 2091 1742 2150 τοιαδε

134 2176 454 2235 διδασκοντι
485 2181 576 2236 καὶ
606 2178 792 2237 τοιαδε
826 2180 1280 2256 ἐπαγγελλομένω
1311 2184 1392 2244 τίς
1422 2203 1491 2236 αν
1514 2175 1616 2250 τὴν
1647 2202 1741 2251 αρ-

71 2287 111 2320 25
133 2264 236 2336 χὴν
279 2266 547 2337 προσέσχε
587 2264 684 2322 τὸν
722 2288 891 2334 νουνς
938 2273 1112 2331 εἴποις
1152 2259 1221 2321 ἄν
1250 2260 1334 2320 ὅτι
1364 2260 1556 2363 γόητες
1587 2260 1743 2318 αλλοι

133 2352 230 2405 τοῦ
261 2352 584 2421 καθηγητοῦ
617 2345 738 2406 κατ’
774 2345 959 2406 ουδέν.
1002 2340 1089 2422 αρ’
1127 2339 1229 2406 οὐν
1252 2352 1371 2405 οἵδε
1401 2345 1461 2404 τὸ
1491 2349 1644 2412 τέλος
1676 2344 1742 2403 οὐ

136 2431 562 2505 συνεωράκεσαν
600 2457 699 2490 του
733 2431 1073 2490 διδασκαλου
1105 2435 1197 2489 καὶ
1236 2437 1336 2489 οἴω
1373 2434 1603 2504 κέχρητο
1633 2440 1743 2487 θα-

135 2513 311 2591 νάτῳς
342 2524 396 2573 τί
419 2520 554 2590 δῆτα
583 2509 686 2576 οὐν
717 2519 809 2574 καὶ
839 2516 975 2590 μετὰ
998 2515 1057 2574 τὸ
1081 2525 1365 2589 αἴσχιστον
1390 2518 1568 2573 ἐκεῖνο
1591 2516 1744 2580 τέλος

137 2597 308 2655 αὐτοῦ
348 2603 642 2676 ἐπέμενον,
683 2600 779 2659 τὸν
821 2606 880 2659 ἐν
910 2615 1127 2675 νεκροῖς
1156 2602 1582 2672 θεολογοῦντες,
1628 2595 1661 2670 ἢ
1692 2603 1750 2655 τί

75 2709 116 2741 30
139 2681 246 2753 ἄρα
276 2688 613 2758 ποθοῦντες,
653 2685 719 2743 τὰ
765 2695 856 2743 ἴσα
886 2696 1122 2754 παθεῖνς
1164 2687 1255 2742 καὶ
1294 2689 1376 2751 τίς
1406 2681 1613 2741 πώποτ’
1654 2679 1740 2739 ἐπ’

138 2763 329 2824 οὐδενὶ
358 2767 502 2846 λόγῳ
532 2769 814 2844 πρόδηλον
855 2773 1028 2828 ἕλοιτο
1060 2765 1130 2827 ἂν
1159 2767 1420 2842 τοιαύτην
1450 2774 1744 2839 τιαωρίανς

139 2855 220 2908 40.
238 2853 328 2907 καὶ
350 2850 460 2925 μὴν
483 2852 738 2913 δεδόσθω
761 2860 926 2929 τιμᾶν
956 2852 1126 2912 αὐτὸν
1148 2852 1391 2912 συνόντα
1414 2859 1494 2910 ἔτι
1518 2854 1609 2909 καὶ
1641 2850 1746 2909 σὺν
1770 2878 1792 2910 α
