1992 3186
554 101 862 145 DEMONST.
892 100 1112 145 EVANG.
1143 101 1200 142 X.
1232 105 1270 142 3.
1619 100 1732 153 *639

122 223 282 290 ρωθῇ
306 215 365 274 τὸ
388 221 482 290 τῆς
507 223 871 290 προφητείας
916 215 1006 274 ότε
1027 215 1236 288 κλήρου
1256 213 1584 290 γενομένου
1588 216 1730 276 ἔπε-

122 320 220 359 σεν
249 298 278 358 ὁ
304 305 502 374 κλῆρος
528 305 616 358 ἐπὶ
635 309 922 374 Ματθίαν,
955 304 1047 358 καὶ
1071 309 1573 374 συγκατεψηφίσθη
1596 301 1731 374 μετα
1758 327 1779 359 b

119 391 233 442 τῶν
265 385 482 442 δώδεκα
513 383 869 443 αποστόλων,
952 384 1162 443 τούτων
1179 383 1354 451 οὕτως
1381 388 1730 444 ἐκτελεσθέν-

117 494 230 527 των
259 469 575 527 ἀκόλουθον
604 466 675 528 ἂν
707 479 790 542 εἴη
835 468 894 527 τὸ
925 472 1088 543 λέγον
1120 475 1180 527 ἐν
1209 474 1285 545 τῷ
1323 474 1532 546 Ψαλμςό
1564 469 1731 542 πρόσ-

77 578 274 611 5ωπον
314 553 416 628 ούχ
465 559 655 625 ἕτερον
704 550 963 627 ἡγεῖσθαι
1015 558 1113 612 τοῦ
1164 557 1407 627 σωτῆρος
1446 554 1630 628 ἡμῶν,
1671 579 1731 623 ος

116 642 192 714 τῷ
234 642 398 709 πατρὶ
438 637 540 711 τὴν
580 638 1047 712 ἀναπεμφθεῖσαν
1098 636 1247 712 αὐτῷ
1301 637 1448 711 παρα
1497 637 1592 696 τὸν
1631 643 1729 696 τοῦ

117 722 335 788 πάθους
375 723 569 795 καιρὸν
611 721 781 796 εὐχὴν
821 729 914 795 τῆς
957 722 1049 780 διὰ
1087 748 1184 780 του
1225 722 1388 795 ἁγίου
1419 723 1731 796 πνεύματος

116 804 442 879 ἀναγραφῆς
474 806 771 879 προλαβών
801 811 1119 878 κατηξίωσε,
1151 807 1210 864 τὸ
1240 811 1441 880 μέλλον
1469 811 1596 881 περὶ
1627 833 1731 865 αυ-

117 895 217 948 τοῦ
258 892 652 964 συμβήσεσθαι
693 900 983 958 θεσπίσας.
1055 897 1102 949 5.
1137 895 1311 965 φησὶν
1356 884 1461 950 οὖν
1492 889 1558 949 “ὁ
1598 891 1730 959 θεὸς

53 1002 95 1034 10
117 975 219 1047 τὴν
248 985 466 1033 αἴνεσίν
495 1001 602 1049 μου
632 975 706 1050 μὴ
749 974 1244 1051 παρασιωπήσῃς,”
1281 976 1382 1048 τὴν
1421 973 1519 1033 ὑπ’
1555 970 1732 1034 αυτοῦ

118 1066 539 1130 παραδοθεῖσαν
570 1076 682 1128 τοῖς
713 1057 887 1118 αὑτοῦ
931 1072 1207 1134 μαθηταῖς
1241 1065 1607 1118 διδασκαλίαν
1637 1063 1729 1118 καὶ

116 1148 212 1216 τῆς
236 1148 429 1214 καινῆς
456 1144 728 1218 διαθήκης
752 1145 853 1219 τὴν
876 1155 1091 1203 αἴνεσιν
1107 1151 1446 1215 παρακαλῶν
1468 1146 1542 1219 μὴ
1566 1169 1727 1202 κατα-
1759 1182 1778 1204 c

118 1233 486 1302 σιγασθῆναι,
537 1228 675 1287 ἀλλὰ
716 1233 806 1287 καὶ
858 1236 935 1296 εἰς
982 1228 1079 1287 τὸν
1121 1232 1242 1300 ἑξῆς
1294 1227 1510 1287 ἅπαντα
1550 1230 1728 1287 αι’ὦνα

116 1329 453 1387 παραμεῖναι
476 1320 551 1390 τῷ
575 1321 695 1390 βίῳ.
741 1320 788 1371 6.
808 1313 980 1387 στόμα
1006 1315 1067 1372 δὲ
1090 1313 1416 1387 ἆμαρτωλοῦ
1441 1316 1531 1371 καὶ
1555 1313 1728 1387 στόμα

55 1421 95 1454 15
121 1403 311 1454 δολίου
353 1409 557 1471 κυρίως
594 1396 664 1455 ἂν
704 1405 928 1472 λεχθείη
976 1399 1031 1456 τὸ
1059 1403 1157 1456 τοῦ
1183 1395 1388 1471 Ἰούδα,
1428 1394 1486 1465 ὃς
1528 1421 1727 1470 πορευ-

115 1485 240 1548 θεὶς-
270 1482 404 1554 πρὸς
434 1483 561 1550 τούς
595 1481 867 1556 ἀρχιερεῖς
899 1484 1052 1541 εἶπεν
1083 1479 1270 1549 αὐτοῖς
1293 1479 1387 1539 “⁷:15
1413 1485 1611 1539 θέλετέ
1634 1507 1727 1555 μοι

119 1571 343 1636 δοῦναι,
377 1564 527 1640 κάγώ
559 1564 694 1641 ὑμῖν
725 1567 1040 1638 παραδώσω
1073 1564 1270 1636 αὕτόνς
1312 1572 1367 1623 οἱ
1396 1568 1455 1623 δὲ
1489 1574 1727 1638 ἔστησαν

118 1648 267 1707 αὐτῶ
298 1676 590 1722 τριακοντα
622 1656 907 1724 στατῆρας.
951 1654 1040 1708 καὶ
1067 1650 1173 1708 ἀπὸ
1196 1650 1318 1708 τότε
1344 1650 1515 1722 ἐζήτει
1540 1649 1727 1708 εὐκαι-

119 1744 275 1809 ρίαν,
319 1741 412 1792 ἴνα
454 1734 626 1793 αὐτὸν
669 1740 903 1813 παραδῷ
945 1733 1150 1802 αὐτοῖς.
1237 1740 1281 1791 7.
1325 1739 1550 1792 τοιαῦτα
1590 1738 1728 1808 γοῦν

55 1842 95 1875 20
119 1816 240 1876 κατ’
275 1816 449 1876 αυτοῦ
478 1823 850 1892 συνθέμενος,
892 1818 969 1886 εἷς
1003 1821 1070 1890 ήν
1101 1844 1214 1876 των
1254 1818 1387 1892 μετὰ
1419 1825 1590 1876 ταῦτα
1621 1819 1728 1876 σὺν

119 1902 270 1980 αὐτῷ
302 1903 682 1977 ἀνακειμένων
727 1909 784 1961 ἐν
814 1909 889 1980 τῷ
929 1910 1028 1961 τοῦ
1060 1924 1242 1976 πασχα
1274 1912 1598 1980 συμποσίῳ,
1638 1902 1728 1961 ότε

51 2056 63 2074 l
118 1991 209 2044 καὶ
243 1987 406 2056 αὐτὸς
437 1986 464 2046 ὁ
497 1989 679 2061 σωτὴρ
711 1985 869 2062 ἡμῶν
892 1985 1178 2045 “οἰνέκειτο
1195 1988 1329 2060 μετὰ
1351 2012 1464 2044 των
1490 1987 1728 2060 δώδεκα,

119 2072 425 2130 ἐσθιόντων
467 2097 525 2130 τε
568 2073 754 2130 αὐτῶν
798 2073 954 2131 εἶπεν
977 2070 1161 2147 “ἆμήν
1201 2068 1348 2145 ἀμήν
1388 2075 1527 2144 λέγω
1569 2068 1726 2144 υμῖν,
1753 2098 1776 2130 d

117 2155 200 2213 ὅτι
242 2153 319 2222 εἷς
363 2160 416 2225 ἐξ
457 2154 618 2230 ὑμῶν
657 2157 978 2228 παραδώσει
1019 2181 1099 2231 με.
1174 2162 1220 2215 8.
1255 2159 1345 2213 καὶ
1389 2155 1725 2230 λυπούμενοι

55 2264 97 2296 25
119 2239 340 2315 σφόδρα
381 2240 615 2314 ἤρξαντο
655 2245 838 2315 λέγειν
886 2246 1110 2309 ἕκαστος
1162 2237 1372 2311 αὐτῶν,
1414 2239 1489 2314 μή
1527 2265 1577 2296 τι
1621 2238 1728 2311 ἐγώ

122 2333 260 2398 εἰμι,
303 2324 526 2399 κύριε;”
570 2331 630 2384 ἐν
674 2325 756 2394 οἷς
796 2319 865 2398 ἦν
909 2329 1000 2383 καὶ
1034 2325 1276 2396 Ἰούδας,
1323 2322 1381 2391 ὃς
1422 2324 1482 2380 τὸ
1522 2328 1726 2394 πλῆρες

121 2409 324 2476 παντὸς
366 2412 531 2468 δόλου
578 2413 668 2467 καὶ
712 2417 995 2478 εἰρωνείας
1036 2409 1256 2477 ἀνοίξας
1294 2406 1465 2479 στόμα
1496 2405 1728 2477 ἀποκρι-

119 2496 244 2558 θεὶς
277 2493 461 2564 εἶπεν,
494 2493 568 2566 μή
600 2520 650 2550 τι
683 2493 788 2566 ἐγώ
820 2500 928 2566 εἰμι
951 2493 1169 2564 Ῥαββίς
1214 2491 1400 2548 δόλιον
1431 2490 1500 2563 δὴ
1533 2490 1723 2563 στόμα,

125 2576 196 2633 δι’
234 2601 300 2634 ου
330 2577 389 2634 τὸ
421 2584 663 2648 σημεῖον
677 2593 790 2644 τοῖς
825 2578 1135 2646 ἐπιβούλοις
1166 2579 1265 2633 τοῦ
1295 2579 1535 2647 σωτῆρος
1568 2574 1726 2647 ἡμῶν

593 2659 662 2682 (ΕΠ

58 2685 99 2717 30
124 2660 352 2734 ἐδήλου,
394 2667 572 2734 λέγων
631 2687 696 2720 ον
729 2662 822 2719 ἐὰν
862 2660 1108 2734 φιλήσω,
1140 2659 1305 2727 αὐτός
1338 2664 1479 2732 ἐστι,
1522 2657 1725 2734 κρατή·
1749 2684 1836 2727 [296]

238 2858 261 2894 2
293 2856 394 2899 Act.
420 2858 454 2905 1,
479 2858 545 2897 26.
708 2859 760 2897 23
793 2856 956 2896 Matth.
979 2858 1046 2907 26,
1069 2858 1137 2898 21.
1289 2857 1342 2896 30
1372 2854 1536 2896 Matth.
1561 2853 1629 2906 26,
1653 2855 1722 2896 48.

1432 2958 1445 2982 l
