1992 3186
223 137 327 190 502
889 137 1138 179 EUSEBII

110 277 199 318 (373)
224 253 468 329 σάμενοι,
502 252 749 310 καθόλου
775 253 834 309 δὲ
865 250 898 324 ἡ
923 258 1021 310 τοῦ
1047 249 1226 311 Ἰούδα
1251 251 1399 326 φυλὴ
1430 253 1631 321 παντὸς
1663 276 1830 328 προε-

224 342 406 397 στῶσα
436 341 534 395 τοῦ
564 344 782 403 ἔθνους.
835 340 916 394 38.
951 342 1354 410 παραδείγματι
1380 339 1438 394 δὲ
1469 341 1736 413 καταδέξῃ
1768 339 1828 396 τὸ

224 424 527 497 εἰρημένον.
602 417 674 488 ῶς
715 420 820 494 γὰρ
863 423 953 477 ἐπὶ
992 424 1087 492 τῆς
1120 417 1399 493 Ῥωμαίων
1438 420 1606 495 ἀρχῆς
1645 423 1829 495 οἱμὲν

222 506 340 564 κατ’
387 511 551 573 ἔθνος
593 508 884 578 ἐπίτροποί
916 529 974 562 τε
1015 506 1107 561 καὶ
1146 504 1470 578 ἡγούμενοι,
1513 513 1746 579 ἕπαρχοί
1770 530 1828 564 τε

221 592 312 647 καὶ
345 587 833 662 στρατοπεδάρχαι,
867 594 924 645 οἵ
948 611 1007 646 τε
1029 587 1254 646 πάντων
1277 585 1537 646 ἀνωτάτω
1562 595 1826 662 βασιλεῖς,
1852 608 1872 640 5

220 671 287 730 ού
321 673 521 739 πάντες
570 676 629 730 ἐκ
658 678 752 746 τῆς
785 672 1066 746 Ῥωμαίων
1105 672 1384 746 ὁρμῶνται
1423 672 1660 745 πόλεως,
1701 671 1825 730 οὐδ’

219 752 327 815 άπὸ
357 762 452 830 τῆς
476 754 682 831 Ῥώμου
706 759 798 814 καὶ
819 756 1096 830 Ῥωμύλου
1118 760 1343 831 σπορᾶς,
1375 755 1494 813 ἀλλ’
1534 759 1592 814 ἐκ
1613 762 1833 831 μυρίων

220 841 383 908 ἄλλος
424 840 667 901 ἄλλοθεν
709 845 927 913 ἐθνῶν,
970 840 1116 914 ὅμως
1159 842 1221 898 δὲ
1260 846 1318 898 οἱ
1356 839 1555 907 πάντες
1586 847 1831 914 βασιλεῖς

219 950 279 983 τε
319 929 411 983 καὶ
450 931 507 983 οἰ
542 923 665 1000 μετ’
710 923 912 992 αὐτοὺς
951 923 1211 1000 ἄρχοντες
1252 928 1343 982 καὶ
1391 922 1690 998 ἡγούμενοι
1728 925 1832 998 τὴν

211 1007 493 1083 Ῥωμαίων
525 1008 922 1085 ἐπιγράφονται
952 1015 1355 1084 προσηγορίαν,
1379 1007 1660 1082 Ῥωμαίων
1682 1033 1740 1067 τε
1770 1008 1830 1066 τὸ
1854 1028 1894 1060 10

222 1094 418 1168 κράτος
462 1093 883 1167 ἐπωνόμασται,
925 1096 1016 1151 καὶ
1058 1092 1259 1166 ταύτης
1305 1095 1526 1166 ἐξῆπται
1557 1099 1653 1165 τῆς
1687 1097 1832 1150 ἐπω-

173 1201 195 1231 b
220 1185 420 1252 νυμίας
450 1174 484 1251 ἡ
515 1177 763 1236 καθόλου
805 1176 1030 1236 πάντων
1070 1176 1235 1252 ἀρχή·
1291 1175 1388 1235 τὸν
1427 1174 1596 1234 αὐτὸν
1625 1176 1832 1249 τρόπον

221 1266 313 1320 καὶ
355 1264 444 1320 ἐπὶ
484 1267 597 1320 τῶν
637 1261 768 1319 καθ’
811 1261 1101 1335 Ἑβραίους
1144 1260 1247 1335 χρὴ
1278 1274 1435 1319 νοεῖν
1475 1259 1830 1334 πραγμάτων,

220 1353 345 1420 μιᾶς
390 1348 492 1420 μὲν
535 1345 781 1403 καθόλου
825 1351 920 1418 τῆς
965 1350 1064 1403 τοῦ
1102 1344 1283 1402 Ἰούδα
1328 1351 1508 1418 φυλῆς
1554 1343 1688 1402 κατὰ
1733 1346 1833 1402 τοῦ

221 1429 424 1497 παντὸς
454 1436 658 1497 ἔθνους
691 1431 1226 1503 ἐπιπεφημισμένης,
1267 1435 1380 1486 τῶν
1412 1430 1473 1486 δὲ
1504 1428 1640 1485 κατὰ
1669 1431 1830 1502 μέρος
1855 1445 1894 1478 15

219 1514 546 1588 ἡγουμένων
586 1538 645 1571 τε
684 1516 777 1571 καὶ
816 1516 1091 1586 βασιλέων
1133 1517 1191 1571 ἐκ
1232 1512 1519 1587 διαφόρων
1561 1522 1831 1570 καθιστα-

218 1602 403 1671 μένων
435 1602 661 1672 φυλῶν,
695 1597 944 1656 καθόλου
978 1599 1038 1655 δὲ
1067 1602 1134 1671 τῇ
1175 1602 1272 1655 τοῦ
1296 1596 1479 1655 Ἰούδα
1508 1598 1833 1670 τιμωμένων

219 1689 576 1758 προσηγορίᾳ.
648 1684 897 1755 λεγέσθω
927 1688 1122 1740 τοίνυν
1152 1678 1225 1749 ῶς
1265 1679 1400 1755 πρὸς
1429 1681 1530 1753 τὴν
1559 1679 1696 1753 ὅλην
1725 1705 1830 1753 φυ-

220 1765 324 1839 λὴν
353 1764 461 1824 ὑπὸ
501 1769 603 1824 τοῦ
632 1765 920 1840 προφήτου
950 1765 1010 1824 τὸ
1035 1762 1066 1783 “
1079 1763 1274 1837 Ἰούδα,
1321 1767 1383 1822 σὲ
1414 1767 1738 1822 αἰνέσαισαν
1777 1767 1833 1820 οἱ

220 1849 457 1924 ἀδελφοί
478 1848 629 1908 σου.”
673 1855 756 1908 39.
773 1851 891 1908 οἶδε
905 1850 1009 1924 γὰρ
1035 1847 1212 1921 αὐτὴν
1234 1849 1328 1905 ἅτε
1348 1854 1649 1921 προνομίας
1673 1844 1828 1919 ἠξιω-
1853 1865 1894 1898 20

221 1938 396 2007 μένην
435 1934 541 2008 πρὸ
572 1938 684 1992 τῶν
723 1940 933 1991 λοιπῶν
963 1936 1160 2005 φυλῶν
1188 1935 1543 2004 τετιμῆσθαι,
1587 1933 1678 1988 καὶ
1711 1932 1829 1988 ἐπεὶ

224 2022 449 2090 ἐξῆρχεν
496 2022 556 2074 ἐν
596 2019 879 2089 πολέμοις,
932 2019 1023 2073 καὶ
1064 2015 1204 2088 μόνη
1243 2017 1342 2072 τοῦ
1382 2014 1585 2082 παντὸς
1626 2021 1831 2081 ἔθνους

181 2134 198 2156 c
222 2097 406 2173 ἡγεῖτο
440 2103 499 2157 ἐν
528 2114 646 2166 ταῖς
677 2099 812 2173 πρὸς
843 2099 971 2165 τοὺς
1004 2097 1239 2172 ἐχθρούς
1270 2097 1658 2173 παρατάξεσιν,
1692 2097 1830 2155 εἰκό-

107 2207 198 2249 [232]
222 2209 327 2253 τως
361 2186 665 2256 ἐπιλέγεται
696 2183 831 2254 πρὸς
862 2180 1038 2255 αὐτὴν
1059 2179 1162 2239 “aff
1188 2186 1363 2256 χεῖρές
1395 2201 1496 2239 σου
1530 2185 1617 2239 ἐπὶ
1648 2181 1830 2239 νώτου

222 2274 334 2326 τῶν
367 2272 586 2342 ἐχθρῶν
616 2264 772 2325 σου.”
823 2268 937 2323 εἶτα
964 2265 1054 2323 διά
1078 2266 1136 2323 τὸ
1168 2266 1395 2339 ἀρχικὸν
1426 2268 1516 2322 καὶ
1542 2263 1830 2336 βασιλικὸν
1852 2282 1893 2314 25

223 2349 719 2426 άξίωμα“σκυ’μνος
734 2348 978 2418 λέοντος”
1007 2350 1149 2408 εἶναι
1173 2352 1400 2422 λέγεται.
1455 2354 1537 2406 40.
1560 2347 1834 2421 σεμνυνό-

223 2460 385 2509 μενος
418 2438 479 2493 δὲ
508 2435 536 2493 ὁ
568 2435 865 2510 προπάτωρ
895 2431 1036 2508 ὁμοῦ
1064 2436 1154 2491 καὶ
1186 2433 1470 2507 προφήτης
1504 2435 1591 2490 ἐπὶ
1632 2436 1709 2509 τῷ
1737 2436 1832 2504 τῆς

224 2525 404 2593 φυλῆς
446 2519 708 2593 ἀξιώματι
748 2525 1082 2592 προστίθησι
1123 2520 1300 2590 λέγων
1323 2514 1422 2574 “ἐκ
1463 2521 1703 2590 βλαστοῦ
1744 2518 1837 2573 υἱέ

225 2628 331 2676 μου
362 2601 610 2676 ἄνέβης.”
648 2601 806 2661 41.τὸ
833 2604 892 2660 δὲ
915 2599 1248 2661 (Ἥναπεσῶν
1273 2600 1570 2675 ἐκοιμήθης
1595 2599 1667 2667 ῶς
1690 2602 1834 2656 λέων

226 2691 318 2744 καὶ
350 2686 421 2755 ῶς
453 2686 694 2760 σκύμνος
725 2684 979 2753 λέοντος”
1013 2686 1073 2743 τὸ
1102 2689 1314 2758 γαῦρον
1337 2682 1476 2758 ὁμοῦ
1498 2687 1587 2741 καὶ
1618 2694 1828 2758 θαρσα-
1852 2705 1894 2737 3ο

227 2773 352 2827 λέον
394 2773 486 2827 καὶ
525 2771 585 2828 τὸ
623 2775 735 2829 τῶν
775 2774 986 2839 ἔξωθεν
1017 2769 1285 2827 ἐπιόντων
1322 2767 1741 2840 ἀκατάπληκτον
1769 2765 1829 2824 τό

224 2877 285 2910 τε
306 2851 522 2927 ἄφοβον
545 2857 760 2911 καὶτῶν
782 2858 1001 2928 ἐχθρῶν
1022 2851 1497 2928 καταφρονητικὸν
1518 2857 1827 2927 παρίστησι.
