1992 3186
241 138 345 189 436
915 139 1166 179 EUSEBII

242 253 480 358 δάμαλιν
521 258 671 325 βοῶν
714 251 936 318 εἰκότως
966 249 1259 326 ἀποκαλεῖ,
1302 252 1617 327 γεννήματα
1646 261 1853 311 τελειο-
1911 264 1913 266 ’

239 342 415 412 τέρων
445 342 595 410 βοῶν
624 336 1017 410 τυγχάνοντας,
1049 334 1163 403 οἷος
1189 335 1353 403 αὐτὸς
1384 329 1454 408 ἦν
1477 334 1505 394 ὁ
1529 334 1850 410 ἀπόστολος,

240 424 365 495 περὶ
400 424 603 478 ἑαυτοῦ
634 424 725 478 καὶ
766 423 877 478 τῶν
919 428 1315 494 παραπλησίως
1346 420 1500 498 αὐτῷ
1528 421 1852 525 καμνόντων

240 502 453 578 λέγων
457 501 552 578 μὴ
573 511 684 562 τῶν
707 508 858 577 βοοῖν
883 507 1035 577 μέλει
1057 530 1132 582 τω
1115 502 1338 580 θεῷ;”
1371 502 1404 577 ἢ
1430 503 1503 562 δι’
1540 502 1678 579 ἡμας
1709 506 1852 563 πάν-

129 614 217 655 (324)
241 614 345 656 τως
376 591 550 661 λέγει,
600 595 680 647 76.
717 598 801 662 εἰή
845 590 906 646 δε
945 615 1014 647 αν
1045 592 1137 646 καὶ
1168 593 1280 647 πᾶν
1317 589 1377 646 τὸ
1408 589 1584 663 τάγμα
1615 594 1728 647 τῶν
1756 594 1851 662 τῆς
1874 615 1894 647 5

242 678 531 745 ἐκκλησίας
572 692 965 747 προεστωτων,
1008 672 1183 747 ἀροῦν
1222 698 1281 731 τε
1323 675 1417 730 καὶ
1459 688 1727 746 γεωργειν
1756 674 1852 741 τὰς

238 763 350 815 τῶν
374 756 695 831 ἀνθρώπων
715 758 892 832 ψυχὰς
918 760 1426 832 ἐγκεχειρισμένων,
1455 757 1685 830 δάμαλις
1717 782 1852 815 ωνο-

238 845 490 916 μασμένη
522 846 701 915 βοῶν,
742 841 1060 916 γεννήματα
1090 841 1451 916 τυγχάνουσα
1480 846 1593 899 τῶν
1622 841 1852 899 ἀποστο-

238 931 410 984 λικων
439 926 662 1000 τρόπων
687 951 746 984 τε
769 929 859 984 καὶ
891 926 1255 999 μαθημάτων,
1287 934 1344 983 οἳ
1365 929 1457 983 καὶ
1483 933 1560 992 εἰς
1590 932 1854 984 τοσοῦτον

240 1010 436 1085 ἀρετῆς
471 1010 764 1068 ἐπιδώσειν
796 1014 1048 1083 λέγονται
1090 1010 1163 1076 ὡς
1205 1015 1265 1068 ἐκ
1298 1018 1631 1083 πολυγονίας
1661 1014 1851 1068 τοσοῦ·
1875 1038 1916 1069 10

240 1121 337 1154 τον
369 1095 787 1170 προβάλλεσθαι
828 1094 1060 1168 γόνιμον
1091 1098 1182 1152 καὶ
1215 1093 1438 1167 λογικὸν
1468 1109 1587 1160 ταῖς
1619 1101 1854 1166 εἰσαγω-

241 1194 420 1252 γικαῖς
463 1186 845 1245 διδασκαλίαις
885 1178 1053 1253 γάλα,
1102 1178 1174 1247 ὡς
1215 1181 1306 1236 καὶ
1347 1181 1566 1250 ἑτέρους
1618 1185 1854 1252 μυρίους

241 1267 551 1337 τρέφεσθαι
585 1267 636 1332 ἐξ
669 1262 871 1321 αὐτῶν.
938 1269 1017 1321 77.
1051 1261 1264 1321 τούτων
1299 1264 1360 1319 δὲ
1391 1265 1516 1335 πέρι
1545 1269 1656 1320 τῶν
1687 1287 1850 1319 κατα-

194 1373 217 1404 b
243 1352 591 1422 λειφθέντων
625 1350 712 1405 ἐπὶ
743 1353 838 1420 τῆς
869 1354 968 1419 γῆς
998 1350 1388 1420 γενησομένων
1420 1345 1607 1419 ἕτερόν
1637 1371 1688 1403 τι
1720 1365 1855 1420 συμ-

242 1432 519 1505 βήσεσθαι
560 1436 619 1489 ἐν
659 1436 725 1506 τῇ
767 1429 942 1507 ἡμέρα
985 1436 1197 1505 ἐκείνῃ,
1242 1435 1412 1503 δῆλον
1455 1432 1515 1488 δὲ
1553 1430 1635 1488 ὅτι
1679 1434 1738 1488 ἐν
1777 1433 1852 1507 τῷ
1877 1456 1918 1488 15

243 1517 424 1594 χρόνῳ
454 1521 549 1589 τῆς
579 1520 679 1574 τοῦ
703 1513 1049 1589 Ἐμμανουήλ
1073 1523 1399 1591 παρουσίας,
1433 1528 1852 1587 προαναφωνεῖ·

243 1609 298 1658 τί
317 1603 376 1658 δὲ
397 1606 584 1671 τοῦτο;
610 1597 640 1620 “
651 1606 755 1667 πᾶς
777 1599 960 1673 τόπος,
985 1602 1142 1673 φησὶ,
1173 1604 1273 1658 τοῦ
1297 1605 1356 1657 ἐκ
1379 1603 1673 1673 περιτομῆς
1697 1602 1854 1671 λαοῦ,

247 1683 337 1759 ἐφ’
374 1677 444 1742 οὗ
474 1678 617 1758 ἦσαν
648 1691 816 1758 χίλιαι
846 1683 1079 1758 ἄμπελοι
1118 1692 1313 1758 χιλίων
1343 1692 1578 1756 σίκλων,
1621 1690 1700 1750 εἰς
1731 1685 1858 1756 χέρ-

247 1791 346 1828 σον
380 1776 599 1827 ἔσονται
640 1771 731 1826 καὶ
774 1776 851 1836 εἰς
896 1768 1169 1827 ἄκανθαν.
1237 1766 1371 1841 μετὰ
1402 1768 1506 1840 γὰρ
1537 1770 1733 1839 βέλους
1765 1769 1858 1822 καὶ

246 1853 571 1927 τοξεύματος
605 1853 1009 1911 εἰσελεύσονται
1043 1857 1171 1924 ἐκεῖ,
1205 1853 1403 1925 (δῆλον
1435 1849 1484 1907 δ’
1512 1849 1593 1907 ὅτι
1615 1856 1672 1908 οἶ
1699 1852 1855 1907 πολέ-
1879 1878 1921 1910 20

247 1938 384 2011 μιοι)
418 1936 500 1995 ὅτι
542 1941 733 2012 χέρσος
772 1940 864 1994 καὶ
895 1935 1116 1993 ἄκανθα
1148 1941 1300 1992 ἔσται
1330 1939 1478 1992 πᾶσα
1520 1933 1553 2005 ἡ
1584 1932 1709 2007 γῆ.”
1773 1939 1854 1992 78.

248 2025 339 2078 καὶ
377 2024 483 2079 θέα
524 2046 587 2093 γε
630 2019 732 2077 ὅσα
775 2025 835 2077 ἐν
863 2023 931 2093 τῇ
961 2019 1136 2093 ἡμέρα
1166 2023 1265 2076 τοῦ
1288 2017 1654 2092 Ἐμμανουὴλ,
1689 2018 1856 2091 (λέγω

251 2106 312 2162 δὲ
346 2109 404 2161 ἐν
433 2109 509 2181 τῷ
538 2108 632 2176 τῆς
663 2101 931 2175 ἀνατολῆς
962 2107 1134 2179 καιρῷ
1162 2106 1262 2160 τοῦ
1293 2108 1517 2175 λογικοῦ
1549 2101 1730 2175 φωτὸς
1759 2105 1860 2160 τοῦ

199 2225 216 2246 c
253 2189 343 2245 διὰ
381 2193 479 2246 τοῦ
519 2192 761 2261 σωτῆρος
799 2184 956 2260 ἡμῶν
997 2194 1072 2253 εἰς
1113 2186 1321 2254 πάντας
1361 2185 1696 2261 ἀνθρώπους
1739 2190 1858 2244 ε’πι-

249 2272 589 2346 λάμψαντος)
623 2275 748 2344 περὶ
778 2270 837 2328 τό
868 2270 1155 2328 Ἰουδαίων
1186 2278 1350 2338 ἔθνος
1380 2278 1609 2328 ἔσεσθαι
1638 2267 1665 2326 ὁ
1698 2269 1856 2342 λόγος
1880 2297 1922 2329 25

249 2365 519 2427 θεσπίζει·
572 2355 834 2429 δυνάμεις
851 2380 908 2413 τε
938 2353 1287 2428 ἀκαθάρτους
1319 2358 1410 2412 καὶ
1441 2351 1734 2427 πολεμικάς
1763 2351 1858 2419 τοὶς

250 2442 418 2502 πάλαι
460 2445 519 2499 ἐν
560 2455 673 2507 τοῖς
712 2447 940 2498 ἔθνεσιν
981 2437 1339 2513 ἐνεργούσας,
1386 2445 1467 2496 ἕν·
1492 2462 1550 2495 τε
1591 2437 1857 2513 Αἰγύπτῳ

252 2530 342 2583 καὶ
373 2530 438 2601 τῇ
471 2524 622 2601 χώρα
653 2528 763 2582 τῶν
790 2523 1118 2596 Ἀσσυρίων,
1151 2527 1248 2580 τοῦ
1288 2530 1486 2596 κυρίου
1527 2529 1856 2595 συρίσαντος

253 2614 343 2668 καὶ
391 2610 628 2681 ὡσπερεὶ
669 2607 1126 2684 παρορμήσαντος
1165 2610 1255 2664 καὶ
1297 2610 1858 2679 παρακελευσαμένου

254 2695 471 2766 αὐταῖς,
514 2698 582 2767 τῇ
623 2692 771 2770 χώρα
830 2695 1006 2766 φησὶν
1050 2689 1235 2749 αὐτῶν
1288 2690 1712 2761 ἐπελεύσεσθαι,
1766 2689 1921 2749 διά3ο

368 2891 395 2928 4
429 2891 464 2927 1.
484 2889 584 2931 Cor,
610 2891 650 2939 9,
675 2891 712 2927 9.
