1992 3186
554 134 861 175 DEMONST.
889 134 1110 177 EVANG.
1147 135 1248 176 vn.
1284 137 1322 176 1.
1661 133 1764 184 421

158 249 332 308 αυτοῦ
370 254 626 323 λέγοντος
670 253 730 309 ἐν
770 249 958 315 αὐτοῖς
999 253 1090 306 καὶ
1123 249 1507 322 διδάσκοντος,
1543 248 1662 306 ἀλλ’
1701 249 1766 308 οὐ

158 334 451 408 νοήσουσι,
496 333 587 391 διὰ
626 333 686 391 τὸ
727 340 1109 407 πεπωρῶσθαι
1154 331 1340 391 αυτῶν
1377 333 1480 406 τὴν
1511 339 1764 407 καρδίαν.

160 424 239 478 19.
274 418 426 476 ταῦτ’
472 411 576 476 οὖν
617 417 645 475 ὁ
669 417 894 485 Ησαῖας
930 416 1006 475 δι’
1050 419 1129 475 ῶν
1170 421 1532 492 παρεθέμεθα
1564 422 1767 486 λέξεων

153 510 464 573 θεσπίσας,
518 507 579 561 ἐν
621 508 864 578 ἱστορίας
903 500 1179 576 ἀφηγήσει
1227 510 1509 576 πολεμίων
1561 509 1768 575 ἔφοδον

111 613 131 644 5
155 587 292 646 κατὰ
322 592 419 645 τοῦ
435 586 628 661 ’Ἀχαζ,
669 585 728 653 ὃς
772 591 953 661 ἐπεῖχε
982 587 1104 644 τότε
1133 586 1200 644 τὰ
1229 592 1324 662 τῆς
1356 594 1639 660 βασιλείας
1669 590 1768 644 τοῦ

149 670 435 730 Ἰουδαίων
466 676 632 745 λαοῦ,
663 671 1008 746 ὑπογράφει,
1042 674 1132 728 καὶ
1162 671 1264 745 τὴν
1294 678 1405 728 τῶν
1436 674 1539 744 μὲν
1569 678 1767 744 αἰσθη-

152 760 264 814 τῶν
294 764 573 830 πολεμίων
602 763 934 830 καθαίρεσιν
965 753 1162 812 αὐτίκα
1194 758 1285 811 καὶ
1315 753 1419 812 οὐκ
1451 762 1526 821 είς
1557 755 1770 829 μακρὸν
1796 781 1816 813 b

152 839 490 913 γενησεσθαι
521 847 799 913 σημαίνει
860 833 939 897 ῶν
980 840 1041 896 δε
1073 839 1326 912 σύμβολα
1358 847 1523 949 ἔφερε
1551 844 1769 941 νοητῶν

154 928 244 982 καὶ
284 949 536 998 αορατων
579 928 829 998 ἐχθρῶν,
875 924 1157 997 δαιμόνων
1197 928 1366 981 τινῶν
1397 927 1489 982 καὶ
1532 921 1769 997 αφανῶν

90 1035 132 1066 10
157 1009 474 1083 δυνάμεων,
508 1010 662 1084 (περὶ
694 1010 773 1066 ῶν
803 1006 1096 1108 αρχόμενοι
1119 1012 1214 1080 τῆς
1238 1006 1368 1082 ὅλης
1392 1016 1768 1081 πραγματείας

156 1093 589 1202 διεληλύθαμεν,
623 1107 696 1160 ως
727 1092 793 1150 οὐ
816 1094 988 1165 μόνον
1018 1092 1078 1150 τὸ
1106 1090 1390 1151 Ἰουδαίων
1419 1101 1603 1164 ἑθνος,
1629 1091 1768 1149 ἄλλα

154 1181 245 1235 καὶ
277 1181 388 1235 πᾶν
428 1176 488 1235 τὸ
531 1175 886 1250 ανθρῶπειον
931 1182 1088 1250 γένος
1132 1180 1222 1234 ἐπι
1252 1184 1363 1234 πᾶν
1397 1178 1543 1243 εἶδος
1575 1202 1769 1244 κακιας

154 1265 245 1319 καὶ
277 1260 376 1319 ἐπ”
412 1259 588 1335 αὐτήν
626 1287 689 1335 γε
735 1261 836 1335 τὴν
867 1260 1042 1320 ἄθεον
1062 1268 1508 1335 -είδωλολατρίαν
1538 1269 1770 1334 καταβε-

155 1346 486 1420 βληκότων),
519 1344 622 1404 οὐκ
653 1345 831 1414 ἄλλως
854 1345 956 1419 την
978 1340 1150 1419 ἧτταν
1175 1354 1403 1404 ἔσεσθαι
1430 1353 1592 1419 δηλοῖ
1611 1344 1644 1419 ἢ
1677 1346 1768 1403 δια

89 1455 129 1486 15
155 1431 324 1504 μόνης
365 1437 463 1502 τῆς
513 1435 914 1503 θεσπιζομένης
962 1438 1039 1496 είς
1090 1430 1428 1503 ἀνθρώπους
1477 1436 1768 1504 ἐπιδημίας

136 1539 252 1572 του
291 1519 431 1573 θεοῦ
472 1514 670 1588 λόγου,
716 1519 768 1583 ἐξ
811 1514 1187 1588 ἀπειρογαμου
1232 1519 1520 1588 παρθένου
1567 1519 1767 1587 σκῆνος
1793 1549 1810 1570 c

154 1596 509 1673 ανθρωπειον
552 1598 994 1672 αναληψομένου.
1077 1607 1158 1666 τίς
1201 1601 1258 1655 δε
1303 1597 1450 1676 αὐτῷ
1492 1599 1525 1671 ἡ
1568 1599 1768 1657 τούτου

153 1691 308 1757 χρεία
339 1685 411 1754 ἠν
441 1683 628 1755 καιρὸς
660 1709 730 1741 αν
764 1693 848 1756 εἴη
881 1690 1185 1755 διαλαβεῖν.

278 1773 362 1823 20.
388 1766 611 1839 Ἐπειδὴ
654 1767 726 1825 δι’
764 1765 1075 1840 ανθρώπου
1105 1767 1348 1833 θανατος
1372 1772 1655 1839 ,εἰσῆλθεν
1689 1773 1767 1833 είς

90 1874 132 1906 20
153 1850 249 1909 τὸν
279 1850 516 1925 κόσμον,
549 1854 725 1925 φησὶν
746 1852 775 1910 ὁ
807 1851 1127 1924 ἀπόστολος,
1160 1855 1300 1926 χρῆν
1331 1850 1509 1925 δήπου
1545 1850 1639 1912 διὰ,
1667 1857 1766 1908 τοῦ

156 1933 331 1993 αὐτοῦ
359 1935 667 2010 ἀνθρώπου
711 1936 812 2009 τὴν
852 1935 988 1993 κατὰ
1020 1940 1119 1994 τοῦ
1157 1936 1408 1994 θανάτου
1440 1940 1767 2010 βραβευθῆ-
1793 1960 1815 1992 d

154 2044 246 2076 ναι
277 2026 460 2094 νίκην,
491 2024 581 2078 καὶ
612 2020 672 2078 τὸ
697 2024 853 2094 σῶμα
876 2026 974 2078 τοῦ
998 2020 1249 2078 θανάτου
1274 2025 1430 2093 σῶμα
1463 2024 1600 2093 ζωῆς
1631 2018 1767 2077 ἄνα-

157 2107 478 2205 δειχθῆναι,
522 2107 612 2161 καὶ
652 2109 746 2176 τῆς
789 2105 1056 2180 ἁμαρτίας
1096 2104 1195 2179 τὴν
1235 2112 1527 2178 βασιλείαν
1580 2109 1640 2162 ἐν
1690 2109 1766 2180 τῷ

152 2192 343 2265 θνητῶ
396 2188 606 2262 σώματι
655 2189 715 2246 τὸ
768 2193 900 2262 πρὶν
964 2193 1302 2262 ἐνεργοῦσαν
1360 2193 1765 2289 καταλυθηναι,

90 2293 131 2326 25
153 2276 344 2345 μηκέτι
364 2274 632 2346 ἁμαρτίας
653 2271 846 2347 αὐτοῦ,
879 2272 1018 2330 αλλὰ
1043 2273 1402 2346 δικαιοσύνης
1435 2273 1765 2345 κρατούσης.

151 2360 234 2414 21.
268 2360 361 2414 καὶ
393 2356 584 2430 ἐπειδὴ
618 2356 708 2415 δια
738 2363 849 2415 τῶν
879 2364 975 2431 τῆς
999 2357 1198 2430 σαρκὸς
1222 2382 1628 2458 αμαρτηματων
1659 2380 1761 2413 πα-

154 2447 243 2496 λαι
295 2440 563 2514 πρότερον
609 2442 641 2514 ἡ
683 2449 885 2508 πτῶσις
939 2447 1149 2514 ἐγίνετο
1201 2447 1371 2499 πᾶσιν
1422 2438 1765 2513 ἀνθρώποις,

156 2521 376 2589 εἰκότως
407 2524 574 2583 πάλιν
606 2524 683 2583 δι’
727 2525 1114 2599 ἀναμαρτήτου
1147 2528 1235 2582 καὶ
1279 2523 1456 2596 πάσης
1487 2522 1764 2597 ἆχροὲντου

155 2613 347 2673 κακίας
377 2605 442 2663 τοὶ
473 2607 609 2666 κατὰ
638 2613 750 2667 τῶν
782 2613 1004 2683 ἐχθρῶν
1034 2609 1352 2682 ἀνηγείρετο
1383 2607 1631 2680 τρόπαια.
1675 2612 1760 2665 22.

92 2711 134 2744 30
156 2696 328 2746 τίνων
367 2692 427 2747 δὲ
470 2694 716 2767 ἐχθρῶν,
757 2690 790 2765 ἢ
821 2700 934 2751 τῶν
963 2693 1131 2750 πάλαι
1174 2691 1265 2749 διὰ
1295 2696 1406 2749 τῶν
1435 2696 1530 2764 τῆς
1562 2692 1764 2766 σαρκὸς

272 2885 322 2923 19
356 2884 481 2926 Rom.
504 2887 544 2935 5,
570 2887 636 2926 12.
