1946 3158
610 132 921 176 DEMONST.
954 133 1176 177 EVANG.
1210 133 1271 177 11.
1304 136 1343 177 3.
1665 131 1765 183 103

151 271 305 324 ουσι,
346 250 468 308 τοτὲ
496 250 598 323 μὲν
632 248 876 323 δασμοὺς
908 251 999 305 καὶ
1029 247 1237 324 φόρους
1268 246 1470 315 αὐτοὺς
1502 253 1765 322 εἰσπρατ-

152 334 398 409 τόμενοι,
430 335 550 392 τοτὲ
583 333 644 391 δὲ
677 339 821 391 ἴδιον
853 334 1068 391 ἑαυτῶν
1107 336 1286 407 κτῆμα
1315 331 1418 406 τὴν
1450 331 1619 390 πάλαι
1651 336 1765 390 τῶν

147 417 433 477 Ἰουδαίων
483 424 590 492 γῆν
641 419 1025 491 πεποιημένοι·
1085 414 1224 475 ἄλλα
1278 420 1370 475 καὶ
1409 417 1468 474 τὸ
1512 415 1662 493 ἱερὸν
1703 415 1762 474 τὸ

153 501 425 579 εὐπρεπὲς
463 507 559 576 τῆς
602 500 988 578 μητροπόλεως
1034 500 1221 559 αὐτῶν
1259 501 1562 577 ἠρείπωται
1602 525 1764 559 κατε-

108 613 130 647 5
152 591 499 664 στραμμένον
526 583 635 645 ὑπὸ
659 594 811 645 λαῶν
833 584 1158 660 ἀλλοτρίων,
1190 592 1253 644 αἴ
1271 610 1330 644 τε
1361 585 1547 654 πόλεις
1578 585 1764 644 αὐτῶν

150 678 516 748 πυρίκαυστοι
546 670 835 745 γεγόνασι,
867 673 958 729 καὶ
991 672 1220 750 γέγονεν
1241 669 1601 746 Ἰερουσαλὴμ
1633 669 1765 743 ἀλη-

149 761 268 824 θῶς
291 755 446 824 πόλις
471 757 923 832 πολιορκουμένη.
978 759 1062 812 54.
1097 754 1218 812 ἀλλ’
1258 758 1373 814 ἐπεὶ
1393 755 1604 814 τούτων
1633 757 1761 830 περὶ

148 838 349 909 αὐτοὺς
381 840 814 916 συμβεβηκότων
858 838 887 897 6
918 843 1032 897 τῶν
1061 837 1386 898 ἀποστόλων
1416 839 1574 915 χορὸς
1620 845 1678 898 οἵ
1703 864 1761 898 τε

150 928 204 994 ἐξ
228 922 501 1000 Ἐβραίων
547 933 623 993 είς
664 923 761 983 τόν
791 923 1034 999 Χριστὸν
1074 924 1496 992 πεπιστευκότες
1527 929 1761 998 γονίμου

86 1036 127 1069 xo
154 1015 317 1084 δίκην
357 1011 664 1085 σπέρματος
707 1012 759 1078 ἐξ
792 1006 979 1067 αὐτῶν
1006 1011 1237 1067 ἐκείνων
1277 1007 1760 1083 ὃιεφυλοὲχθησαν,

149 1092 284 1152 καθ’
327 1091 458 1168 ὅλης
495 1118 555 1152 τε
593 1098 687 1168 τῆς
727 1094 1056 1168 οἰκουμένης
1088 1095 1180 1151 καὶ
1215 1099 1292 1161 εἰς
1333 1097 1445 1151 πᾶν
1476 1097 1634 1167 γένος
1666 1092 1762 1151 ἆν-

147 1178 397 1253 θρώπων
429 1177 751 1246 διελθόντες
781 1183 967 1237 πᾶσαν
1007 1175 1170 1236 πόλιν
1201 1180 1292 1236 καὶ
1333 1177 1504 1237 τόπον
1536 1180 1627 1236 καὶ
1660 1176 1761 1252 χώ-

150 1288 257 1337 ραν
285 1268 383 1321 τοῦ
400 1269 608 1322 οἰκείου
633 1266 724 1321 καὶ
749 1260 1143 1339 Ἰσραηλιτικοῦ
1161 1261 1372 1339 σπόρου
1390 1266 1761 1337 κατέπλησαν,

152 1346 292 1405 ὥστε
324 1351 377 1415 ἐξ
409 1345 594 1406 αὐτῶν
624 1347 824 1422 στάχυς
854 1348 949 1416 τὰς
983 1345 1071 1405 ἐπ’
1103 1347 1370 1422 ὀνόματος
1393 1351 1492 1405 τοῦ
1519 1350 1762 1422 σωτῆρος

89 1455 129 1488 15
151 1427 310 1506 ἡμῶν
348 1431 662 1499 ὑποστασας
704 1436 992 1506 ἐκκλησίας
1033 1435 1235 1506 φῦναι,
1283 1431 1505 1500 εἰκότως
1545 1431 1574 1490 6
1606 1443 1763 1500 θεῖος

149 1514 435 1590 προφήτης
477 1518 713 1590 ἐπιλέγει
752 1530 870 1583 ταῖς
911 1525 1466 1591 προαποφανθείσαις
1507 1515 1626 1574 κατ’
1664 1514 1763 1574 αὐ-

147 1603 261 1658 τῶν
283 1598 582 1674 ἀπειλαῖς,
584 1599 660 1658 ‘el
678 1599 753 1675 μὴ
776 1600 965 1675 κύριος
980 1599 1236 1673 Σαβαωθ
1253 1603 1607 1675 ἐγκατέλιπεν
1629 1597 1763 1674 ἡμῖν

151 1686 398 1786 σπέρμα,
433 1709 506 1752 ως
536 1682 818 1759 Σόδομα’
797 1685 867 1742 οὶν
900 1683 1245 1759 ἐγενήθημεν
1279 1688 1369 1743 καὶ
1403 1710 1476 1753 ως
1506 1683 1762 1759 Γόμορρα
1790 1718 1801 1739 ε

149 1764 220 1826 ὂὶν
251 1764 631 1844 ωμοιώθημεν.
704 1774 787 1827 55.
821 1768 957 1843 όπερ
1005 1787 1341 1843 συναγαγων
1374 1771 1462 1827 ἐπὶ
1498 1769 1557 1827 τὸ
1590 1770 1762 1843 σαφες

86 1876 129 1910 20
154 1852 444 1929 ἑρμηνεύει
497 1857 558 1912 ἐν
601 1857 670 1929 τῇ
720 1851 857 1929 πρὸς
887 1852 1190 1928 Ῥωμαίους
1240 1857 1496 1930 ἐπιστολῇ
1545 1850 1573 1911 6
1617 1852 1762 1929 ίερός

149 1936 505 2006 ἀπόστολος“
514 1937 740 2007 Ησαΐας
775 1939 837 1996 δε
867 1937 1049 2015 κραζει
1078 1934 1221 2013 ὑπερ
1251 1945 1348 1998 τοῦ
1375 1936 1619 2015 Ἰσραὴλ,
1667 1936 1763 1997 ἐαν

149 2014 188 2098 ᾗ
215 2019 243 2080 6
268 2020 504 2099 αριθμὸς
526 2048 639 2081 των
660 2027 804 2082 υίων
826 2021 1045 2099 Ἰσραὴλ
1070 2047 1143 2091 ως
1164 2023 1198 2098 ἡ
1223 2048 1398 2098 αμμος
1421 2027 1516 2097 τῆς
1546 2022 1765 2082 θαλασ-

151 2126 282 2181 σης,
313 2109 373 2166 τὸ
403 2104 716 2183 ὑπόλειμμα
746 2106 1078 2182 σωθήσεται.
1150 2106 1318 2182 λόγον
1345 2108 1450 2184 γὰρ
1482 2113 1765 2167 συντελων

151 2194 243 2250 καὶ
274 2195 598 2267 συντέμνων
628 2191 847 2266 ποιήσει
887 2191 1078 2268 κύριος
1110 2195 1199 2251 ε’πὶ
1230 2198 1326 2267 τῆς
1365 2198 1482 2267 γῆς.
1543 2196 1634 2251 καὶ
1666 2218 1766 2250 κα-

88 2300 130 2334 25
151 2274 272 2344 θῶς
303 2282 634 2353 προείρηκεν
656 2276 903 2351 Ἡσαΐας,
938 2283 991 2335 εἰ
1016 2278 1091 2352 μὴ
1115 2276 1304 2353 κύριος
1322 2277 1574 2352 Σαβαὼθ
1606 2282 1762 2352 ἐγκα-

149 2363 372 2420 τέλιπεν
400 2357 535 2436 ἡμῖν
559 2363 805 2438 σπέρμα,
839 2387 912 2430 ως
937 2358 1224 2437 Σόδομα”
1189 2389 1261 2422 αν
1294 2362 1640 2437 ἐγενήθημεν
1671 2365 1763 2420 καὶ

153 2470 226 2513 ως
256 2444 512 2522 Γόμορρα
543 2471 612 2504 αν
644 2445 1030 2521 ωμοιώθημεν.
1101 2451 1184 2505 56.
1220 2444 1302 2515 οἷς
1341 2441 1506 2515 αὖθις
1537 2453 1764 2522 προστί-

152 2539 290 2636 θησι
312 2529 540 2604 λέγων“
549 2532 622 2605 μὴ
654 2530 912 2589 ἀπώσατο
942 2528 970 2589 6
1001 2529 1132 2600 θεὸς
1162 2530 1259 2591 τὸν
1290 2530 1425 2589 λαὸν
1456 2555 1658 2602 αυτου;
1689 2557 1761 2606 μη

154 2617 383 2686 γένοιτο.
451 2618 543 2673 καὶ
584 2641 689 2692 γαρ
722 2614 827 2690 ε’γω
853 2613 1188 2691 ’Ῑσραηλίτης
1221 2619 1331 2690 εἰμὶ
1365 2619 1424 2673 ἐκ
1454 2618 1762 2691 σπέρματος

150 2695 394 2774 Ἀβρααμ
437 2706 616 2774 φυλῆς
656 2707 937 2775 Βενιαμίν.
1010 2699 1113 2759 οὐκ
1144 2698 1400 2759 ἀπώσατο
1444 2699 1473 2759 6
1504 2698 1636 2768 θεὸς
1667 2699 1763 2758 τὸν

274 2894 324 2935 17
356 2893 483 2935 Rom.
507 2895 546 2947 9,
570 2896 640 2937 29.
811 2898 863 2937 21
895 2895 1023 2937 Rom.
1046 2897 1085 2948 9,
1109 2897 1177 2940 27.
1351 2897 1404 2938 28
1434 2895 1563 2940 Rom,
1587 2898 1653 2948 11,
1679 2898 1716 2939 1.
