1992 3186
254 138 358 190 386
932 135 1184 177 EUSEBII

256 260 475 319 δεινοῖς.
540 258 585 309 7.
619 256 868 308 τοιοῦτον
898 248 1004 323 γάρ
1035 253 1149 306 ἐστι
1178 249 1238 307 τὸ
1261 248 1426 308 “ἰδού
1447 247 1644 326 ἡμέραι
1675 257 1862 325 ἔρχον-

254 363 342 395 ται
371 341 469 394 τοῦ
501 340 729 409 κυρίου,
759 335 851 390 καὶ
884 332 1413 407 διαμερισθήσονται
1453 329 1520 392 τὰ
1552 335 1727 392 σκῦλά
1758 355 1862 393 σου

256 425 316 478 ἐν
347 422 463 492 σοὶ,
507 421 599 475 καὶ
641 416 951 485 ἐπισυνάξω
991 415 1172 474 πάντα
1200 417 1267 475 τὰ
1298 423 1438 490 ἔθνη
1480 422 1568 476 ἐπὶ
1593 415 1860 493 Ἰερουσα-

253 503 360 577 λὴμ
403 509 479 568 εἰς
520 500 788 575 πόλεμον,
828 504 922 558 καὶ
963 497 1232 559 ἁλώσεται
1272 500 1306 574 ἡ
1348 500 1532 576 πόλις,
1573 505 1666 560 καὶ
1709 508 1860 578 διαρ-

253 586 595 659 παγήσονται
628 591 690 643 αἶ
714 591 911 658 οἰκίαι,
953 587 1046 641 καὶ
1089 590 1151 643 αἱ
1184 599 1447 657 γυναῖκες
1476 586 1859 660 μολυνθήσον-
1882 611 1903 644 5

207 695 228 726 d
253 696 369 742 ται,
400 673 493 727 καὶ
526 669 866 738 ἐξελεύσεται
906 667 966 726 τὸ
996 666 1166 742 ἥμισυ
1206 673 1301 742 τῆς
1331 669 1541 736 πόλεως
1573 674 1633 728 ἐν
1664 677 1861 743 αἰχμα-

251 751 482 831 λωσι’ᾳ.”
544 759 591 811 8.
624 752 758 827 μετὰ
791 754 853 810 δὲ
882 752 984 825 τὴν
1013 757 1107 825 τῆς
1130 749 1482 827 Ἰερουσαλὴμ
1513 760 1860 828 πολιορκίαν,

248 841 340 896 καὶ
362 838 464 911 τὴν
479 836 593 911 μετ’
613 835 790 910 αὐτὴν
813 843 1194 911 αἰχμαλωσίαν
1214 843 1313 895 τοῦ
1329 835 1615 896 Ἰουδαίων
1637 844 1859 911 ἔθνους,

253 925 490 994 ἐπιλέγει
532 925 655 993 ἑξῆς
694 921 882 995 ἀγαθὰ
912 935 1024 987 τοῖς
1069 925 1203 981 πᾶσι
1242 928 1523 990 θεσπίζων
1545 921 1677 980 “nal
1709 929 1860 979 ἔσται

251 1006 439 1080 κύριος
472 1013 549 1073 εἰς
579 1008 810 1079 βασιλέα
851 1007 940 1064 ἐπὶ
984 1008 1169 1062 πᾶσαν
1206 1006 1309 1077 τὴν
1346 1005 1506 1078 γῆν.”
1569 1008 1663 1063 καὶ
1692 1004 1859 1064 πάλιν
1885 1033 1922 1064 ιο

143 1087 435 1157 [ιττ]“ἔσται
466 1089 656 1163 κύριος
698 1088 803 1162 εἷς,
845 1092 938 1146 καὶ
966 1087 1027 1146 τὸ
1065 1087 1238 1162 ὄνομα
1268 1086 1443 1146 αὐτοῦ
1481 1094 1573 1161 ἓν,
1615 1094 1861 1148 κυκλοῦν

252 1181 437 1232 πᾶσαν
466 1172 567 1247 τὴν
597 1177 703 1246 γῆν
733 1176 824 1230 καὶ
853 1171 955 1245 τὴν
985 1180 1204 1247 ἔρημον.
1278 1178 1324 1230 9.
1358 1171 1495 1230 ἀλλὰ
1541 1174 1645 1248 γὰρ
1677 1176 1769 1230 καὶ
1798 1171 1858 1230 τό

247 1256 535 1317 Ἰουδαίων
577 1265 743 1325 ἔθνος
780 1261 1006 1315 τοιαῦτα
1048 1263 1343 1314 πείσεσθαι
1391 1260 1450 1314 ἐν
1479 1272 1598 1323 ταῖς
1628 1261 1728 1314 τοῦ
1758 1281 1860 1314 κυ-

253 1349 379 1416 ρίου
409 1342 636 1416 ἡμέραις
667 1347 761 1414 τῆς
784 1340 1137 1414 προρρήσεως
1163 1339 1615 1414 ἀποφηναμένης,
1645 1348 1727 1408 τίς
1758 1339 1859 1399 οὐκ

251 1424 321 1484 ἂν
361 1424 667 1499 θαυμάσειε
705 1431 799 1498 τῆς
840 1423 1195 1499 προρρήσεως
1234 1424 1295 1481 τὸ
1336 1422 1707 1498 άποτέλεσμα;
1747 1422 1858 1498 ἅμα
1884 1451 1923 1483 15

252 1508 356 1584 γὰρ
382 1507 588 1582 Ἰησοῦς
627 1506 656 1566 ὁ
698 1509 880 1583 σωτὴρ
921 1511 1014 1566 καὶ
1052 1507 1242 1582 κύριος
1279 1507 1437 1582 ἡμῶν
1475 1513 1688 1582 παρῆν,
1730 1505 1854 1580 ἠσέ-

251 1601 393 1666 βουν
422 1617 480 1651 τε
500 1600 589 1663 ,εἰς
621 1591 789 1650 αὐτὸν
818 1598 875 1650 oc
903 1597 961 1650 ἐκ
992 1595 1312 1666 περιτομῆς,
1345 1595 1437 1650 καὶ
1461 1591 1640 1650 πάντα
1671 1591 1858 1658 αὐτοῖς

250 1676 481 1751 ἀθρόως·
501 1676 568 1734 τὰ
597 1680 1050 1751 προηγορευμένα
1078 1675 1213 1749 μετὰ
1242 1677 1704 1735 πεντακοσιοστὸν
1742 1682 1858 1743 ἔτος

139 1788 227 1828 (286)
252 1766 346 1835 τῆς
376 1760 730 1836 προρρήσεως
759 1764 950 1827 τέλους
981 1759 1299 1833 ἐτύγχανεν,
1331 1764 1385 1828 ἐξ,
1417 1757 1590 1817 αὐτοῦ
1610 1759 1857 1818 Πιλάτου

253 1849 345 1903 καὶ
373 1848 530 1920 μέχρι
559 1849 655 1917 τῆς
686 1844 823 1902 κατὰ
851 1847 1093 1918 Νέρωνα
1135 1846 1226 1900 καὶ
1265 1852 1428 1902 Τίτον
1472 1846 1564 1900 καὶ
1598 1841 1857 1902 Οὐεσπα-
1879 1869 1919 1901 20

253 1929 448 1987 σιανὸν
470 1935 787 2003 πολιορκίας
810 1925 876 1984 οὐ
903 1925 1330 1984 διαλελοιπότων
1353 1925 1554 1992 αὐτούς
1578 1933 1858 1985 παντοίων

254 2016 346 2070 καὶ
380 2011 705 2084 ἐπαλλήλων
728 2029 1053 2084 συμφορων,
1086 2009 1157 2076 ὡς
1180 2008 1444 2084 πάρεστιν
1469 2014 1528 2067 ἐκ
1551 2015 1646 2083 τῆς
1672 2020 1857 2070 Φλαυ-

254 2102 343 2154 ίου
379 2093 649 2167 Ἰωσήπου
688 2101 991 2168 γραφείσης
1033 2098 1275 2167 ἱστορίας
1316 2092 1706 2162 ἀναλέξασθαι.
1771 2101 1852 2151 10.

251 2179 374 2237 τότε
403 2180 506 2252 μὲν
535 2180 639 2236 οὐν
670 2177 813 2244 εἰκὸς
842 2177 901 2234 τὸ
944 2176 1115 2251 ήμισυ
1145 2181 1241 2250 τῆς
1271 2176 1480 2243 πόλεως
1510 2175 1855 2237 ἀπολωλέναι

251 2268 316 2337 τῇ
347 2267 656 2338 πολιορκίᾳ,
688 2259 760 2328 ὥς
789 2280 963 2334 φησιν
991 2258 1026 2334 ἡ
1049 2268 1380 2335 προφητεία·
1426 2260 1542 2333 μετ’
1578 2286 1643 2319 ου
1674 2261 1854 2319 πολὺν
1877 2286 1917 2319 25

254 2349 314 2404 δὲ
363 2346 593 2422 χρόνον,
645 2344 781 2403 κατὰ
819 2342 1109 2420 Ἀδριανὸν
1162 2342 1535 2418 αὐτοκράτορα
1584 2344 1852 2417 κινήσεως

252 2424 418 2498 αὖθις
452 2429 753 2503 Ἰουδαικῆς
790 2432 1117 2503 γενομένης,
1167 2427 1227 2486 τὸ
1268 2425 1462 2485 λοιπὸν
1506 2432 1602 2500 τῆς
1643 2428 1852 2495 πόλεως

204 2543 226 2575 b
250 2519 412 2590 μέρος
441 2514 611 2589 η’μισυ
651 2515 1023 2588 πολιορκηθεν
1060 2504 1225 2579 αυθις
1267 2510 1640 2585 ἐξελαύνεται,
1683 2538 1755 2580 ως
1798 2515 1851 2580 ἐξ

254 2603 469 2658 ἐκείνου
509 2603 601 2657 καὶ
643 2605 719 2666 εἰς
760 2600 926 2674 δεῦρο
965 2597 1194 2670 πάμπαν
1233 2593 1439 2667 άβατον
1478 2595 1664 2663 αὐτοῖς
1693 2599 1853 2668 γενέ-

253 2694 387 2741 σθαι
415 2683 512 2741 τὸν
540 2683 726 2741 τόπον.
804 2687 883 2740 11.
918 2688 967 2739 εἰ
1009 2683 1069 2739 δὲ
1099 2684 1247 2753 λέγοι
1290 2704 1371 2746 τις
1411 2680 1548 2737 κατὰ
1572 2678 1851 2753 Ἀντίοχον
1871 2705 1933 2737 3ο

251 2765 347 2823 τὸν
364 2764 633 2839 Ἐπιφανῆ
664 2770 834 2823 ταῦτα
866 2771 1294 2839 πεπληρῶσθαι,
1326 2762 1625 2826 σκεψάσθω
1662 2770 1712 2820 εἰ
1738 2759 1851 2830 οἶός

251 2852 314 2906 τέ
354 2853 503 2907 ἐστιν
541 2847 868 2907 ἀποδιδόναι
919 2852 1010 2907 καὶ
1061 2847 1128 2906 τὰ
1167 2845 1330 2906 λοιποὶ
1379 2850 1475 2920 τῆς
1515 2853 1849 2922 προφητείας
