1992 3186
222 106 327 158 568
891 106 1138 147 EUSEBII

223 225 316 280 καὶ
350 225 402 291 ἐξ
433 221 601 297 ἀρχῆς
631 223 922 294 γεγονέναι
951 219 1417 296 μεμαρτύρηνται,
1451 226 1543 281 καὶ
1573 223 1604 282 ὅ
1626 249 1690 297 γε
1720 249 1828 282 πα-

223 306 376 374 λαιὸς
407 304 591 363 αὐτῶν
630 303 890 378 βασιλεὺς
931 303 1217 378 ὁμολογῶν
1256 305 1331 380 μὴ
1366 309 1572 365 εἰδέναι
1602 307 1698 367 τὸν
1727 307 1829 367 κύ-

225 416 347 466 ριον
386 387 824 464 ἀναγέγραπται,
869 387 960 446 ότε
1002 389 1070 462 δὴ
1112 387 1420 463 ἔφασκεν“
1427 415 1528 450 ουκ
1567 393 1694 451 οἴδα
1733 394 1830 451 τὸν

145 518 149 522 -
223 474 445 549 κύριον,
491 476 584 531 καὶ
623 473 719 532 τὸν
752 470 970 548 Ἰσραὴλ
1009 470 1114 531 οὐκ
1158 473 1587 542 ἐξαποστέλλωΫ
1657 475 1718 535 τὸ
1761 477 1829 550 δὴ

224 560 325 617 οὐν
355 561 494 632 μέγα
525 561 719 632 θαῦμα
761 562 856 630 τῆς
890 559 1091 615 ἐνθέου
1129 564 1227 616 τοῦ
1258 565 1500 632 Χριστοῦ
1541 560 1828 636 δυνάμεως
1852 585 1873 617 5

224 646 574 718 παραστῆσαι
604 641 944 716 βουλόμενος
973 640 1002 699 ὁ
1033 641 1192 715 λόγος
1221 649 1472 712 θεσπίζει
1503 649 1600 702 τοῦ
1630 653 1830 720 κυρίου

111 752 203 793 (422)
225 753 327 802 την
359 733 434 794 εἰς
467 736 756 800 Αἴγυπτον
795 724 1013 799 αφιξιυ,
1058 725 1144 800 ἐφ’
1191 718 1230 800 ᾗ
1268 727 1580 801 μεταβολὴν
1622 727 1690 786 οὐ
1729 729 1832 802 τὴν

223 816 505 885 τυχοῦσαν
543 815 663 869 τῶν
687 816 1018 884 Αἰγυπτίων
1060 817 1291 869 ἔσεσθαι
1331 811 1701 886 προφητεύει,
1742 817 1834 871 λε’-

223 921 342 969 γων
375 893 558 970 ἑξης“
568 898 661 953 καὶ
701 893 1013 969 γνώσονται
1053 900 1110 953 οι
1135 894 1435 968 Αἰγύπτιοι
1474 895 1571 955 τὸν
1613 895 1830 972 κύριον,

224 1006 278 1039 οι
317 983 452 1055 πρὶν
491 980 566 1055 μὴ
608 979 815 1047 εἰδότες
856 973 1057 1053 αὐτον,
1107 982 1198 1036 καὶ
1250 978 1500 1049 εὔξονται
1539 985 1615 1059 τῷ
1654 988 1831 1058 κυρίῳ
1856 1006 1899 1038 10

228 1063 425 1139 ευχας”
445 1111 460 1139 ,
494 1067 587 1122 καὶ
618 1064 684 1122 τὰ
713 1063 925 1131 τούτοις
956 1063 1330 1138 παραπλήσια.
1364 1070 1412 1123 3
1447 1063 1704 1140 ανωτέρω
1734 1067 1837 1140 μὲν

225 1151 330 1207 οὐν
384 1153 443 1207 ἐν
494 1155 571 1227 τῷ
610 1147 716 1222 πρὸ
755 1148 955 1207 τούτου
1008 1155 1294 1225 κεφαλαίῳ
1349 1156 1687 1225 κληρονομία
1735 1154 1833 1208 τοῦ

136 1231 139 1234 ’
225 1235 628 1307 θεσπιζομένου
662 1232 841 1307 Ἐδώμ
883 1235 974 1290 καὶ
1007 1230 1184 1289 Ἠσαῦ
1230 1235 1473 1306 ἐλέγετο,
1516 1240 1630 1291 τῶν
1670 1233 1835 1292 ἀλλο-

225 1323 398 1392 τρίων
437 1321 535 1376 τοῦ
560 1315 773 1391 Ἰσραὴλ
813 1314 958 1374 οὕτω
1000 1319 1448 1391 σημαινομένων·
1494 1320 1741 1376 ἐνταῦθα
1774 1319 1836 1376 δὲ

226 1398 260 1475 ἡ
294 1412 576 1475 Αἴγυπτος
615 1404 707 1458 καὶ
746 1400 774 1458 ὁ
815 1405 909 1474 τῆς
960 1399 1252 1474 Αἰγύπτου
1301 1401 1430 1469 λαός
1482 1399 1668 1459 οὐκέτι
1717 1405 1830 1460 τῶν
1854 1425 1896 1458 15

179 1511 204 1544 b
231 1486 501 1559 εἰδώλων,
534 1484 653 1543 ἀλλ’
692 1482 864 1543 αὐτοῦ
895 1483 1042 1559 παρὰ
1065 1498 1179 1552 τοῖς
1210 1484 1500 1544 Ἰουδαίων
1530 1484 1836 1561 προφήταις

227 1573 675 1644 θεολογουμένου
715 1575 915 1644 κυρίου
957 1576 1289 1639 θεσπίζεται.
1367 1575 1416 1627 4.
1460 1567 1599 1645 ἅπερ
1645 1577 1695 1627 εἰ
1732 1572 1836 1644 μὲν

226 1653 301 1729 μὴ
332 1652 456 1724 ὄψει
500 1653 912 1727 συντελούμενα
951 1663 1277 1728 θεωρεῖται,
1320 1651 1426 1712 οὐκ
1467 1660 1619 1712 ἔστιν
1659 1661 1838 1713 εἰπεῖν

228 1739 331 1812 τὴν
369 1740 776 1812 θεσπιζομένηυ
815 1736 1006 1811 ἄφιξιν
1060 1742 1159 1796 τοῦ
1207 1745 1405 1812 κυρίου
1458 1745 1536 1805 εἰς
1587 1733 1690 1811 τὴν
1729 1748 1837 1796 Αἴ-

227 1846 442 1896 γυπτον
482 1826 795 1896 γεγονέναι·
841 1829 894 1880 εἰ
933 1823 995 1879 δὲ
1033 1821 1176 1895 ὑπὲρ
1218 1821 1396 1880 πάντα
1435 1821 1602 1893 λόγον
1631 1821 1665 1896 ἡ
1696 1818 1832 1894 ἆλή-
1857 1847 1902 1879 20

227 1918 358 1966 θεια
397 1922 672 1982 μαρτυρεῖ
709 1920 823 1973 τοῖς
864 1905 1174 1980 πράγμασι,
1231 1907 1323 1962 καὶ
1362 1918 1475 1971 τοῖς
1516 1903 1837 1979 ἀγνωμονε-

231 1992 447 2059 στάτοις
492 1995 736 2065 ἐναργῶς
779 1995 1067 2047 δείκνυσιν
1115 1985 1317 2055 αὐτοὺς
1358 1995 1702 2062 Αἰγυπτίους
1742 1993 1836 2063 τῆς

228 2076 333 2148 μὲν
366 2079 418 2143 ἐξ
458 2078 659 2141 αἰῶνος
699 2071 1194 2147 πατροπαραδότου
1239 2078 1672 2147 δεισιδαιμονίας
1706 2072 1836 2132 ἀνα·

230 2157 639 2233 κεχωρηκότας,
691 2159 1080 2222 οἰκειωθέντας
1134 2158 1194 2213 δὲ
1234 2163 1309 2234 τῷ
1350 2164 1468 2234 θεῷ
1513 2161 1626 2216 τῶν
1666 2161 1839 2216 ταῦτα

190 2279 208 2301 e
233 2241 835 2351 προαναφωνησάντων
887 2244 1217 2342 προφητῶν,
1271 2243 1364 2298 καὶ
1415 2245 1613 2299 τοῦτον
1661 2241 1836 2315 μόνον
1857 2265 1902 2297 25

232 2329 527 2401 σέβοντας,
581 2329 673 2384 καὶ
716 2349 896 2383 παυτα
936 2324 1185 2382 θανατον
1234 2323 1645 2399 ασπαζομένους
1692 2350 1837 2398 υπερ

231 2436 326 2519 της
359 2418 438 2479 εἰς
470 2409 641 2469 αὐτὸν
673 2408 988 2483 εὐσεβείας,
1023 2408 1138 2483 ω’ρα
1168 2409 1242 2483 μὴ
1272 2407 1449 2476 αλλως
1480 2413 1653 2466 ταῦτα
1682 2433 1836 2482 γεγο-

232 2499 389 2554 νέναι
442 2504 844 2568 συνομολογειν
894 2518 928 2566 η
982 2498 1110 2552 τοῦ
1130 2501 1328 2566 κυρίου
1383 2492 1718 2566 ἐληλυθότος
1760 2500 1837 2560 εἰς

234 2590 523 2653 Αἴγυπτον
554 2577 878 2646 ἀκολούθως
923 2581 990 2653 τῇ
1032 2580 1364 2653 προκειμένῃ
1408 2577 1725 2653 προρρήσει.
1785 2582 1835 2634 5.

234 2671 348 2721 ἔστι
379 2665 480 2738 μὲν
511 2657 614 2722 οὖν
645 2666 734 2721 καὶ
778 2662 956 2729 ἄλλως
998 2661 1092 2720 τὸν
1132 2661 1299 2734 λόγον
1339 2668 1682 2720 αἰνίττεσθαι
1712 2685 1837 2735 τρο-
1861 2685 1906 2716 30

347 2859 372 2896 3
403 2856 546 2897 Exod.
569 2858 609 2910 5,
633 2859 674 2899 ⁶2.
