1992 3186
585 123 891 166 DEMONST.
922 123 1143 167 EVANG.
1175 125 1276 166 VII.
1301 126 1338 164 1.
1657 125 1762 176 435

148 231 253 296 οὖν
283 240 374 295 καὶ
408 242 467 295 ἐν
497 241 565 313 τῇ
592 236 727 311 μετὰ
757 252 945 311 χεῖρας
976 245 1301 315 προφητείᾳ,
1335 244 1395 296 ἐν
1420 231 1456 315 ᾗ
1485 241 1760 298 κατευθύ-

149 347 346 388 νοντας
378 321 582 388 αὐτοὺς
625 321 881 396 ὀνομάζει
928 322 1247 396 προσειπών
1273 321 1611 398 Ἀσσυρίους.
1677 330 1756 383 73.

147 412 223 484 τῷ
255 406 467 465 τούτων
497 411 793 481 τοιγαροῦν
817 410 966 484 ξυρῷ
987 405 1083 465 τὸν
1106 406 1398 481 σύμπαντα
1421 407 1631 483 κόσμον
1660 414 1758 467 τοῦ
1784 434 1869 475 [200]

143 489 427 550 Ἰουδαίων
469 498 670 559 ἔθνους
710 490 845 565 μετὰ
883 492 984 564 τὴν
1023 496 1122 549 τοῦ
1157 491 1502 567 Ἐμμανουὴλ
1541 497 1762 566 γένεσιν

104 599 124 632 5
148 575 645 650 ἀφανισθήσεσθαι
685 585 950 646 θεσπίζει.
1028 582 1108 633 74.
1144 584 1221 634 ἔτι
1262 579 1323 635 δὲ
1368 581 1427 635 ἐν
1457 581 1525 653 τῇ
1558 585 1760 652 δηλου-

146 664 284 735 μένῃ
316 660 518 737 ἡμέρα,
564 666 735 734 δῆλον
767 663 826 719 δὲ
857 661 938 719 ὅτι
969 665 1037 735 τῇ
1066 665 1163 719 τοῦ
1189 659 1563 736 Ἐμμανουὴλ,
1605 661 1756 721 τοῦτ’

148 752 261 803 ἔστι
307 750 400 818 τῆς
441 749 540 804 τοῦ
584 750 828 820 Χριστοῦ
868 750 1221 820 ἐπιφανείας,
1262 743 1526 821 “θρέψει,
1563 751 1756 822 φησὶν,

146 829 444 902 ἅνθρωπος
471 829 708 904 δάμαλιν
732 834 880 903 βοῶν
909 834 1004 887 ’καὶ
1031 830 1130 887 δύο
1158 831 1422 904 πρόβατα.
1490 835 1582 889 καὶ
1608 840 1759 890 ἔσται

146 915 252 972 ἀπὸ
294 919 393 972 τοῦ
432 923 691 973 πλεῖστον
731 929 912 972 ποιεῖν
965 914 1133 988 γάλα,
1188 914 1465 989 βούτυρον
1504 919 1592 974 καὶ
1635 920 1755 991 μέλι
1783 954 1800 976 e

82 1025 123 1056 10
146 999 380 1073 φάγεται
420 1004 524 1066 πᾶς
565 996 594 1056 ὁ
637 1002 1030 1073 καταλειφθεὶς
1074 1002 1160 1056 ἐπὶ
1201 1006 1298 1072 τῆς
1344 1004 1458 1073 γῆς.
1468 998 1498 1019 ”
1564 1007 1642 1058 ἵζ’.)
1679 999 1755 1058 δι’

148 1084 227 1141 ὧν
257 1091 396 1157 φαίη
427 1082 497 1141 ἄν
528 1109 609 1151 τις
639 1082 757 1157 ἤτοι
788 1082 949 1158 λιμὸν
980 1090 1325 1142 αἰνίττεσθαι
1361 1087 1453 1142 καὶ
1483 1094 1760 1159 πτωχείαν

143 1165 606 1242 υπερβάλλουσαν
634 1174 733 1226 τοῦ
768 1171 825 1224 ἐκ
849 1173 1142 1242 περιτομῆς
1167 1173 1325 1241 λαοῦ,
1356 1167 1430 1242 μὴ
1451 1168 1759 1244 ευποροῦν-

145 1277 234 1320 τος
265 1254 367 1326 μὲν
396 1256 490 1325 τῆς
522 1251 629 1310 ἀπὸ
662 1259 818 1310 σίτου
849 1254 986 1311 κατὰ
1017 1252 1191 1327 φύσιν
1221 1258 1447 1327 τροφῆς,
1479 1255 1618 1327 μηδὲ
1651 1259 1759 1327 γῆν

146 1336 413 1409 ἀροῦντος
455 1339 546 1394 καὶ
591 1345 912 1408 σπείροντος
953 1342 1043 1396 καὶ
1075 1345 1420 1411 θερίζοντος,
1462 1339 1601 1411 μηδὲ
1634 1346 1758 1396 ποί-

84 1445 124 1478 15
147 1446 287 1494 μνας
319 1420 615 1493 προβάτων
646 1424 785 1495 μηδὲ
817 1426 967 1493 βοῶν
997 1419 1194 1495 ἀγέλας
1228 1426 1592 1495 κεκτημένου,
1638 1427 1759 1496 ἐχο-

143 1507 315 1578 μένου
350 1506 410 1562 δὲ
442 1505 546 1562 δύο
577 1504 872 1578 προβάτων
911 1509 1004 1563 καὶ
1037 1505 1322 1579 δαμάλεως
1353 1511 1505 1579 μιᾶς,
1538 1508 1598 1563 τὸ
1629 1506 1758 1564 τού-

144 1614 256 1646 των
286 1588 426 1662 γάλα
458 1591 839 1664 ποριζομένου·
886 1587 919 1664 ἢ
951 1589 1130 1657 ἄλλως
1154 1595 1508 1664 τροπολογῶν
1536 1590 1632 1648 τόν
1655 1592 1760 1664 μὲν

145 1677 587 1748 καταλειφθέντα
621 1677 707 1731 ἐπὶ
739 1678 833 1746 τῆς
874 1680 972 1747 γῆς
1003 1681 1351 1732 αἰνίττεσθαι
1391 1684 1530 1747 φαίη
1562 1670 1632 1732 ἀν
1661 1674 1757 1732 τὸν

0 1823 1 1826 ¹
144 1762 255 1815 τῶν
299 1761 358 1814 ἐκ
399 1762 693 1831 περιτομῆς
739 1766 816 1824 εἰς
857 1758 958 1818 τὸν
1001 1762 1221 1832 σωτῆρα
1252 1761 1342 1815 καὶ
1374 1757 1570 1830 κύριον
1600 1755 1759 1832 ἡμῶν

0 1907 1 1912 ¹
81 1866 121 1898 20
144 1843 593 1900 πεπιστευκότων
616 1840 939 1900 ἀποστόλων
954 1867 1012 1901 τε
1035 1846 1125 1900 καὶ
1146 1842 1554 1915 εὐαγγελιστών
1570 1841 1755 1918 χορόν,

146 1919 225 1983 ὦν
256 1930 480 1993 ἕκαστος
506 1923 743 2001 “λεῖμμα
775 1927 892 1984 κατ’
941 1927 1171 2000 ἐκλογὴν
1201 1927 1420 2001 χάριτος
1452 1926 1751 2001 γεγονώς,”

145 2013 238 2067 καὶ
271 2010 362 2067 διὰ
405 2014 563 2069 τοῦτο
595 2008 661 2068 “ὁ
695 2015 1090 2085 καταλειφθεὶς
1131 2015 1218 2069 ἐπὶ
1259 2017 1353 2085 τῆς
1398 2017 1495 2085 γῆς
1538 2010 1753 2085 ὦνομα-
1779 2038 1802 2070 d

145 2097 342 2167 σμένος
381 2099 617 2167 θρέψειν
647 2098 860 2168 λέγεται
910 2096 1149 2170 δάμαλιν
1179 2100 1329 2168 βοεόν
1360 2100 1452 2154 καὶ
1486 2096 1586 2155 δύο
1618 2096 1755 2171 πρό-

143 2186 311 2251 βατα,
342 2185 466 2252 τρία
497 2178 630 2238 καθ’
665 2179 901 2253 ἑκάστην
934 2184 1228 2254 ἐκκλησίαν
1252 2181 1528 2255 τάγματα,
1562 2186 1623 2239 ἓν
1653 2182 1756 2254 μὲν

79 2285 120 2318 25
142 2263 201 2319 τὸ
242 2270 352 2320 τῶν
391 2260 717 2338 ἡγουμένων
731 2310 746 2338 ,
801 2264 902 2323 δύο
944 2267 1006 2322 δὲ
1046 2266 1113 2323 τά
1151 2269 1263 2323 τῶν
1301 2261 1753 2338 ὗποβεβηκότων,

142 2353 240 2403 τοῦ
270 2352 364 2421 τῆς
397 2352 684 2420 ἐκκλησίας
715 2353 815 2406 τοῦ
831 2354 1073 2423 Χριστοῦ
1098 2355 1235 2406 λαοῦ
1268 2357 1344 2416 εἰς
1377 2349 1478 2406 δύο
1508 2348 1755 2422 τάγματα

146 2433 510 2508 διῃρημένου,
547 2443 630 2500 -ἐίς
671 2458 729 2491 τε
769 2432 828 2490 τὸ
860 2459 972 2491 των
1011 2438 1221 2491 πιστῶν
1251 2436 1343 2490 καὶ
1383 2437 1495 2490 τῶν
1524 2435 1753 2506 μηδέπω

144 2516 238 2584 τῆς
270 2512 361 2570 διὰ
407 2523 643 2589 λουτροῦ
687 2524 1112 2590 παλιγγενεσίας
1151 2516 1500 2589 ἠξιωμένων,
1547 2524 1628 2583 οἱς
1660 2523 1759 2573 καί

145 2615 317 2668 φησιν
360 2596 388 2654 ὁ
436 2609 590 2666 θειος
635 2599 983 2669 ἀπόστολος
989 2600 1152 2674 “γάλα
1195 2597 1336 2674 υμᾶς
1389 2599 1639 2673 ἐπότισα,
1687 2598 1752 2658 οὐ

79 2702 122 2734 30
146 2678 405 2753 βρῶμα·”
455 2681 582 2750 τοὺς
615 2685 674 2741 δὲ
707 2688 764 2741 ἐν
795 2683 904 2757 ἤδη
929 2688 1234 2759 τελεωτέρα
1263 2689 1614 2752 καθεστῶτας
1647 2687 1754 2753 ἕξει

256 2875 305 2912 -21
342 2874 467 2916 Rom.
495 2877 561 2926 11,
587 2877 624 2917 ὅ.
708 2856 718 2863 Χ
802 2879 855 2917 00
891 2879 925 2916 1.
953 2877 1054 2917 Cor.
1079 2881 1118 2930 3,
1144 2880 1183 2917 ρ.

1321 2946 1431 3000 28*
