1992 3186
589 94 898 135 DEMONST.
920 93 1138 135 EVANG.
1164 94 1219 134 x.
1245 96 1281 137 1.
1632 93 1737 146 623

120 233 216 283 με,
277 217 426 266 ἰάσαι
469 206 654 281 ψυχήν
694 232 828 281 μου,
871 206 953 265 ὅτι
994 206 1239 282 ἥμαρτόν
1279 226 1380 266 σοι.
1458 213 1516 266 οἱ
1546 212 1740 283 ἐχθροί

122 317 228 366 μου
264 292 423 350 εἶπαν
454 291 594 349 κακά
623 317 733 365 μοι,
766 290 898 350 πότε
928 289 1295 350 ἀποθανεῖται
1325 295 1415 350 καὶ
1451 291 1736 352 ἀπολεῖται

124 375 184 434 τὸ
215 375 388 450 ὄνομα
420 375 617 446 αὐτοῦς
660 379 752 433 καὶ
784 382 833 434 εἰ
877 375 1256 450 εἰσεπορεύετο
1286 380 1384 434 τοῦ
1416 383 1588 449 ἰδεῖν,
1629 378 1736 451 μά-

120 486 222 534 την
284 460 463 518 ἐλάλει
513 459 546 534 ἡ
599 466 804 531 καρδία
863 458 1066 532 αὐτοῦ,
1129 460 1446 533 συνήγαγεν
1496 459 1735 536 ἀνομίαν

76 548 312 622 5ἑαυτς5.
395 545 745 618 ἐξεπορεύετο
787 548 918 616 ἔξω,
973 548 1064 602 καὶ
1108 544 1287 602 ἐλάλει
1339 547 1428 602 ἐπὶ
1470 545 1528 603 τὸ
1582 544 1732 604 αῦτό.

118 634 167 687 2.
217 628 338 687 κατ’
374 632 507 702 ἐμοῦ
538 627 859 703 ἐψιθύριζον
890 627 1089 696 πάντες
1120 634 1177 686 οἱ
1205 632 1401 702 ἐχθροί
1426 654 1561 703 μου,
1609 628 1730 688 κατ’

121 717 253 787 ἐμοῦ
298 718 603 786 ἐλογίζοντο
644 711 784 770 κακά
823 737 928 786 μοι.
1009 711 1172 785 λόγον
1213 712 1534 788 παράνομον
1574 719 1735 772 κατέ-

118 809 287 856 θεντο
328 797 444 856 κατ’
495 802 653 872 ἐμοῦ,
694 796 767 871 μὴ
809 796 838 854 ὅ
880 796 1218 873 κοιμώμενος
1258 797 1383 871 οὐχὶ
1424 798 1733 872 προσθήσει

117 889 216 940 τοῦ
247 879 578 955 ἀναστῆναι,
612 885 702 939 καὶ
726 882 831 955 γὰρ
858 878 885 939 ὃ
911 880 1215 954 ἅνθρωπος
1233 887 1327 954 τῆς
1361 882 1580 957 εἰρήνης
1604 908 1731 957 μου,

54 998 94 1029 10
121 964 210 1040 ἐφ’
244 964 310 1024 ὃν
339 966 563 1039 ἤλπισα,
595 963 623 1023 ὅ
658 971 866 1024 ἐσθίων
895 963 1093 1038 ἄρτους
1116 990 1244 1039 μου,
1279 966 1616 1040 ἐμεγάλυνεν
1641 967 1725 1024 ἐπ’

118 1052 209 1124 ἐμὲ
240 1051 590 1125 πτερνισμόν.
662 1051 732 1107 σὺ
765 1052 846 1122 δὲ,
878 1050 1061 1125 κύριε,
1096 1050 1320 1122 ἐλέησόν
1350 1074 1444 1123 με,
1478 1054 1569 1108 καὶ
1600 1048 1731 1109 άνά-

116 1134 322 1207 στησόν
352 1159 438 1208 με,
470 1139 560 1194 καὶ
593 1134 968 1193 ἀνταποδώσω
1001 1134 1203 1201 αὐτοῖς.
1255 1139 1315 1192 ἐν
1345 1134 1520 1211 τούτῳ
1554 1142 1732 1208 ἔγνων

113 1216 196 1276 ὅτι
227 1219 530 1294 τεθέληκάς
569 1245 664 1294 με,
710 1217 793 1277 ὅτι
834 1216 900 1277 οῦ
941 1219 1014 1293 μὴ
1049 1222 1280 1294 ἐπιχαρῇ
1318 1218 1346 1275 ὁ
1391 1218 1586 1292 ἐχθρός
1622 1244 1729 1293 μου
1753 1236 1845 1278 (464)

117 1301 204 1360 ἐπ’
241 1307 373 1377 ἐμοί.
440 1307 570 1379 ἐμοῦ
604 1306 663 1361 δὲ
707 1302 796 1360 διὰ
836 1303 938 1376 τὴν
977 1301 1213 1361 ἀκακίαν
1252 1301 1596 1376 άντελάβου,
1639 1307 1730 1362 καὶ

52 1416 91 1448 15
118 1387 460 1461 ἐβεβαίωσάς
491 1414 558 1463 με
591 1387 829 1446 ἐνώπιόν
859 1407 960 1446 σου
993 1394 1070 1455 εἰς
1099 1386 1195 1445 τὸν
1227 1384 1452 1446 αἰῶνα.”

241 1478 287 1530 3.
343 1470 565 1546 Ἐπειδή
615 1498 760 1540 τινες
808 1471 1184 1544 ὑπειλήφασιν
1231 1471 1334 1544 τὴν
1375 1478 1574 1544 βίβλον
1618 1476 1731 1530 τῶν

122 1562 372 1630 Ψαλμῶν
402 1557 611 1632 ὕμνους
641 1557 814 1630 μόνον
846 1564 924 1624 εἰς
948 1555 1084 1614 θεὸν
1114 1558 1206 1613 καὶ
1233 1553 1380 1633 ω’δάς
1404 1556 1730 1629 θεολογικάς

113 1644 421 1715 περιέχειν,
466 1639 532 1699 οῦ
573 1641 684 1716 μὴν
723 1642 815 1699 καὶ
861 1640 1202 1714 προγνώσεις
1242 1638 1377 1698 οὐδὲ
1414 1639 1731 1713 μελλόντων

111 1733 478 1799 προφητείας,
530 1731 690 1784 τοῦτο
731 1729 952 1799 πρῶτον
1005 1729 1391 1799 ἐπιτηρητέον,
1445 1724 1517 1791 ὥς
1557 1732 1730 1798 μυρία

47 1837 89 1870 20
110 1817 430 1879 θεσπίζεται
464 1810 537 1867 δι’
575 1808 786 1883 αὐτῶν,
833 1807 867 1866 ἃ
898 1812 990 1867 καὶ
1032 1808 1244 1883 μακρὸν
1275 1806 1344 1866 ἂν
1370 1818 1454 1882 εἴη
1486 1827 1729 1882 συναγα-

111 1909 232 1968 γεῖν
296 1897 384 1952 ἐπὶ
435 1901 534 1953 τοῦ
589 1893 889 1966 παρόντος,
950 1891 1113 1966 ἀρκεῖ
1163 1895 1226 1950 δὲ
1277 1892 1591 1967 χρήσασθαι
1651 1900 1729 1960 εἰς

110 1985 423 2052 μαρτυρίαν
452 1984 550 2037 τοῦ
581 1978 748 2052 λόγου
795 1977 896 2036 δύο
949 1986 1198 2051 Ψαλμοῖς
1243 1980 1729 2051 ἐπιγεγραμμένοις

109 2064 212 2136 μὲν
240 2067 343 2120 τοῦ
375 2062 580 2138 Ἀσάφ,
630 2066 936 2136 εἰρημένοις
983 2063 1043 2120 δὲ
1075 2061 1212 2120 κατὰ
1242 2060 1369 2128 τοῦς
1409 2065 1509 2119 τοῦ
1539 2065 1729 2134 Δαβὶδ

110 2146 356 2221 χρόνους.
423 2153 472 2206 4.
521 2146 580 2206 τὸ
621 2151 923 2220 τηνικαῦτα
962 2147 1069 2220 γὰρ
1112 2144 1190 2213 εἷς
1227 2150 1340 2204 τῶν
1382 2151 1727 2220 ἱεροψαλτῶν
1754 2167 1775 2199 b

46 2258 87 2291 25
109 2231 138 2289 ὁ
162 2230 338 2305 Ἀσὰφ
368 2232 677 2307 τυγχάνων,
712 2231 785 2298 ὡς
818 2235 876 2289 ἐν
906 2237 972 2306 τῇ
1003 2237 1183 2308 βίβλῳ
1213 2234 1438 2305 φέρεται
1468 2236 1580 2288 τῶν
1611 2241 1727 2288 Πα-

109 2318 553 2390 ραλειπομένων,
606 2315 732 2383 τοῦς
787 2319 1291 2389 ἐπιγεγραμμένους
1345 2314 1520 2372 αὐτοῦ
1572 2322 1729 2372 Ψαλ-

109 2400 246 2472 μους
290 2408 432 2477 θείῳ
483 2401 757 2474 πνεύματι
804 2399 1220 2474 προσεφώνησε.
1300 2402 1351 2454 5.
1405 2405 1463 2454 τί
1510 2397 1578 2470 δὴ
1623 2390 1727 2455 οῦν

110 2485 462 2556 περιέχουσιν
502 2490 559 2542 οἱ
598 2490 846 2556 Ψαλμοί;
896 2481 1228 2557 προρρήσεις
1269 2485 1365 2553 τῆς
1407 2488 1727 2555 πολιορκίας

108 2571 203 2638 τῆς
251 2571 536 2641 βασιλικῆς
589 2567 799 2634 πόλεως
847 2571 946 2624 τοῦ
991 2564 1276 2624 Ἰουδαίων
1324 2573 1555 2636 ἔθνους,
1607 2563 1726 2637 ἥτις

45 2678 86 2710 30
110 2651 342 2723 γέγονεν
375 2650 537 2723 ἐγγύς
569 2675 677 2709 που
709 2658 1088 2716 πεντακοσίοις
1111 2656 1252 2707 ἔτεσι
1274 2648 1411 2723 μετὰ
1432 2651 1534 2721 τὴν
1558 2648 1699 2723 πρόρ
1714 2682 1727 2690 ⁴

110 2755 287 2807 ρησιν.
358 2740 403 2791 6.
453 2738 598 2808 λέγει
646 2732 697 2792 δ’
745 2727 847 2793 οῦν
886 2734 914 2792 ὁ
948 2735 1349 2808 ἑβδομηκοστὸς
1393 2740 1571 2807 τρίτος
1604 2737 1715 2791 ἐπι-

230 2860 283 2899 25
318 2861 339 2898 1
372 2859 480 2902 Par.
515 2860 580 2910 16,
613 2861 653 2899 4.
