1946 3158
589 137 898 179 DEMONs'r.
932 137 1149 178 EVANG.
1183 137 1216 179 1.
1251 131 1316 177 6.·
1660 135 1727 188 47
1799 134 1802 135 ’

123 255 665 327 νενομοθετημένην·
716 251 855 325 αὕτη
880 254 983 326 γάρ
1007 246 1078 325 ἦν
1109 252 1244 310 κατά
1274 253 1377 326 τὴν
1410 258 1598 320 ἔξοδον
1627 253 1730 325 τὴν

122 337 216 395 ἀπ’
266 337 556 411 Αἰγύπτου
594 353 708 404 τοῖς
741 337 1028 405 Ἰουδαίοις
1068 344 1468 409 παραδοθεῖσα.
1541 343 1731 406 ἔδοξεν

123 420 194 480 ἀν
222 447 326 480 ουν
358 428 619 480 ἐναντίαν
659 422 902 495 εἰσάγειν
932 423 1053 523 δ’τήν
1082 422 1281 495 καινήν
1324 421 1604 494 διαθήκην
1633 425 1733 480 τοῦ

122 507 330 579 τρόπου
370 514 464 580 τῆς
506 515 830 578 θεοσεβείας
870 533 984 565 των
1023 506 1316 609 ἀμφὶρτόν
1322 506 1567 581 Ἀβραάμ
1597 517 1732 564 θεο-

80 616 100 648 5
123 599 334 666 φιλῶν,
371 599 422 648 εἰ
449 591 523 664 μὴ
555 591 794 664 ἀκριβῶς
829 593 1208 666 ἐπεσημήνατο
1239 591 1420 693 φήσας
1457 588 1562 648 “οὐ
1594 591 1731 648 κατά

121 676 222 750 τήν
248 675 570 749 διαθήκην
550 702 620 750 ην
647 680 914 750 διεθέμην
937 693 1049 744 τοῖς
1083 677 1355 748 πατράσιν
1389 674 1576 734 αὐτῶν
1607 674 1728 734 κατ’

124 765 303 820 ἐκεινο
334 767 558 836 καιροῦ,
592 761 730 820 καθ’
764 759 830 819 ὃν
863 762 1129 835 ἐξήγαγον
1169 760 1373 829 αὐτούς
1407 766 1465 819 ἐκ
1495 765 1594 834 γῆς
1627 768 1733 820 Αἰ-

122 846 377 920 γύπτουῖ

251 937 333 988 61.
376 929 459 989 Οὔ
491 930 627 988 κατά
667 930 767 1003 τὴν
805 928 914 988 ὑπὸ
948 935 1198 998 Μωσέως
1229 930 1335 1003 άρα
1368 933 1454 987 ἐπὶ
1486 935 1581 1002 τῆς
1615 929 1732 998 ἐξό-

59 1040 99 1072 ιο
126 1021 228 1073 δου
259 1019 350 1073 καὶ
383 1019 468 1074 ἐπὶ
502 1021 597 1089 τῆς
630 1016 765 1073 κατὰ
806 1017 907 1089 τὴν
949 1023 1152 1090 ἔρημον
1185 1019 1469 1088 διατριβῆς
1501 1039 1731 1087 νενομο-

122 1104 438 1174 θετημένην
469 1109 698 1158 ἔσεσθαι
727 1101 830 1173 τὴν
861 1102 1061 1173 καινὴν
1088 1105 1405 1170 ἐθέσπιζεν,
1438 1099 1575 1156 ἀλλὰ
1607 1097 1729 1156 κατ’

123 1189 344 1258 ἐκείνην
385 1187 597 1259 δηλαδὴ
637 1186 739 1259 τὴν
790 1186 1068 1257 πρόπαλαι
1109 1187 1611 1258 πολιτευσαμένην,
1656 1180 1730 1240 δι’

122 1294 187 1342 ης
243 1270 698 1372 κατορθώσαντες
761 1268 1124 1344 ἀνεφάνησαν
1183 1277 1241 1327 οι
1295 1268 1399 1342 πρὸ
1462 1272 1730 1334 Μωσέως.

125 1359 209 1412 62.
245 1354 316 1411 δι’
363 1353 398 1411 ὁὶ
439 1355 506 1426 δὴ
539 1355 733 1413 λοιπὸν
765 1355 870 1428 ἤδη
903 1359 1134 1427 θαρρῶν
1171 1355 1266 1423 τὰς
1296 1358 1408 1412 τῶν
1438 1360 1733 1426 θεοσεβεῖν

62 1464 102 1495 15
128 1441 617 1512 ἐπαγγελλομένων
658 1445 1002 1513 προαιρέσεις
1043 1441 1116 1513 μὴ
1165 1444 1252 1498 ἐπὶ
1284 1439 1405 1511 δυό,
1439 1438 1578 1495 ἀλλά
1608 1445 1733 1509 τρία

0 1561 1 1610 ἶ
126 1528 346 1597 διαιροῦ
375 1525 648 1597 τάγματα,
681 1524 742 1581 τό
772 1550 828 1582 τε
851 1531 962 1582 τῶν
984 1529 1266 1591 παντελῶς
1300 1530 1734 1596 εἰδωλολατρῶν,

125 1613 238 1665 τῶν
281 1607 349 1680 δὴ
393 1612 478 1665 ἐπὶ
519 1608 620 1682 τὴν
660 1609 944 1667 πολύθεον
984 1609 1201 1681 πλάνην
1233 1607 1733 1679 ἀποπεπτωκότων,

125 1696 216 1750 καὶ
248 1692 307 1750 τό
339 1697 450 1750 των
494 1697 552 1750 ἐκ
595 1699 887 1767 περιτομῆς
932 1694 1024 1751 διὰ
1056 1698 1306 1760 Μωσέως
1341 1696 1427 1750 ἐπὶ
1458 1691 1553 1749 τὸν
1583 1694 1736 1761 πρῶ-

124 1802 221 1835 τον
252 1776 682 1851 ἀνεληλυθότων
704 1782 800 1850 τῆς
834 1777 1119 1851 εὐσεβείας
1154 1776 1396 1850 βαθμὸν,
1429 1780 1519 1833 καὶ
1551 1783 1737 1847 τρίτον

61 1887 105 1918 20
124 1862 185 1919 τὸ
217 1867 330 1920 τῶν
377 1863 873 1936 ἐπαναβεβηκότων
918 1864 1007 1920 διὰ
1048 1868 1142 1936 τῆς
1185 1860 1543 1935 εὖαγγελικῆς
1578 1866 1736 1917 διδα-

126 1955 376 2019 σκαλίας,
407 1946 436 2005 ὃ
469 1951 559 2005 καὶ
590 1952 701 2005 τῶν
738 1955 898 2006 δυεῖν
929 1951 1098 2020 μέσον
1129 1947 1502 2021 παρεμβαλων
1530 1943 1729 2018 μηκέθ’

125 2029 266 2106 ἡγοῦ
295 2031 423 2099 τοὺς
454 2030 560 2090 ἀπὸ
586 2032 872 2091 Ἰουδαίων
913 2034 1323 2106 ἀφισταμένους
1363 2031 1581 2096 πάντως
1616 2035 1736 2086 δεῖν

130 2116 218 2191 ἐφ’
258 2116 621 2192 Ελληνισμὸν
663 2122 975 2189 ἐκπίπτειν,
1019 2119 1159 2191 μηδε
1201 2143 1328 2182 τους
1372 2119 1423 2184 ἐξ,
1456 2113 1738 2186 Ελλήνων

15 2204 26 2283 ξ
127 2199 552 2276 ἀναχωροῦντας
587 2201 907 2276 ἐξάνάγκης
931 2209 1129 2294 χρῆναι
1153 2201 1454 2266 Ἰουδαίους
1488 2208 1736 2270 ἔσεσθαι,

15 2286 21 2310 ³
64 2310 104 2342 25
127 2287 224 2344 τὸν
278 2289 338 2345 δε
389 2293 557 2361 μέσον
601 2287 743 2345 ἑλὼν
786 2286 884 2345 τὸν
923 2296 1113 2360 τρίτον
1165 2286 1416 2390 εὑρήσεις
1462 2284 1578 2342 ἅνω
1628 2307 1736 2340 που

129 2375 366 2444 ἑστωτα,
409 2376 500 2429 καὶ
533 2371 716 2444 ω’σπερ
761 2372 847 2444 ἐφ’
885 2371 1231 2444 ὑψηλοτάτης
1262 2371 1567 2442 ἀκρωρειάς
1599 2367 1731 2424 ἀνα-

130 2457 432 2530 βεβηκότα,
468 2460 816 2527 ἑκατέρωθεν
850 2459 910 2514 δὲ
942 2457 1088 2514 κάτω
1119 2457 1247 2522 τούς
1281 2453 1505 2519 λοιποὺς
1536 2451 1738 2509 ἀπολε-

131 2541 371 2600 λοιπότα.
434 2547 515 2599 63.
542 2539 820 2610 (Ελλήνων
851 2544 952 2615 μὲν
976 2541 1078 2615 γάρ
1106 2545 1410 2614 ἐκπέφευγε
1431 2538 1532 2610 τὴν
1563 2534 1739 2594 ἔθεον

130 2629 221 2682 καὶ
245 2622 570 2698 πολυπλανῆ
596 2633 1039 2700 δεισιδαιμονίαν
1063 2628 1152 2683 καὶ
1174 2626 1267 2690 τὰς
1290 2624 1580 2695 ἀνειμένας
1608 2646 1737 2692 πορ-

68 2734 107 2764 30
132 2724 282 2780 νείας
313 2738 370 2770 τε
401 2716 490 2769 καὶ
525 2712 810 2784 ἀκοσμίας,
837 2711 1123 2770 Ἰουδαίων
1148 2712 1205 2767 δὲ
1230 2706 1490 2778 ᾧσαύτως
1510 2707 1613 2778 τὴν
1628 2704 1738 2763 ὑπὸ

132 2803 382 2864 Μωσέως
413 2797 577 2869 ἀτελῆ
622 2801 713 2854 καὶ.
746 2794 834 2853 οἷα
864 2804 1082 2868 νηπίοις
1124 2797 1212 2851 καὶ
1247 2793 1513 2851 ἀσθενέσι
1544 2789 1738 2847 κατάλ-

133 2893 302 2959 ληλον
346 2887 832 2957 ἐθελοθρησκείαν.
923 2879 1019 2938 τὸν
1059 2886 1265 2938 οἰκεῖον
1307 2881 1366 2936 δὲ
1407 2875 1632 2935 ἄνωθεν
1672 2873 1737 2931 οὐ

19 2975 46 3158 ἰ
