1992 3186
249 118 355 169 224
894 114 896 116 ’
927 119 1174 161 EUSEBH

249 232 477 309 ἀρχικόν
499 258 557 291 τε
582 232 674 291 διά
692 239 867 291 ταῦτα
890 236 982 290 καὶ
1005 232 1294 306 βασιλικὸν
1316 241 1429 292 τῶν
1449 237 1535 292 ἐπὶ
1561 240 1658 310 γῆς
1682 235 1856 296 ἀπάν-

247 343 359 377 των
390 317 543 395 ζςόων
574 325 811 389 καθίστη
842 316 938 374 τὸν
967 315 1300 392 ἄνθρωπον,
1347 318 1648 394 ἐλεύθερόν
1675 345 1734 378 τε
1765 325 1856 380 καὶ

248 400 605 470 αὐτεξούσιον
633 406 727 474 τῆς
761 408 836 467 εἰς
877 401 936 458 τὸ
968 401 1137 459 καλὸν
1167 398 1200 475 ἢ
1235 409 1310 469 εἰς
1343 401 1672 461 τούναντίον
1702 404 1856 479 ἠφίει

203 511 226 543 d
250 485 421 545 αὐτὸν
453 491 639 561 ῥοπῆς.
716 491 762 542 8.
795 484 824 542 ὁ
873 487 932 542 δὲ
977 484 1044 542 οὐ
1089 490 1267 554 καλῶς
1307 490 1375 561 τῇ
1414 485 1856 563 αὖτεξουσιότητι

248 569 615 645 χρησάμενος,
657 576 752 642 τῆς
792 568 966 644 ὀρθῆς
990 573 1319 643 διατραπεὶς
1347 569 1511 644 ὁδοῦ,
1558 571 1662 644 τὴν
1692 577 1854 632 ἐναν-
1877 598 1897 630 5

247 663 372 711 τίαν
413 651 659 729 ὡρμᾶτο,
700 652 836 727 μήτε
876 653 1014 711 θεὸν
1043 652 1177 728 μήτε
1210 653 1432 729 κύριον,
1475 653 1600 728 μήτ’
1638 663 1716 713 ἔτι
1745 663 1856 715 τῶν

246 737 419 796 ὁσίων
449 740 538 795 καὶ
574 735 825 810 εὐσεβῶν
857 737 1309 812 ἐπιλογιζόμενος,
1342 744 1538 813 θηρῶν
1570 739 1858 813 δὲτρόπον

247 820 466 895 ἀλόγων
518 822 718 890 πάσαις
757 821 1051 896 ἀνημέροις
1091 826 1184 879 καὶ
1234 821 1556 890 ἀκολάστοις
1596 823 1859 897 πράξεσιν

250 911 528 980 ἐγχειρῶν.
590 913 638 964 9.
674 906 856 964 εἰκότα
887 911 1026 979 γοῦν
1057 910 1234 983 ἑαυτῷ
1266 913 1442 964 ποιῶν
1471 906 1499 964 ὁ
1532 908 1858 980 πανάγαθος

247 993 338 1048 καὶ
370 992 750 1064 παμβασιλεῦς
782 990 946 1058 αὐτὸς
977 987 1005 1048 ὁ
1035 989 1264 1059 ὕψιστος
1289 994 1382 1048 καὶ
1403 990 1534 1058 θεὸς
1557 995 1669 1049 τῶν
1691 989 1856 1065 ὅλων,
1882 1018 1922 1050 10

249 1074 320 1141 ὡς
344 1072 414 1132 ἀν
435 1075 509 1149 μὴ
524 1073 753 1149 ἄναρχοι
778 1078 868 1132 καὶ
892 1072 1312 1148 ἀνεπιστάτητοι
1334 1074 1670 1149 θρεμμάτων
1695 1081 1858 1148 δίκην

138 1183 227 1225 [100]
248 1157 466 1232 ἀλόγων
499 1160 612 1216 εἶεν
641 1165 698 1216 οἱ
727 1162 814 1216 ἐπὶ
843 1163 942 1232 γῆς
973 1157 1292 1233 ἄνθρωποι,
1333 1159 1639 1234 προστάτας
1671 1159 1858 1218 αὐτῶν

248 1245 340 1300 καὶ
367 1242 710 1316 ἐπιμελητάς,
746 1242 930 1317 ὥσπερ
955 1241 1106 1310 τινάς
1122 1240 1427 1316 ἀγελάρχας
1451 1246 1545 1300 καὶ
1574 1247 1856 1317 ποιμένας,

137 1351 226 1394 (156)
249 1333 440 1394 θείους
471 1328 738 1400 ἀγγέλους
769 1326 1156 1400 κατεστήσατο,
1187 1327 1458 1402 προτάξας
1481 1327 1744 1386 ἁπάντων
1767 1330 1859 1386 καὶ

201 2024 223 2056 b

247 1424 360 1479 τοῖς
391 1415 561 1469 πᾶσιν
603 1411 899 1485 ἐπιστήσας
938 1409 1034 1468 τὸν
1072 1417 1346 1485 μονογενῆ
1378 1413 1469 1468 καὶ
1509 1411 1858 1486 πρωτότοκον
1881 1436 1921 1470 15

249 1494 422 1553 αὑτοῦ
452 1495 634 1569 λόγον.
699 1501 777 1554 10.
812 1494 989 1573 τούτῳ
1016 1497 1073 1553 δὲ
1098 1498 1303 1571 κλῆρον
1329 1499 1625 1568 ἐξαίρετον,
1657 1493 1859 1563 αὐτούς

247 1577 512 1653 ἀγγέλους
544 1583 635 1638 καὶ
666 1577 1067 1655 ἀρχαγγέλους,
1099 1582 1192 1637 καὶ
1215 1587 1374 1648 θείας
1401 1579 1683 1654 δυνάμεις,
1715 1579 1859 1638 ἀϋλά

247 1687 307 1722 τε
352 1666 443 1721 καὶ
473 1663 853 1739 ὑπερουράνια
883 1663 1200 1738 πνεύματα,
1243 1667 1334 1723 ναὶ
1365 1664 1475 1738 μὴν
1505 1667 1598 1721 καὶ
1626 1669 1738 1723 τῶν
1769 1667 1857 1721 ἐπὶ

248 1753 348 1823 γῆς
388 1748 482 1815 τὰς
527 1752 586 1806 ἐν
625 1747 948 1821 ἀνθρώποις
978 1756 1267 1822 θεοφιλεῖς
1306 1747 1486 1822 ψυχάς
1516 1745 1856 1821 ἀφωρίσατο,

242 1830 434 1905 Ἰακιόβ
467 1835 558 1890 καὶ
582 1832 802 1908 Ἰσραὴλ
825 1829 1097 1907 Ἑβραίων
1129 1839 1520 1906 προσηγορίαις
1562 1834 1855 1890 ἐπικαλου-
1877 1858 1919 1890 20

250 1919 433 1990 μένας.

369 2013 469 2060 Vll.
526 2004 698 2058 Τοῦτο
738 2006 1060 2074 μυστηρίων
1097 1997 1157 2056 τὸ
1195 2000 1452 2071 μέγιστον
1481 2005 1693 2072 πρῶτος
1723 2010 1857 2058 θεο-

250 2082 430 2155 λόγων
470 2087 682 2157 Μωσῆς
726 2088 785 2141 ἐν
825 2082 1153 2157 ἀπορρήτοις
1188 2079 1476 2156 Ἐβραίους
1518 2084 1646 2151 τοὺς
1686 2083 1856 2141 πάλαι

251 2167 624 2240 ἐμυσταγώγει
656 2171 834 2239 λέγων
855 2167 884 2188 “
896 2166 1243 2239 ἐπερώτησον
1272 2166 1369 2224 τὸν
1399 2170 1606 2241 πατέρα
1630 2186 1732 2225 σου
1762 2169 1854 2225 καὶ

249 2250 546 2324 ἀναγγελεῖ
575 2270 661 2308 σοι
691 2250 819 2317 τούς
851 2253 1259 2325 πρεσβυτέρους
1283 2270 1385 2308 σου
1409 2255 1500 2309 καὶ
1533 2255 1725 2325 ἐροῦσί
1751 2269 1849 2309 σοι.
1875 2276 1917 2308 25

249 2332 341 2392 ὅτε
383 2338 682 2409 διεμέριζεν
712 2334 740 2392 ὁ
773 2333 1000 2404 ὕψιστος
1033 2340 1200 2409 ἔθνη,
1245 2336 1317 2402 ὡς
1360 2339 1669 2410 διέσπειρεν
1697 2334 1855 2402 υἱοὺς

210 2418 443 2493 εἈδάμ,
486 2426 714 2493 ἔστησεν
752 2417 876 2491 ὅρια
921 2424 1107 2476 ἐθνῶν
1159 2417 1280 2476 κατ’
1324 2417 1566 2493 ἀριθμὸν
1604 2418 1855 2492 ἀγγέλων

251 2508 418 2576 θεοῦ,
458 2507 548 2561 καὶ
596 2502 835 2577 ἐγενήθη
875 2506 1028 2578 μερὶς
1068 2511 1265 2576 κυρίου
1298 2503 1425 2571 λαός
1467 2503 1638 2561 αὐτοῦ
1663 2502 1856 2576 Ἰακώβ

252 2594 544 2662 σχοίνισμα
575 2595 940 2661 κληρονομίας
972 2586 1144 2644 αὐτοῦ
1170 2586 1440 2661 Ἰσραήλ.”

380 2678 427 2729 2.
469 2673 582 2730 Διά
620 2672 832 2730 τούτων
871 2675 1008 2744 γοῦν
1047 2671 1281 2740 ὕψιστον
1316 2674 1418 2746 μὲν
1455 2672 1552 2730 τὸν
1592 2669 1853 2730 ἀνωτάτω
1876 2697 1916 2728 30

253 2757 343 2811 καὶ
377 2759 464 2812 ἐπὶ
495 2760 628 2813 πάσι
657 2755 796 2815 θεὸν
825 2760 936 2814 τῶν
964 2755 1110 2814 ὅλων
1133 2753 1410 2830 ὀνομάζει,
1443 2756 1636 2831 κύριον
1669 2757 1729 2813 δὲ
1758 2755 1854 2814 τὸν

252 2838 449 2897 τούτου
491 2841 681 2914 λόγον,
729 2841 824 2899 τὸν
872 2840 939 2914 δὴ
980 2842 1071 2898 καὶ
1113 2844 1384 2916 δευτέρως
1423 2840 1557 2915 ἡμῖν
1595 2839 1729 2914 μετά
1758 2839 1854 2898 τὸν
