1946 3158
235 127 301 178 12
910 127 1156 168 EUSEBII

235 243 489 317 ράσομαι,
522 246 613 300 καὶ
646 240 1184 314 ἐνευλογηθήσονται
1217 245 1275 299 ἐν
1315 244 1403 299 σοὶ
1432 245 1603 299 πᾶσαι
1645 245 1708 299 αἰ
1733 266 1836 343 φυ-

233 331 324 386 λαὶ
365 335 459 400 τῆς
500 330 636 400 γῆς]
735 329 827 383 καὶ
865 325 1034 383 πάλιν
1078 327 1106 383 ὁ
1156 326 1288 394 θεὸς
1329 322 1494 384 ‘effus‘
1497 323 1600 398 “μὴ
1641 325 1838 399 κρύψω

236 412 341 485 ἐγώ
402 411 509 469 ἀπὸ
563 410 808 510 Ἀβραὰμ
852 414 950 467 τοῦ
1006 409 1201 478 παιδός
1257 435 1364 484 μου
1419 409 1454 467 ἃ
1509 408 1614 483 ἐγω
1669 413 1836 479 ποιῶς

225 495 472 572 Ἀβραὰμ
536 498 597 553 δὲ
659 494 951 568 γενόμενος
1004 500 1154 552 ἔσται
1207 501 1283 562 εἰς
1336 501 1499 562 ἔθνος
1557 495 1694 567 μέγα
1747 497 1837 551 καὶ

234 582 375 639 πολὺ
417 584 508 638 καὶ
549 577 1089 652 ἐνευλογηθήσονται
1122 583 1181 636 ἐν
1213 578 1362 654 αὐτῷ
1392 578 1570 637 πάντα
1601 577 1666 635 τὰ
1697 585 1836 651 ἔθνη
1859 598 1883 630 5

233 669 328 738 τῆς
365 662 519 738 νῆς.”

366 796 444 848 13.
494 795 625 858 Πῶς
668 788 718 847 δ’
768 785 839 846 ἂν
880 797 1109 862 ἔμελλον
1147 793 1221 866 τῷ
1259 786 1499 862 Ἀβραὰμ
1545 793 1839 862 ἐνευλογη-

235 875 516 948 θήσεσθαι
569 874 748 932 πάντα
787 872 853 931 τά
895 876 1174 946 ἔθν·η’καὶ
1224 878 1395 930 πᾶσαι
1437 878 1498 930 αἱ
1533 877 1705 974 φυλαὶ
1745 878 1841 947 τῆς

235 965 361 1033 γῆς,
406 965 455 1017 εἰ
483 963 659 1033 μηδέν
689 983 739 1015 τι
781 957 1151 1031 προσήκοντες
1191 954 1441 1031 ὑπῆρχον
1482 955 1662 1034 αὐτῷ,
1705 957 1839 1031 μήτε

236 1043 372 1102 κατὰ
404 1047 583 1117 ψυχῆς
624 1041 829 1115 τρόπον
870 1041 1004 1115 μήτε
1035 1041 1171 1100 κατά
1202 1042 1450 1116 σώματος
1483 1044 1837 1115 συγγενειαν;
1863 1060 1906 1090 10

235 1134 329 1201 τῆς
360 1151 419 1185 τε
449 1128 553 1201 γὰρ
586 1125 722 1184 κατά
753 1126 931 1199 σάρκα
971 1134 1298 1199 συγγενείας
1337 1132 1420 1192 τίς
1460 1129 1530 1199 ἠν
1570 1125 1704 1227 πρὸς
1744 1126 1839 1184 τὸν

231 1211 474 1286 Ἀβραὰμ
507 1213 802 1285 συγγένεια
835 1209 1118 1283 Σκύθαις,
1161 1214 1296 1311 φέρε
1339 1216 1546 1282 εἰπεῖν,
1587 1207 1622 1281 ἢ
1667 1218 1835 1283 Αἰγυ-

237 1304 434 1369 πτίοις,
467 1295 498 1369 ἡ
533 1302 825 1367 Αἰθίοψιν,
859 1292 891 1367 ἢ
916 1295 1129 1366 Ἰνδοις,
1162 1291 1194 1367 ἢ
1225 1305 1573 1367 Βρεττανοῖς,
1605 1292 1638 1366 ἢ
1664 1290 1839 1352 Ισπα-

236 1395 384 1451 νοῑς,
429 1378 461 1453 ἢ
502 1404 616 1447 πως
657 1405 726 1436 αν
765 1383 936 1436 ταῦτα
980 1379 1044 1436 τὰ
1085 1387 1225 1451 ἔθνη
1276 1381 1366 1435 καὶ
1410 1377 1475 1435 τά
1510 1385 1588 1436 ἔτι
1627 1377 1840 1435 τούτων

236 1462 596 1542 απφκισμένα
627 1466 721 1536 τῆς
753 1462 888 1536 πρὸς
920 1462 1015 1520 τὸν
1043 1461 1287 1536 Ἀβραάμ
1322 1461 1457 1519 κατά
1500 1461 1678 1535 σάρκα
1709 1481 1836 1534 συγ·
1863 1480 1907 1510 15

235 1558 452 1623 γενείας
476 1548 638 1623 χάριν
665 1555 891 1621 ἔμελλον
907 1546 1417 1620 εὐλογηθήσεσθαι,
1456 1551 1532 1604 14.
1559 1544 1681 1603 ἀλλ’
1707 1544 1839 1604 ου’δε

234 1637 329 1706 τῆς
371 1633 506 1690 κατὰ
548 1630 733 1707 ψυχὴν
776 1629 1026 1705 εὐλογίας
1070 1630 1212 1698 εἰκὸς
1253 1633 1323 1703 ἠν
1364 1629 1728 1703 κοινωνήσειν
1766 1637 1840 1706 τῷ

228 1717 475 1791 Ἀβραὰμ
506 1715 686 1775 πάντα
716 1741 781 1774 τα
815 1723 970 1789 ἔθνη.
1033 1721 1148 1782 πῶς
1178 1715 1314 1789 γάρ,
1365 1713 1456 1772 ότε
1498 1714 1564 1771 τὰ
1603 1740 1706 1787 μεν
1737 1713 1841 1772 αὐ-

146 1831 213 1869 (nz,
239 1805 672 1874 vc5v⁴e³xfig6fflot9
702 1806 1098 1874 μητρογαμίαις
1130 1802 1221 1856 καὶ
1260 1802 1740 1872 θυγατρομιξίαις,
1775 1799 1839 1856 τὰ

238 1883 291 1942 δ’
334 1883 655 1950 ἀκολάστοις
694 1880 930 1958 ὁμιλίαις
971 1880 1223 1958 άρρένων
1264 1883 1398 1957 πρὸς
1439 1881 1674 1955 ἄρρενας
1715 1882 1836 1941 ἄνε-
1861 1900 1907 1931 20

235 1968 471 2042 φύρετο,
523 1968 588 2025 τὰ
631 1969 692 2025 δὲ
730 1966 833 2040 τὴν
875 1966 1161 2039 εὐσέβειαν
1230 1970 1289 2024 ἐν
1339 1964 1838 2041 άνθρωποθυσίαις

237 2057 328 2110 καὶ
361 2052 514 2130 ζῴων
544 2051 762 2125 ἀλόγων
791 2058 1131 2123 θεοποιίαις,
1175 2050 1393 2124 ἀψύχου
1424 2075 1482 2109 τε
1512 2049 1646 2124 ὕλης
1680 2052 1840 2124 ἱδρύ-

237 2156 400 2210 μασι,
441 2139 533 2194 καὶ
584 2135 917 2209 πνευμάτων
970 2139 1342 2193 πολυπλανῶν
1384 2141 1838 2210 δεισιδαιμονίαις

235 2219 550 2293 ἀνετίθετο,
583 2219 648 2278 τά
681 2226 742 2277 δε
774 2224 976 2290 ζῶντας
1017 2225 1335 2277 κατακαίειν
1374 2219 1499 2286 τους
1539 2219 1838 2294 γεγηρακό-

235 2330 349 2378 τας,
381 2304 446 2362 τά
480 2306 541 2362 δε
571 2307 699 2378 περὶ
729 2329 856 2373 τους
888 2303 1184 2377 φιλτάτους
1225 2303 1625 2413 παραδιδόναι,
1668 2330 1733 2361 τα
1776 2305 1837 2361 δε
1859 2318 1905 2350 25

235 2393 327 2447 καὶ
369 2396 582 2462 νεκρῶν
629 2387 1008 2461 ἀπογεύεσθαι
1049 2387 1218 2445 καλὸν
1273 2388 1415 2445 εἶναι
1465 2391 1556 2444 καὶ
1608 2385 1837 2461 ευσεβες

235 2471 449 2548 ἡγειτο,
484 2478 566 2531 15.
584 2496 700 2541 πως
731 2475 834 2530 οὐν
859 2497 985 2539 τους
1010 2475 1068 2530 ἐν
1087 2497 1163 2530 τω
1186 2471 1415 2530 τοιούτω
1436 2470 1706 2544 θηριώδει
1731 2479 1836 2549 βίῳ

235 2560 618 2660 προηγμένους
657 2561 753 2631 τῆς
791 2563 890 2615 τοῦ
930 2559 1230 2630 θεοφιλοῦς
1273 2570 1566 2630 μετασχειν
1610 2554 1729 2613 οἷόν
1778 2579 1836 2612 τε

235 2645 304 2715 ἠν
337 2640 616 2715 εὐλογίας,
660 2649 711 2700 εἰ
738 2639 937 2715 μήποτ’
972 2639 1079 2715 ἄρα
1118 2644 1211 2713 τῆς
1251 2645 1559 2714 θηριωδίας
1599 2647 1840 2713 μεταβα-

348 2866 371 2903 2
406 2864 515 2904 Gen.
545 2865 698 2914 18,17.
