1992 3186
595 117 902 160 DEMONST.
932 118 1152 160 EVANG.
1183 119 1309 160 vm.
1342 120 1383 160 2.
1672 116 1777 169 535

170 243 397 293 πλεῖστα
426 232 528 290 ὅσα
557 231 623 291 τα
652 233 854 307 μεταξὺ
884 231 1342 307 προφητευόμενα
1363 237 1459 305 τῆς
1483 232 1777 306 λειπούσης
1801 256 1823 288 d

168 322 294 393 μιᾶς
326 316 663 392 ἑβδομαδος,
708 316 774 375 τοὶ
814 317 976 376 λοιπὰ
1008 317 1188 375 πάντα
1231 315 1322 375 δια
1351 321 1524 392 μέσου
1554 321 1649 390 τῆς
1679 342 1774 375 του

169 407 418 478 χρησμοῦ
470 401 827 477 προρρήσεως
881 405 1141 476 εἰρημένα
1194 405 1545 476 ἐπιτελεῖται,
1600 399 1635 459 δι’
1685 405 1777 460 καὶ

170 487 310 544 αὐτὰ
349 490 545 545 τοῦτον
590 493 700 560 ἔχει
743 486 841 545 τὸν
884 486 1122 561 τρόπον
1128 485 1285 560 μετὰ
1323 487 1419 554 τὰς
1462 485 1812 561 ἑβδομάδας[
1802 512 1887 554 [-.4η

127 596 149 628 5
170 572 264 639 τὰς
285 571 420 630 ἑπτὰ
440 573 532 630 καὶ
568 570 831 643 ἑξήκοντα
866 570 968 629 δύο
1001 571 1534 644 ε’ξολοθρευθήσεται
1552 587 1774 647 χρῖσμα,

169 659 261 714 καὶ
292 663 460 730 κρίμα
491 654 594 715 οὐκ
626 664 776 714 ἔστιν
808 659 868 713 έν
898 654 1061 732 αὐτῷ.
1131 658 1224 712 καὶ
1254 654 1353 728 τὴν
1395 655 1557 715 πόλιν
1596 659 1687 714 καὶ
1718 655 1778 714 τὸ

167 739 327 814 ἅγιον
361 747 660 814 διαφθερεῖ
686 739 792 798 σὺν
821 743 898 818 τῷ
927 736 1217 817 ἡγουμένῳ
1248 743 1326 816 τῷ
1357 742 1651 819 ἐρχομένῳ,
1684 743 1774 798 καὶ

171 824 565 898 ἐκκοπήσονται
607 828 666 882 ἐν
706 829 1102 901 κατακλυσμῷ,
1143 827 1234 881 καὶ
1267 827 1367 891 ἕως
1397 829 1588 892 τέλους
1619 829 1778 883 πολέ·

167 934 274 982 μου
316 912 763 984 συντετμημένου
803 906 1189 982 ἀφανισμοῖς.”
1266 914 1348 967 88.
1383 911 1474 967 καὶ
1513 913 1685 967 ταῦτα
1717 911 1778 968 δὲ

105 1020 145 1051 10
170 999 375 1067 ἐναργῆ
418 992 518 1067 τὴν
556 1000 786 1066 ἔκβασιν
827 1001 1020 1067 εἴληφε
1059 992 1175 1050 κατ’
1234 990 1403 1051 αὐτὸν
1451 992 1778 1067 Αὔγουστον

168 1080 257 1136 καὶ
282 1077 564 1151 (Ηρώδην,
614 1083 692 1144 εἰς
732 1074 830 1144 οὓς
872 1076 967 1144 τὰς
999 1080 1399 1153 προειρημένας
1445 1077 1579 1136 ἑπτὰ
1613 1081 1779 1150 ἑβδο-

165 1161 344 1236 μάδας
374 1168 935 1236 συγκεφαλαιοῦσθαί
960 1186 1158 1236 φαμεν.
1212 1159 1328 1240 ὁδῷ
1349 1165 1489 1236 γοῦν
1513 1165 1604 1220 καὶ
1631 1162 1777 1231 τάξει

166 1254 263 1304 τοῦ
309 1247 446 1305 κατὰ
498 1245 601 1321 τὴν
645 1244 1064 1321 ἀρχιερωσύνην
1117 1253 1413 1321 χρίσματος
1458 1250 1615 1322 μέχρι
1667 1252 1779 1305 τῶν

158 1330 413 1405 (Ηρώδου
454 1335 545 1388 καὶ
586 1330 919 1404 Αὐγούστου
958 1330 1176 1438 χρόνων
1217 1335 1639 1406 διαρκέσαντος,
1684 1335 1779 1406 τῆς

103 1439 143 1471 ι5
167 1441 223 1474 τε
270 1421 530 1490 διαδοχῆς
574 1440 686 1473 των
731 1415 902 1473 πάλαι
945 1413 1248 1491 αρχιερέων
1289 1419 1379 1474 ἐπὶ
1415 1414 1780 1489 Ἀλέξανδρον

166 1499 261 1557 τὸν
292 1499 561 1573 Ίρκανοῦ
611 1502 820 1573 πατέρα
871 1507 1343 1608 περιγραφείσης,
1380 1497 1630 1574 Ἡρώδης
1681 1500 1779 1557 τὸν

156 1583 427 1654 Υρκανόν
466 1578 685 1642 ἀνελων
723 1581 907 1642 οὐκέτι
950 1598 1062 1651 τοῖς
1104 1589 1164 1642 ἐκ
1202 1588 1456 1657 πατέρων
1501 1583 1777 1657 διαδόχοις
1800 1610 1887 1650 (397)

168 1672 452 1742 ἐπιτρέψαι
483 1671 696 1742 λέγεται
725 1669 827 1741 τὴν
858 1675 1235 1743 λειτουργίαν,
1282 1666 1421 1726 ἄλλά
1464 1691 1610 1727 τισιν
1641 1666 1779 1742 ἆσή-

165 1777 286 1825 μοις
316 1755 408 1810 καὶ
453 1752 728 1826 ἀφανέσιν
773 1750 1109 1827 ἀνθρώποις.
1186 1759 1268 1811 89.
1302 1760 1462 1811 τοῦτο
1511 1754 1572 1811 δὲ
1612 1755 1703 1810 καὶ
1747 1752 1776 1811 ὁ

102 1860 145 1892 20
166 1835 408 1911 χρησμὸς
446 1835 747 1913 προλαβών
795 1842 1093 1895 ἐθέσπισεν
1135 1837 1308 1895 εἰπών
1340 1837 1470 1895 “acal
1512 1836 1646 1911 μετὰ
1683 1837 1778 1904 τὰς

170 1921 480 1996 ἑβδομάδας
531 1923 625 1989 τὰς
667 1919 802 1980 ἑπτα
855 1925 947 1980 καὶ
991 1921 1255 1995 ἑξήκοντα
1296 1922 1397 1980 δύο
1449 1927 1780 1996 ἐξολοθρευ-

166 2005 398 2106 θήσεται
429 2021 658 2080 χρῖσμα,
692 2009 784 2064 καὶ
815 2013 983 2080 κρίμα
1014 2006 1117 2064 οὐκ
1147 2014 1298 2064 ἔστιν
1331 2012 1391 2064 ἐν
1432 2005 1596 2064 αύτω
1605 2005 1634 2026 ”
1693 2012 1774 2063 90.

163 2089 299 2164 ὅπερ
331 2109 522 2164 σαφως
561 2094 653 2149 καὶ
693 2115 745 2148 οι
775 2095 955 2149 λοιποὶ
996 2098 1317 2149 τεθείκασιν
1358 2095 1715 2165 ἑρμηνευταί·
1749 2087 1777 2148 ὁ

165 2175 268 2247 μὲν
294 2173 520 2243 Ἀκύλας
551 2175 768 2249 φήσας
774 2174 889 2234 οκαὶ
907 2199 1053 2249 μετα
1075 2201 1170 2244 τας
1188 2174 1323 2234 ἑπτα
1350 2175 1662 2250 ἑβδομαδας
1686 2178 1778 2232 καὶ

100 2281 142 2313 25
168 2258 428 2332 ἑξήκοντα
461 2259 563 2318 δύο
605 2259 1137 2335 ἐξολοθρευθήσεται
1176 2258 1501 2334 ἠλειμμένος
1542 2263 1633 2317 καὶ
1674 2257 1780 2317 οὐκ

166 2350 317 2402 ε’στιν
355 2343 529 2421 αυτῷ·
521 2341 568 2371 ·“
630 2343 659 2401 ὁ
702 2346 764 2402 δὲ
803 2343 1100 2419 Σύμμαχος
1133 2342 1263 2402 “noel
1302 2345 1436 2418 μετὰ
1477 2343 1573 2410 τὰς
1615 2346 1773 2415 ἑβδο-

165 2425 343 2503 μαδας
381 2428 476 2495 τὰς
517 2451 652 2486 επτα
694 2431 785 2486 καὶ
828 2429 1092 2504 ἑξήκοντα
1125 2429 1229 2486 δύο
1271 2428 1628 2500 ἐκκοπήσεται
1658 2452 1779 2500 χρι-

168 2507 323 2582 στὸς,
355 2514 448 2568 καὶ
478 2509 577 2585 οὐχ
606 2511 838 2586 ὑπάρξει
880 2510 1088 2589 αύτς5.”
1164 2510 1305 2570 ὅθεν
1346 2511 1579 2586 μάλιστα
1611 2519 1777 2583 παρί-
1804 2538 1824 2569 b

167 2600 413 2652 στασθαί
447 2620 538 2668 μοι
579 2601 733 2654 δοκεῖ
770 2597 986 2670 χριστὸς
1039 2595 1344 2668 ἡγούμενος
1388 2597 1530 2653 εἶναι
1569 2597 1597 2652 ὁ
1639 2593 1776 2652 κατὰ

100 2701 144 2733 30
168 2676 268 2750 τὴν
297 2677 568 2751 ἡμετέραν
599 2677 868 2738 ἀπόδοσιν
901 2683 1297 2753 δεδηλωμένος.
1360 2686 1442 2737 91.
1475 2677 1610 2753 μετὰ
1640 2683 1779 2752 γοῦν
1863 2725 1882 2742 4

280 2875 306 2911 4
337 2873 454 2912 Dan.
479 2875 519 2923 9,
545 2874 613 2912 ⁶26.
