1992 3186
235 121 300 172 57
307 121 337 171 6
911 119 1162 161 EUSEBII

236 261 330 311 της
361 234 509 310 παρὰ
543 244 743 293 Μωσεῖ
766 240 1071 308 μαρτυρίας
1110 234 1260 311 αὐτῷ
1291 237 1730 310 παρειλημμένα,
1771 233 1844 308 ἣν

124 348 212 387 (428)
239 324 331 379 καὶ
369 318 567 394 αρτίως
612 317 1024 391 διεληλύθαμεν
1054 315 1149 374 τὸ
1153 315 1204 375 ’ὃ
1243 318 1374 386 θεὸς
1415 316 1704 393 ωδήγησεν
1745 319 1843 377 αὖ·

235 404 331 463 τὸν
374 407 424 471 ἐξ
467 400 793 475 Αίγύπτου”
851 401 1224 475 διηγούμενοι,
1267 407 1384 460 ἐπεὶ
1431 403 1559 477 μηδ’
1609 401 1772 471 αὐτὸς
1812 401 1841 462 ὁ

237 486 626 560 εὖαγγελιστὴς
657 485 763 544 ἀπὸ
787 492 881 559 τῆς
904 489 1003 543 τοῦ
1026 485 1192 559 Ὠσηὲ
1215 494 1553 560 προφητείας
1577 492 1878 562 εἰλῆφθαι,

237 571 385 648 αὑτῷ
414 570 476 628 τὸ
506 569 692 644 λόγιον
725 577 958 644 ἔφησεν,
991 569 1064 638 ὡς
1098 569 1380 628 δυ’νασθαι
1399 573 1489 628 καὶ
1514 571 1692 630 πόθεν
1724 577 1880 630 ἐπι-5

236 655 567 728 ζητήσαντας
621 652 809 730 εὑρεῖν
862 654 995 712 αὐτὸ
1047 662 1332 729 κείμενον,
1385 652 1524 714 ὅθεν
1565 655 1706 724 εἰκὸς
1746 657 1843 715 τὸν

237 739 632 813 εὐαγγελιστὴν
663 743 1004 812 πεποιῆσθαι
1035 738 1207 797 αὐτοῦ
1237 739 1338 814 τὴν
1370 746 1610 798 ἔκθεσιν.

779 961 908 1021 Ἀπὸ
939 967 1037 1021 τοῦ
1062 960 1305 1022 Ἡσαΐου.

191 1103 211 1135 b
362 1076 431 1135 V.
459 1071 666 1148 “Φωνὴ
699 1079 940 1148 βοῶντος
973 1080 1033 1133 ἐν
1062 1079 1127 1151 τῇ
1162 1075 1364 1154 ἐρήμῳ,
1398 1075 1714 1150 ἑτοιμάσατε
1744 1077 1846 1150 τὴν

235 1159 368 1219 ὁδὸν
392 1166 607 1235 κυρίου,
635 1157 859 1227 εὐθείας
883 1173 1090 1218 ποιεῖτε
1112 1160 1206 1228 τὰς
1229 1167 1454 1236 τρίβους
1478 1159 1662 1219 αὐτοῦ.
1696 1165 1844 1219 πᾶσα
1867 1186 1908 1218 10

235 1243 452 1320 φάραγξ
499 1243 956 1318 πληρωθήσεται,
1003 1247 1094 1302 καὶ
1141 1250 1253 1302 πᾶν
1296 1242 1451 1319 ὅρος,
1500 1248 1592 1302 καὶ
1643 1243 1846 1316 βουνὸς

236 1328 733 1402 ταπεινωθήσεται,
766 1331 858 1386 καὶ
884 1336 1032 1386 ἔσται
1056 1327 1122 1386 τὰ
1138 1328 1330 1387 σκολιὰ
1363 1335 1439 1395 εἰς
1466 1326 1720 1402 εὐθεῖαν,
1753 1332 1846 1387 καὶ

238 1419 298 1470 αἱ
323 1426 569 1520 τραχεῖαι
612 1419 688 1479 εἰς
729 1409 893 1479 ὁδους
935 1421 1098 1480 λείας.
1175 1415 1266 1471 καὶ
1297 1410 1609 1487 ὀφθήσεται
1649 1410 1682 1487 ἡ
1715 1412 1846 1482 δόξα

236 1504 452 1572 κυρίου,
487 1499 578 1554 καὶ
610 1496 803 1566 ὄψεται
834 1503 982 1555 πᾶσα
1013 1497 1146 1573 σὰρξ
1169 1496 1229 1555 τό
1261 1496 1535 1574 σωτήριον
1557 1504 1654 1556 τοῦ
1684 1500 1845 1571 θεοῦ,

235 1581 316 1639 ὅτι
349 1581 536 1682 κύριος
571 1580 876 1655 §Mammas
865 1578 896 1601 '²
1867 1605 1910 1638 15

361 1671 409 1724 2.
441 1665 591 1724 Ἐδει
622 1669 714 1723 καὶ
745 1665 952 1739 ταύτην
985 1667 1071 1723 ἐπὶ
1097 1669 1209 1724 τῶν
1231 1646 1448 1740 χρόνων
1470 1672 1571 1724 τοῦ
1602 1669 1846 1741 σωτῆρος

195 1787 211 1809 c
235 1747 393 1823 ἡμῶν
426 1753 514 1807 ἐπὶ
545 1753 714 1822 πέρας
749 1753 937 1809 ἐλθεῖν
967 1749 1068 1823 τὴν
1098 1749 1420 1826 πρόρρησιν.
1485 1749 1677 1825 διόπερ
1709 1749 1845 1807 κατὰ

233 1833 330 1891 τὸν
356 1832 750 1908 εὐαγγελιστὴν
763 1830 1099 1893 Λουκᾶν“ἐν
1123 1841 1229 1892 ἔτει
1254 1833 1725 1911 πεντεκαιδεκάτῳ
1750 1837 1844 1906 τῆς

235 1915 529 1992 ἡγεμονίας
570 1926 828 1991 Τιβερίου
859 1924 1172 1992 Καίσαρος,
1207 1917 1660 1991 ἐπιτροπεύοντος
1691 1927 1845 1977 Πον-

234 2009 356 2059 τίου
387 2002 635 2059 Πιλάτου
665 2006 758 2076 τῆς
794 1999 1094 2074 Ἰουδαίας,
1127 2005 1218 2058 καὶ
1258 2005 1369 2058 τῶν
1401 2004 1577 2080 τούτῳ
1610 2022 1843 2078 συναρι-
1866 2027 1909 2060 20

235 2096 421 2158 θμουμ
432 2087 591 2156 ἐνων,
626 2089 839 2158 ἐγένετο
865 2089 1009 2159 ῥῆμα
1033 2091 1173 2143 θεοῦ
1201 2087 1289 2142 ἐπὶ
1315 2082 1599 2160 Ἰωάννην,
1630 2085 1726 2145 τὸν
1745 2090 1844 2145 τοῦ

237 2175 517 2243 Ζαχαρίου
559 2168 713 2242 υἱὸν,
758 2174 818 2226 ἐν
861 2173 926 2244 τῇ
961 2167 1171 2246 ἐρήμω
1231 2194 1290 2236 ος
1323 2169 1507 2229 ἐλθων
1553 2177 1648 2239 εἰς
1661 2189 1845 2229 πασαν

235 2251 335 2326 τὴν
387 2260 699 2327 περίχωρον
760 2260 860 2311 τοῦ
904 2250 1184 2328 Ἰορδάνου
1247 2253 1515 2326 ἐκήρυσσε
1565 2253 1844 2329 βάπτισμα

235 2344 525 2410 μετανοίας
547 2343 623 2405 εἰς
647 2336 848 2411 άφεσιν
871 2337 1165 2412 αμαρτιῶν.
1254 2337 1465 2405 τούτοις
1492 2336 1547 2395 δ’
1574 2364 1678 2396 ουν
1701 2337 1728 2396 ὁ
1757 2338 1844 2396 εὐ-

238 2421 558 2494 αγγελιστης
592 2425 950 2498 ἐπιμαρτυρεῖ
978 2418 1208 2495 λέγων
1214 2417 1421 2489 καθως
1451 2425 1753 2527 γέγραπται
1785 2426 1845 2481 ἐν
1866 2447 1908 2481 25

237 2512 413 2582 βίβλῳ
447 2505 628 2580 λόγων
650 2506 880 2567 ”Ησα”ίὀυ
909 2512 1008 2564 τοῦ
1049 2505 1362 2581 προφήτου,
1410 2508 1571 2582 φωνὴ
1602 2511 1844 2581 βοωντος

239 2593 298 2646 ἐν
337 2596 403 2663 τῇ
447 2589 657 2668 ε’ρήμω,
707 2590 1025 2665 ἑτοιμάσατε
1070 2590 1171 2664 τὴν
1210 2589 1345 2648 ὁδὸν
1385 2591 1620 2666 κυρίου”
1657 2596 1748 2649 καὶ
1777 2591 1843 2649 τά

192 2697 214 2729 d
238 2675 371 2744 ἑξῆς
433 2678 480 2730 3.
513 2681 569 2730 τί
600 2673 665 2748 δὴ
697 2677 799 2733 οὐν
830 2674 960 2749 ἐβόα
984 2675 1016 2749 ἡ
1045 2675 1135 2733 διὰ
1157 2678 1258 2733 τοῦ
1281 2672 1537 2735 Ἰωάννου
1561 2674 1721 2750 φωνὴ
1755 2678 1843 2734 ἐπὶ

353 2867 376 2904 2
409 2866 537 2908 Num.
561 2869 628 2916 24,
652 2870 693 2909 8.
866 2871 890 2910 9
922 2871 997 2910 Es.
1019 2871 1089 2920 40,
1112 2872 1150 2911 3.
1327 2870 1378 2910 18
1409 2871 1524 2911 Luc.
1547 2873 1587 2922 3,
1616 2872 1650 2910 1.
