1992 3186
502 135 813 179 DEMONST.
846 136 1068 180 EVANG.
1103 136 1180 181 VI.
1205 138 1383 180 16—-18,
1641 137 1744 188 383

123 250 253 310 “ocal
284 250 725 326 καταφεύξονται
757 256 895 324 ἔθνη
921 251 1094 308 πολλὰ
1127 253 1214 308 ἐπὶ
1239 251 1336 309 τὸν
1366 250 1561 324 κύριον
1587 256 1646 309 ἐν
1676 259 1742 326 τῇ

129 334 305 413 ἡμέρᾳ
338 340 551 409 ἐκείνῃ,
583 338 675 392 καὶ
706 341 923 392 ἔσονται
955 334 1107 412 αὐτῷ
1138 342 1215 402 εἰς
1245 334 1399 393 λαόν.
1411 334 1441 355 ”
1495 341 1543 393 3
1569 341 1743 394 ταῦτα

132 423 194 479 δὲ
223 418 252 479 ὁ
283 419 443 494 λόγος
473 420 575 493 τὴν
604 423 890 492 θυγατέρα
922 418 1080 478 Σιων
1121 417 1554 492 εὐαγγελίζεται,
1595 420 1741 478 οὕτω

128 505 231 580 τὴν
262 509 559 578 ἐκκλησίαν
589 507 690 562 τοῦ
728 508 871 561 θεοῦ
909 503 1368 579 προσαγορεύων,
1413 503 1503 561 δια
1543 504 1603 562 τὸ
1646 508 1742 577 τῆς

87 613 106 646 5
131 593 468 664 ἐπουρανίου
502 585 858 662 Ἰερουσαλὴμ
897 592 1182 663 θυγατέρα
1215 587 1357 646 εἶναι
1389 595 1605 662 δοκεῖν,
1622 614 1742 690 μη-

126 673 257 748 τρὸς
288 673 458 747 οὔσης
491 677 706 746 ἐκείνης
735 697 847 730 των
877 669 1084 745 αγίων,
1126 697 1262 730 κατα
1293 673 1390 730 τὸν
1422 672 1574 745 ἱερὸν
1604 670 1742 730 άπό-

129 767 339 816 στολον.
409 763 457 815 4.
490 755 524 830 ἢ
564 760 658 814 καὶ
696 756 874 823 άλλως
913 757 1170 831 θυγάτηρ
1215 756 1373 814 Σιωυ
1412 756 1446 830 ἡ
1481 761 1741 830 ἐκκλησία

128 848 370 916 Χριστοῦ
412 847 639 915 λεχθείη
679 838 776 911 ἂν,
819 837 892 906 ὥς
932 837 1003 897 ὅὶν
1045 845 1104 898 ἐκ
1133 844 1228 913 τῆς
1272 844 1540 915 προτέρας
1572 861 1740 899 συνα-

126 931 308 1000 γωγῆς
338 930 451 984 τῶν
482 929 540 983 ἐκ
571 928 865 999 περιτομῆς
898 923 990 980 διά
1018 947 1078 981 τε
1108 923 1432 982 ἀποστόλων
1456 929 1548 983 καὶ
1573 925 1741 998 εὐαγ-δ
1765 960 1780 982 e

63 1038 103 1068 10
127 1014 396 1084 γελιστεόν
425 1006 730 1080 ὑποστάσα,
763 1016 819 1065 οἳ
845 1010 938 1065 καὶ
961 1007 1278 1081 γεννήματα
1310 1009 1612 1083 ἐτύγχανον
1640 1035 1740 1083 μη*

126 1094 252 1170 πρὸς
268 1098 364 1167 τῆς
381 1093 782 1167 ἀπορριφείσης
809 1092 900 1149 διὰ
919 1091 1012 1159 τοὶς
1037 1099 1245 1160 οἰκείας
1266 1099 1614 1166 δυσσεβείας,
1648 1097 1738 1150 καὶ

125 1178 294 1254 χήρας
323 1179 696 1251 γεγενημένης
739 1177 830 1234 διὰ
867 1175 927 1234 τό
961 1176 1234 1235 ἀπελάσαι
1271 1177 1367 1235 τὸν
1408 1176 1614 1252 ἄνδρα,
1650 1177 1741 1234 δια

126 1267 236 1321 τῶν
287 1267 590 1336 προφητῶν
644 1260 1095 1334 ἐπιμεμψάμενον
1145 1259 1288 1336 αὐτῇ
1337 1264 1429 1319 καὶ
1482 1261 1739 1334 φήσαντα

119 1343 258 1420 ε(οὐχ
302 1343 374 1413 ὦς
413 1345 592 1420 ἄνδρα
635 1371 703 1418 με
746 1344 1005 1412 ἐκάλεσας
1054 1348 1147 1403 καὶ
1187 1349 1396 1419 πατέρα
1437 1349 1530 1403 καὶ
1569 1345 1740 1420 ἆρχη-·

63 1455 103 1488 15
125 1429 227 1505 γὸν
255 1435 352 1503 τῆς
381 1436 691 1504 παρθενίας
722 1427 890 1499 σου;”
939 1426 998 1496 ὃς
1029 1433 1119 1487 καὶ
1149 1443 1263 1496 τοῖς
1296 1433 1349 1498 ἐξ
1381 1427 1549 1502 αὐτῆς
1579 1455 1741 1503 γενο-

124 1519 310 1589 μένοις
332 1513 430 1572 τὸν
453 1513 662 1588 τρόπον
683 1516 778 1586 τῆς
805 1512 1007 1586 μητρὸς
1028 1512 1345 1586 διαβάλλων
1369 1517 1507 1587 φησὶ
1538 1513 1740 1571 “ποῖον

125 1606 286 1658 τοῦτο
327 1599 387 1656 τὸ
428 1604 649 1671 βιβλίον
692 1603 791 1655 τοῦ
823 1594 1163 1655 ἀποστασίου
1193 1601 1289 1668 τῆς
1330 1598 1530 1671 μητρὸς
1564 1596 1738 1671 ὑμῶν,

127 1677 170 1761 ᾧ
203 1685 552 1752 ἐξαπέστειλα
583 1681 786 1754 αυτήν;
792 1680 822 1701 ’
872 1684 965 1738 καὶ
988 1678 1191 1739 πάλιν
1196 1678 1448 1756 κριθῆτε
1471 1682 1607 1754 πρὸς
1637 1683 1738 1754 τὴν
1761 1708 1784 1740 d

126 1770 333 1872 μητέρα
361 1766 548 1841 ὑμων,
581 1769 841 1840 κριθῆτε,
872 1763 955 1822 ότι
986 1765 1124 1838 αὕτη
1155 1790 1221 1823 ου
1253 1791 1396 1839 γυνη
1428 1791 1554 1838 μου,
1587 1790 1737 1837 καγω

63 1876 105 1908 20
126 1852 231 1911 οὐκ
259 1851 400 1927 ἀνὴρ
432 1850 618 1924 αὐτης.
626 1849 657 1870 '’
714 1855 762 1907 5.
798 1849 1019 1917 εἰκότως
1046 1854 1182 1923 δητα
1207 1874 1279 1916 ως
1310 1846 1380 1907 ἂν
1401 1850 1503 1923 τὴν
1532 1853 1739 1925 μητέρα

125 1935 624 2012 ἀπαρνησαμένους
646 1939 744 1993 τοῦ
767 1941 965 2009 κυρίου
987 1933 1089 2007 τὴν
1118 1936 1402 2009 θυγατέρα
1425 1933 1458 2006 ἡ
1483 1938 1739 2007 παροῦσα

127 2027 435 2095 προφητεία
477 2019 880 2093 εὐαγγελίζεται
923 2018 1027 2091 τὴν
1057 2016 1232 2076 αὐτοῦ
1261 2025 1358 2076 τοῦ
1401 2025 1600 2093 κυρίου
1631 2041 1738 2075 πα-

128 2111 377 2179 ρουσίαν.
422 2115 506 2177 εἴη
532 2103 580 2161 δ’
612 2102 682 2162 ἂν
705 2100 894 2177 αὕτηὴ
921 2106 973 2171 ἐξ
999 2107 1186 2161 ἐθνῶν
1203 2106 1482 2176 ἐκκλησία,
1504 2105 1564 2160 ἐν
1586 2101 1738 2177 χώρα

127 2187 407 2263 θυγατρὸς
437 2195 532 2262 τῆς
563 2191 832 2263 προτέρας
863 2189 955 2245 διὰ
984 2186 1112 2255 τούς
1137 2185 1476 2255 ἀποστόλους
1505 2190 1604 2244 τοῦ
1633 2204 1737 2243 σω-

65 2296 106 2329 25
128 2278 289 2350 τῆρος
321 2273 478 2347 ἡμῶν
507 2274 884 2346 λελογισμένη.

683 2467 815 2526 ’Λπὸ
846 2471 945 2526 τοῦ
976 2466 1162 2524 αὐτοῦ.
1752 2491 1839 2533 (284)

260 2591 426 2639 XVIII.
467 2576 640 2638 “'16013
691 2576 887 2653 ἡμέραι
934 2583 1183 2651 ἔρχονται
1223 2580 1320 2634 τοῦ
1363 2582 1589 2648 κυρίου,
1643 2577 1735 2632 καὶ

136 2660 659 2735 διαμερισθήσονται
681 2662 746 2721 τα
770 2661 944 2720 σκῦλά
969 2681 1070 2719 σου
1096 2665 1156 2719 ἐν
1179 2662 1285 2732 σοὶ,
1310 2662 1400 2717 καὶ
1428 2657 1734 2728 ἐπισυνάξω
1758 2688 1780 2720 b

248 2829 299 2868 14
328 2827 423 2868 Jer.
446 2830 488 2878 3,
509 2828 551 2869 4.
754 2829 804 2866 16
833 2828 910 2867 Es.
932 2829 1000 2877 50,
1026 2828 1062 2867 1.
1267 2827 1318 2867 18
1351 2825 1427 2866 Os.
1453 2827 1493 2873 2,
1519 2826 1561 2863 2.

133 2885 185 2924 27
216 2883 353 2924 Zach.
378 2885 444 2935 14,
469 2885 505 2923 1.
