1992 3186
559 151 863 194 DEMONST.
895 150 1114 193 EVANG.
1145 151 1226 192 IX.
1255 151 1295 191 8.
1637 147 1741 200 593

130 260 201 326 οῦ
231 265 514 325 διδάσκων
545 264 708 334 αὐτὸς
739 274 929 339 ἔλεγεν
951 263 1227 337 “ἐπάρατε
1257 266 1384 332 τούς
1413 263 1742 338 ὀφθαλμούς

131 351 318 426 ὑμῶν,
372 354 464 409 καὶ
519 357 662 410 ἴδετε
713 351 808 417 τὰς
847 350 1056 425 χώρας,
1102 349 1184 408 ὅτι
1224 356 1423 408 λευκαί
1459 355 1565 408 εἰσι
1606 349 1741 422 πρὸς

132 435 405 510 θερισμὸν
429 433 592 509 ἤδη.”
632 434 833 508 ἐδήλου
859 437 921 493 δὲ
949 438 1039 493 διὰ
1061 434 1276 494 τούτων
1297 434 1399 507 τὴν
1421 438 1532 492 τῶν
1558 437 1744 492 ἐθνῶν

136 520 572 594 ἐπισυναγωγήν.
639 523 765 593 περὶ
796 523 907 578 τῶν
938 518 1123 578 αὐτῶν
1169 521 1231 578 δὲ
1263 529 1472 592 εἴρηται
1501 516 1585 576 ὅτι
1605 517 1741 576 “εὐ-
1767 541 1855 585 [274]

88 605 562 678 5φρανθήσονται
610 602 676 663 ὃν
724 603 932 680 τρόπον
981 611 1039 662 οι
1086 603 1465 677 διαιρούμενοι
1507 599 1740 661 σκῦλα.”

136 695 215 747 13.
263 689 571 763 διελόμενοι
621 693 762 763 γοῦν
812 696 888 756 εἰς
942 686 1214 762 ἀλλήλους
1266 688 1362 756 τὰς
1413 687 1592 765 χώρας
1631 629 1788 745 τῶνὸ

134 778 322 832 ἐθνῶν
346 779 436 831 καὶ
459 773 561 847 τὴν
583 771 685 847 ὑφ’
718 773 878 847 ἥλιον
907 776 1094 831 πᾶσαν
1116 779 1175 831 οἱ
1198 776 1298 833 τοῦ
1319 777 1563 845 σωτῆρος
1585 771 1744 845 ἡμῶν

131 866 383 932 μαθηταί
417 882 475 916 τε
525 861 615 915 καὶ
656 857 1041 931 εὐαγγελισταὶ
1091 865 1325 932 μυρίους
1376 855 1543 924 ὅσους
1587 856 1742 914 ἐσκύ-

132 951 340 1001 λευσαν
379 941 647 1017 ἄρχοντας
677 947 775 1000 τοῦ
806 947 1005 1009 αἰῶνος
1044 942 1269 1015 τούτου,
1316 943 1445 1009 τοὺς
1476 940 1744 1015 πρότερον

70 1056 110 1088 ιο
132 1031 244 1086 τῶν
277 1031 462 1086 ἐθνων
491 1027 959 1099 κρατοῦντας.οὐ
989 1026 1100 1101 μὴν
1123 1025 1262 1084 ἄλλα
1287 1029 1379 1084 καὶ
1402 1025 1535 1083 ἄλλο
1567 1036 1745 1083 αἴτιον

131 1117 231 1170 τοῦ
263 1109 763 1184 εὐφρανθήσεσθαι
794 1109 996 1178 αυτούς
1026 1131 1185 1185 φησι,
1216 1111 1276 1169 τὸ
1306 1103 1479 1184 ἦρθαι
1510 1107 1607 1167 ἀπ’
1642 1135 1739 1166 αυ-

131 1199 243 1253 τῶν
272 1194 369 1254 τὸν
399 1195 712 1268 σωματικὸν
742 1200 842 1254 τοῦ
870 1196 1043 1270 νόμου
1075 1196 1268 1268 ζυγὸν,
1299 1194 1397 1253 τὸν
1420 1194 1589 1252 παλαι
1613 1194 1744 1265 πρό-

131 1303 294 1352 τερον
324 1283 673 1354 ἐπικείμενον
705 1280 918 1354 αὐτοῖς,
954 1277 1020 1339 ὃν
1050 1279 1186 1338 οὔτε
1209 1279 1364 1338 αὐτοὶ
1397 1277 1524 1337 οὕτε
1554 1283 1612 1336 οἱ
1638 1301 1745 1336 πα-

133 1367 283 1437 τέρες
315 1362 503 1422 αὐτῶν
533 1363 906 1438 ἠδυνήθησαν
938 1364 1224 1438 βαστάσαι.
1273 1370 1352 1422 14.
1387 1361 1455 1421 οὗ
1479 1362 1651 1437 μόνον
1684 1365 1744 1420 δὲ
1774 1401 1791 1423 c

69 1448 161 1508 156
203 1448 360 1522 ζυγὸς
401 1447 682 1524 ἀφῄρηται
722 1447 934 1523 αὐτῶν,
984 1447 1125 1507 ἄλλα
1173 1452 1266 1506 καὶ
1306 1447 1339 1522 ἡ
1384 1447 1590 1522 ῥοῖβδος
1634 1452 1746 1505 τῶν

133 1531 550 1607 ἀπαιτούντων,
592 1533 626 1606 ἡ
668 1534 938 1608 πρότερον
978 1537 1068 1592 ἐπὶ
1107 1538 1204 1591 τοῦ
1243 1532 1518 1607 τραχήλου
1560 1531 1746 1589 αὐτῶν

136 1621 467 1691 ἐπικειμένη.
551 1624 714 1691 δηλοῖ
765 1620 826 1676 δὲ
869 1618 998 1686 τοῦς
1047 1615 1418 1684 ἀπαιτοῦντας
1471 1621 1531 1675 ἐν
1578 1619 1745 1692 ἑτέρῳ

135 1705 314 1774 λέγων
345 1699 526 1804 “λαός,
556 1728 692 1776 μου,
742 1709 801 1761 οἱ
843 1727 1144 1804 πρακτορες
1193 1701 1352 1776 ὑμῶν
1394 1707 1745 1774 καλαμῶνται

132 1783 293 1859 ὑμᾶς,
318 1790 409 1844 και
422 1793 479 1845 οι
495 1784 857 1854 ἀπαιτοῦντες
879 1787 1238 1871 κυριεύουσιν
1260 1783 1431 1860 ὑμῶν.
1443 1785 1472 1806 ”
1513 1791 1591 1842 15
1617 1783 1741 1842 ἀλλ’

70 1898 113 1929 20
135 1871 289 1929 οὗτοι
327 1896 430 1945 μεν
470 1896 521 1929 οι
563 1869 669 1930 ἀπὸ
711 1877 808 1945 τῆς
838 1869 1143 1945 Ζαβουλών
1183 1874 1273 1929 καὶ
1318 1872 1655 1944 Νεφθαλεὶμ
1685 1865 1744 1927 τὸ

134 1957 274 2027 μέγα
303 1961 422 2030 φῶς
451 1959 778 2031 τεθεαμένοι
821 1956 1313 2032 εὐφρανθήσονται
1346 1955 1438 2013 δια
1468 1954 1533 2012 τὰ
1565 1977 1747 2026 προει-

135 2042 375 2112 ρημένα,
415 2046 474 2098 οἱ
516 2042 575 2098 δὲ
605 2040 778 2099 πάλαι
807 2041 1167 2108 ἀπαιτοῦντες
1200 2039 1400 2107 αὐτοὺς
1433 2038 1744 2113 ἐκπραχθή-

135 2142 328 2182 σονται
350 2128 508 2199 μέχρι
540 2125 849 2199 κοδράντου
884 2126 1115 2201 ἐσχάτου
1140 2124 1325 2184 πᾶσαν
1347 2149 1405 2182 τε
1428 2124 1630 2197 στολὴν
1654 2127 1743 2181 καὶ

135 2213 248 2265 πᾶν
281 2208 495 2282 ἱμάτιον
533 2209 894 2278 ἀποτίσαντες
924 2217 1291 2283 πυρίκαυστοι
1326 2208 1655 2283 γενήσονται
1688 2213 1748 2266 ἐν

71 2317 114 2350 25
134 2297 210 2369 τῷ
254 2297 350 2365 τῆς
393 2293 700 2365 ἐκπράξεως
741 2303 929 2372 καιρῷ.
1006 2301 1086 2353 16.
1121 2298 1213 2352 καὶ
1253 2293 1426 2352 ταύτά
1464 2318 1528 2366 γε
1567 2293 1747 2350 πάντα
1773 2317 1796 2349 d

137 2380 275 2449 φησὶ
315 2387 639 2452 πείσεσθαι,
687 2379 828 2437 διότι
858 2376 1085 2438 παιδίον
1117 2379 1395 2451 ἐγεννήθη
1425 2374 1587 2450 ἡμῖν,
1626 2376 1747 2444 υίὸς

139 2463 229 2516 καὶ
262 2461 435 2534 ἐδόθη
464 2461 618 2535 ἡμῖν,
648 2460 676 2520 ὁ
706 2467 806 2537 τῆς
835 2462 1308 2537 μεγάληςνβουλῆς
1338 2460 1583 2535 ἅγγελος.
1637 2468 1747 2518 τίσι

142 2545 201 2600 δὲ
243 2543 378 2617 ἡμῖν
416 2543 448 2617 ἢ
491 2560 604 2614 τοῖς
656 2554 735 2615 εἰς
780 2545 948 2606 αὐτὸν
987 2545 1408 2618 πεπιστευκόσι,
1463 2548 1556 2603 καὶ
1598 2544 1746 2619 πάσῃ

142 2630 354 2700 δηλαδὴ
395 2633 463 2703 τῇ
503 2638 772 2707 Γαλιλαίᾳ
816 2635 928 2690 τῶν
972 2634 1187 2703 ἐθνῶν,
1227 2628 1309 2698 οἷς
1348 2630 1407 2688 τὸ
1447 2632 1586 2703 μέγα
1628 2633 1748 2702 ’φῶς

255 2856 276 2891 1
308 2853 439 2901 «154,
469 2855 534 2894 35.
798 2856 845 2894 11
880 2854 975 2897 Act.
1003 2855 1068 2905 15,
1093 2856 1157 2895 10.
1431 2853 1483 2893 18
1514 2853 1590 2895 Es.
1615 2855 1653 2903 3,
1681 2855 1745 2893 12.

140 2909 194 2946 :26
227 2909 389 2948 Matth.
415 2911 455 2962 5,
480 2910 546 2949 26.
1442 2918 1445 2920 ·

224 2992 454 3020 Ensmms
488 2992 563 3021 111.
1410 2977 1476 3029 38
