1992 3186
549 146 857 189 DEMONST.
888 144 1110 188 EVANG.
1140 145 1217 186 VI.
1237 145 1363 186 4—6.
1655 143 1758 195 357

790 258 803 277 Ι
856 258 886 279 25

145 264 233 321 ἐπὶ
264 260 474 329 πάντας
505 258 633 328 τούς
662 270 847 326 θεους.
959 265 1008 317 2.
1041 261 1134 316 καὶ
1164 257 1333 316 πάλιν
1356 255 1385 278 “
1397 261 1652 332 ἐνέγκατε
1682 264 1758 335 τῷ

142 352 319 424 κυρίῳ
351 351 412 403 αἰ
439 347 660 420 πατριαὶ
694 348 806 402 τῶν
838 340 1079 402 ἐθνῶν.”
1123 346 1216 401 καὶ
1246 341 1415 402 πάλιν
1435 340 1664 402 “εἰ’πατε
1697 348 1757 400 ἐν

142 444 256 498 τοῖς
287 436 534 503 ἔθνεσιν,
566 428 595 487 ὁ
619 427 807 503 κύριος
834 431 1172 501 ἐβασίλευσε.
1184 426 1211 447 ”
1256 432 1303 485 3.
1337 430 1430 485 καὶ
1464 430 1552 485 ἐπὶ
1583 433 1755 486 πᾶσιν

146 517 382 587 ἐπιλέγει
407 512 567 572 “τότε
591 511 1019 587 ἆγαλλιοῖσονται
1043 511 1223 570 πάντα
1245 510 1312 570 τὰ
1335 511 1472 581 ξύλα
1494 518 1593 570 τοῦ
1620 518 1759 588 δρυ-

14 611 25 625 ’
101 627 121 659 5
143 602 250 674 μοῦ
281 594 389 656 ἀπὸ
430 597 732 673 προσώπου
771 603 999 671 κυρίου,
1030 595 1114 655 ὅτι
1146 604 1387 671 ἔρχεται,
1428 595 1512 654 ὅτι
1543 603 1759 672 ἔρχεται

143 698 330 759 κρῖναι
353 681 455 756 τὴν
477 687 598 757 γῆν.
637 696 820 756 κρινεῖ
839 679 940 755 τὴν
963 684 1297 755 οἰκουμένην
1323 686 1382 739 ἐν
1410 680 1758 757 δικαιοσύνῃ,

143 769 236 826 καὶ
268 767 435 834 λαούς
468 770 528 824 ἐν
557 771 623 841 τῇ
655 765 896 842 αληθεία
929 763 1117 823 αὐτοῦ.
1127 763 1159 785 ”

273 856 323 909 4.
371 848 681 910 Κάνταῦθα
721 849 928 908 παλιν
923 849 1235 951 ἐρχόμενος
1288 856 1366 917 εἰς
1421 849 1761 925 ἆνθρωπους

144 961 334 1010 κυριος
364 934 796 1010 προφητεύεται,
829 932 1026 991 καινόν
1054 958 1114 992 τε
1149 952 1295 1010 ασμα
1327 936 1417 992 ἐπὶ
1448 939 1515 1009 τῇ
1547 958 1761 1009 παρου-

82 1048 122 1080 10
145 1027 240 1077 σία
271 1020 445 1078 αὐτοῦ
484 1020 749 1096 ᾴσεσθαι,
794 1016 897 1091 τὴν
927 1016 1126 1091 καινὴν
1159 1017 1413 1091 δηλονότι
1460 1018 1810 1094 διαθήκην,ι)

144 1101 212 1162 οὐ
238 1105 299 1162 τὸ
323 1103 614 1162 Ἰουδαίων
654 1110 850 1174 ἔθνος,
890 1100 1030 1159 ἀλλὰ
1069 1106 1255 1160 πᾶσαν
1284 1101 1387 1175 τὴν
1416 1107 1547 1176 γῆν·
1595 1102 1759 1176 εὐαγ-

144 1189 591 1262 γελισθήσεσθαί
614 1211 673 1246 τε
703 1184 886 1245 οὐκέτι
917 1185 1012 1244 τὸν
1040 1185 1281 1263 Ἰσραὴλ,
1314 1186 1454 1244 ἀλλὰ
1484 1186 1665 1246 πάντα
1695 1187 1760 1244 τὰ

146 1279 314 1346 ἔθνη,
361 1273 659 1346 ἐπειδήπερ
706 1269 893 1330 αὐτῶν
932 1278 1168 1330 ἔσεσθαί
1204 1290 1341 1345 φησι
1390 1274 1622 1345 βασιλέα
1665 1273 1765 1330 τὸν

148 1357 446 1431 ἐρχόμενον
489 1355 707 1430 κύριον·
773 1361 824 1413 5.
856 1363 938 1422 τίς
981 1353 1035 1412 δ’
1078 1354 1148 1414 ἂν
1190 1366 1275 1430 εἴη
1306 1349 1464 1424 οὗτος
1504 1354 1538 1430 ἢ
1570 1353 1598 1415 ὁ
1629 1356 1762 1424 θεὸς

83 1467 123 1499 15
148 1440 335 1514 λόγος;
387 1439 447 1507 ὂς
499 1443 716 1514 μέλλων
769 1438 1098 1514 δικαιοσύνῃ
1149 1439 1251 1514 τὴν
1295 1444 1629 1515 οἰκουμένην
1670 1445 1763 1499 καὶ

145 1523 384 1602 ἀληθείᾳ
414 1524 519 1598 τὴν
549 1522 957 1600 ἄνθρωπότητα
987 1530 1229 1598 κρίνειν,
1273 1529 1326 1593 ἐξ
1361 1534 1482 1598 ἴσης
1515 1525 1766 1593 ἅπαντας·

146 1608 275 1677 τούς
307 1612 395 1667 ἐπὶ
425 1614 520 1683 τῆς
558 1611 883 1682 οἰκουμένης
914 1607 1251 1683 ἀνθρώπους
1296 1613 1390 1682 τῆς
1423 1608 1595 1667 αὑτοῦ
1627 1609 1767 1682 κλή-

148 1712 286 1760 σεως
316 1697 409 1751 καὶ
439 1697 533 1766 τῆς
566 1696 653 1751 ἐπὶ
683 1693 854 1767 ταύτῃ
886 1693 1035 1767 παρὰ
1056 1698 1131 1769 τῷ
1154 1697 1275 1770 θεῷ
1297 1700 1570 1769 σωτηρίας
1594 1719 1765 1768 κατη-

148 1781 362 1846 ξίωσεν.

83 1930 126 1962 20
678 1915 811 1975 Ἀπὸ
850 1921 1083 1991 Ψαλμοῦ
1126 1917 1227 1987 ’7ζ’.

263 2041 342 2089 VI.
375 2025 434 2046 “”
421 2028 629 2087 Ἀισατε
645 2033 720 2107 τῷ
746 2035 920 2106 κυρίῳ
945 2022 1092 2105 ᾆσμα
1116 2028 1328 2102 καινὸν,
1353 2054 1437 2088 οτι
1463 2031 1763 2105 θαυμαστὰ

151 2110 430 2186 ἐποίησε.”
493 2116 584 2171 καὶ
614 2139 680 2171 τα
714 2117 835 2187 ἑξῆς
857 2111 1163 2189 “ἐγνώρισε
1181 2113 1369 2190 κύριος
1398 2113 1458 2172 τὸ
1490 2114 1762 2191 σωτήριον

149 2194 348 2271 αυτοῦ,
393 2202 648 2256 ἐναντίον
677 2221 905 2256 παντων
934 2223 1047 2256 των
1089 2203 1276 2257 ἐθνῶν
1306 2197 1630 2269 απεκαλυψε
1660 2199 1763 2273 τὴν

151 2281 515 2356 δικαιοσύνην
545 2282 733 2341 αὑτοῦ.
744 2280 774 2300 ”
846 2285 938 2340 καὶ
981 2282 1151 2342 πάλιν
1173 2279 1444 2342 “εἰ’δοσαν
1487 2283 1666 2343 πάντα
1697 2286 1762 2342 τὰ

86 2392 127 2424 25
149 2369 357 2442 πέρατα
387 2371 483 2439 τῆς
514 2371 613 2440 γῆς
642 2367 702 2424 τὸ
734 2366 1007 2443 σωτήριον
1037 2372 1134 2426 τοῦ
1165 2372 1305 2427 θεοῦ
1334 2367 1504 2442 ἡμῶν.
1560 2368 1762 2426 ἀλαλά-

150 2452 276 2517 ξατε
313 2454 390 2527 τῷ
431 2457 606 2529 κυρίῳ
648 2455 797 2509 πᾶσα
839 2448 872 2526 ἡ
904 2449 1033 2525 γῆ.”
1104 2455 1197 2510 καὶ
1239 2456 1328 2510 ἐπὶ
1371 2456 1505 2509 πᾶσι
1528 2449 1630 2508 “vde
1658 2450 1760 2550 ὅρη

149 2530 571 2605 αγαλλιασονται
602 2535 709 2594 ἀπὸ
732 2535 1032 2612 προσώπου
1056 2542 1275 2611 κυρίου,
1306 2535 1388 2594 ότι
1414 2543 1645 2610 ε’ρχεται,
1677 2533 1761 2593 ὅτι

151 2614 270 2690 η’κει
302 2631 486 2691 κρῖναι
507 2618 608 2693 τὴν
638 2624 758 2694 γῆν.
802 2633 985 2723 κρινεῖ
1011 2619 1113 2693 τὴν
1142 2623 1473 2693 οἰκουμένην
1496 2624 1555 2677 ἐν
1581 2625 1762 2677 δικαι-

152 2699 328 2774 οσύνῃ
358 2705 450 2758 καὶ
481 2703 647 2771 λαοὺς
678 2708 740 2762 ἐν
770 2702 1074 2778 ευθύτητιῘ

88 2810 129 2842 3ο
280 2789 329 2842 2.
363 2790 601 2844 Πολλων
639 2785 872 2860 αγαθων
915 2794 1062 2846 αἰτία
1107 2791 1198 2845 και
1233 2786 1322 2844 δια
1352 2786 1566 2846 τούτων
1596 2787 1629 2861 ἡ
1661 2793 1762 2848 τοῦ

154 2875 351 2943 κυρίου
383 2878 662 2944 παρουσία
691 2887 804 2938 τοῖς
835 2879 1026 2930 ἔθνεσι
1066 2875 1404 2945 γεγενῆσθαι
1443 2874 1762 2948 προφητεύ-

1786 2141 1808 2173 d
