1992 3186
570 144 878 188 DEMONST.
913 144 1132 186 EVANG.
1165 145 1266 185 vn.
1301 146 1338 185 1.
1664 141 1766 193 437

153 262 213 321 τὸ
244 261 509 320 τοιούτων
539 258 700 328 ἀξίαν
729 262 1031 332 γεγονέναι.
1099 265 1176 316 79.
1213 261 1303 315 καὶ
1341 255 1769 315 ἀναπαύσεσθαι

155 347 251 414 τὰς
296 348 584 420 εἰρημένας
638 343 899 417 δυνάμεις
941 346 1115 416 φησὶν
1150 340 1248 400 ’ςέν
1288 342 1528 416 φάραγξι
1577 346 1669 399 καὶ
1711 346 1770 400 ἐν

157 430 426 503 τροᾶγλαις
468 432 713 503 πετρῶν,
757 438 833 494 εἴς
873 451 931 484 τε
970 428 1035 485 τὰ
1078 427 1320 500 σπήλαια
1352 429 1442 484 καὶ
1477 434 1555 494 εἰς
1586 430 1771 484 πᾶσαν

160 514 373 589 ῥαγάδα
415 510 660 586 αὐτῶν,”
704 511 840 570 κατα
871 514 972 585 μὲν
1006 512 1286 584 διάνοιαν,
1330 515 1388 569 έν
1418 527 1536 578 ταῖς
1569 525 1770 585 ψυχαῖς

116 628 135 660 5
159 599 346 657 αὐτῶν
387 601 477 655 καὶ
525 602 584 655 ἐν
623 612 742 663 ταῖς
783 600 883 653 τοῦ
927 595 1175 670 σώματος
1217 595 1514 668 αἰσθήσεσι
1559 611 1672 661 τοῖς
1712 621 1771 652 τε

158 694 438 756 λογισμοῖς
491 685 582 739 καὶ
634 695 754 747 ταῖς
812 687 1198 754 διερρωγυίαις
1249 679 1433 737 αὐτῶν
1481 686 1768 751 διανοίαις,
1798 703 1820 735 d

159 766 296 826 κατὰ
341 769 399 824 δὲ
438 767 540 840 τὴν
570 765 866 839 πρόχειρον
896 768 1071 836 λέξιν,
1115 762 1248 822 καθ’
1291 764 1420 837 ὅλης
1463 766 1646 821 αὐτῶν
1677 768 1771 838 τῆς

159 853 368 926 χώρας,
401 849 430 907 ὃ
461 854 552 908 καὶ
583 857 664 916 τίς
696 849 798 907 οὐκ
829 845 899 906 ἂν
939 846 1423 921 ἆποθαυμοὲσειεν,
1458 846 1772 922 ὀφθαλμοῖς

159 934 307 1011 ὁρῶν
320 934 447 1002 τοὺς
463 940 758 1007 πολεμίους
783 930 967 990 αὐτῶν
989 932 1166 990 πάντα
1189 932 1360 991 τόπον
1381 935 1476 1006 τῆς
1498 932 1770 999 Ἰουδαίας
1797 955 1884 998 [201]

99 1052 139 1081 10
163 1020 585 1093 κατειληφότας,
627 1021 718 1074 καὶ
761 1016 887 1083 τούς
927 1041 990 1089 γε
1031 1016 1378 1090 ἀλλοφύλους
1419 1019 1511 1074 καὶ
1545 1023 1771 1074 εἰδωλο-

162 1104 362 1178 λάτρας
403 1101 742 1176 ἀνθρώπους
785 1106 846 1159 ἐν
887 1101 1086 1167 πάσαις
1130 1099 1316 1158 αὐτῶν
1355 1101 1551 1159 πόλεσί
1593 1125 1651 1157 τε
1682 1105 1774 1157 καὶ

162 1188 363 1262 χώραις
393 1185 921 1260 ἄναπεπαυμένους;
954 1181 1021 1244 ού
1048 1190 1222 1243 ταῦτα
1255 1187 1316 1243 δὲ
1345 1184 1451 1260 ἄρα
1483 1185 1626 1258 μόνα
1658 1191 1773 1242 δια-

162 1272 365 1345 θήσειν
395 1274 569 1344 φησὶν
601 1269 801 1337 αὐτούς
832 1269 860 1327 ὁ
892 1270 1080 1342 λόγος,
1113 1269 1252 1328 ἀλλὰ
1284 1274 1432 1347 ξυρῷ
1454 1275 1551 1327 τοῦ
1582 1293 1774 1341 νενοη-

165 1360 336 1430 μένου
366 1355 500 1429 ἡμῖν
530 1358 798 1427 βασιλέως
826 1351 1134 1426 Ἀσσυρίων
1177 1354 1279 1428 τὴν
1310 1354 1557 1429 κεφαλὴν
1587 1353 1776 1410 αὐτῶν

103 1471 142 1500 15
167 1444 259 1498 καὶ
299 1438 392 1507 τας
432 1447 619 1513 τρίχας
659 1445 771 1496 τῶν
811 1442 1000 1496 ποδῶν
1034 1438 1252 1496 καὶτὸν
1282 1439 1552 1511 πώγωνα,
1595 1438 1775 1495 πάντα

168 1523 378 1598 δηλαδὴ
409 1523 505 1581 τὸν
535 1522 702 1580 πάλαι
735 1530 1123 1596 περικείμενον
1143 1521 1327 1589 αὐτοῖς
1348 1522 1574 1595 κόσμον,
1607 1522 1776 1596 ξυρή-

166 1631 299 1666 σειν.
344 1613 425 1664 80.
461 1606 596 1664 κατὰ
629 1608 689 1664 δὲ
710 1608 811 1679 τὴν
843 1604 1017 1678 αὐτὴν
1047 1606 1255 1679 ταύτην
1276 1604 1486 1680 ἡμέραν
1516 1608 1606 1663 καὶ
1639 1605 1775 1662 κατὰ

164 1692 261 1750 τὸν
296 1691 465 1749 αὐτὸν
496 1690 696 1766 χρόνον
725 1689 944 1748 ἀπειλεῖ
972 1695 1029 1747 ἐν
1071 1691 1269 1764 ἐσχάτῃ
1311 1698 1478 1766 πενία
1507 1693 1607 1747 τοῦ
1640 1689 1776 1747 κατὰ

165 1777 303 1836 θεὸν
343 1775 585 1833 πλούτου
627 1774 1072 1847 καταστήσεσθαι
1103 1774 1333 1848 αὐτούς,
1376 1772 1447 1841 ὦς
1487 1773 1560 1848 μὴ
1591 1773 1775 1847 ἄρτων

102 1891 144 1922 20
167 1865 405 1934 λογικῶν
463 1858 750 1933 εὐπορεῖν,
806 1858 941 1933 μήτε
986 1865 1209 1934 στερεᾶς
1264 1862 1356 1916 καὶ
1402 1863 1775 1932 πνευματικῆς
1800 1881 1889 1922 (325)

165 1949 403 2019 τροφῆς,
446 1944 668 2017 ἀγαπᾶν
715 1946 774 2002 δὲ
805 1944 1033 2017 γάλακτι
1063 1948 1368 2018 τρέφεσθαι
1399 1949 1473 2020 τῷ
1504 1942 1776 2016 νηπιώδει

167 2033 258 2087 καὶ
291 2035 631 2106 εἰσαγωγικῷ
663 2027 820 2105 λόγῳ.
865 2035 942 2085 ἔτι
966 2028 1101 2101 πρὸς
1131 2027 1343 2095 τούτοις
1367 2031 1456 2085 καὶ
1481 2028 1576 2094 τὰς
1607 2025 1776 2101 ἀμπέ-

168 2123 298 2180 λους
330 2110 513 2171 αὐτῶν
546 2120 622 2178 εἰς
654 2116 850 2187 χέρσον
885 2119 1126 2171 ἔσεσθαι.
1193 2118 1274 2170 81.
1313 2111 1502 2185 ἐπειδὴ
1534 2112 1668 2187 γὰρ,
1704 2111 1775 2178 ὡς

166 2195 194 2255 ὁ
227 2196 392 2264 αὐτὸς
422 2197 708 2272 προφήτης
738 2201 931 2271 φησὶν,
964 2204 1180 2270 ἔμεινεν
1210 2194 1238 2254 ὁ
1270 2196 1510 2270 γεωργὸς
1542 2195 1653 2270 ἅμα
1685 2199 1777 2252 καὶ

104 2310 144 2340 25
169 2282 433 2355 δεσπότης
477 2281 663 2340 αὐτῶν
693 2279 828 2338 “tofi
876 2287 1100 2355 ποιῆσαι
1141 2281 1431 2355 σταφυλὴν
1470 2281 1566 2338 τὸν
1607 2278 1776 2352 ἄμπε-

170 2370 346 2439 λῶνα,
379 2365 408 2423 ὃ
443 2367 504 2423 δὲ
537 2370 795 2439 ἐποίησεν
825 2364 1131 2438 ἄκανθας,”
1169 2368 1261 2423 καὶ
1293 2365 1359 2423 οὐ
1393 2363 1776 2435 δικαιοσύνην,

171 2447 309 2506 ἄλλα
341 2450 616 2524 κραυγήν·
666 2450 751 2508 διὸ
781 2453 872 2507 καὶ
903 2450 1160 2525 ἀφαιρῶν
1189 2448 1286 2506 τὸν
1316 2449 1573 2521 φραγμὸν
1604 2444 1776 2503 αὐτοῦ

172 2535 263 2588 καὶ
295 2539 582 2606 καθαιρῶν
611 2533 706 2592 τὸν
737 2550 921 2607 τοῖχον
954 2541 1029 2600 εἰς
1061 2537 1258 2606 χέρσον
1287 2531 1651 2603 καταστήσειν
1680 2531 1777 2587 τὸν

172 2614 468 2688 ἀμπελῶνα
499 2617 857 2692 μαρτύρεται,
903 2621 993 2674 καὶ
1024 2633 1137 2684 τοῖς
1172 2620 1391 2690 ἐχθροῖς
1423 2614 1777 2688 παραδώσειν

109 2726 149 2758 30
176 2697 363 2771 αὐτὸν,
395 2697 490 2766 οὓς
509 2701 643 2773 μετὰ
664 2704 859 2774 βέλους
882 2704 973 2758 καὶ
1004 2700 1329 2773 τοξεύματος
1362 2698 1782 2757 εἰσελεύσεσθαί

289 2894 341 2932 25
374 2892 448 2931 Es.
473 2894 510 2942 5,
535 2895 574 2931 4.
