1992 3186
507 104 812 148 DEMONST.
833 103 1055 147 EVANG.
1078 103 1134 146 X.
1156 104 1366 144 ΡΒοοΕΜ.
1647 101 1747 154 621

138 219 376 296 μεγάλης
414 242 474 278 τε
515 223 719 294 βουλῆς
759 217 1019 293 ἅγγελος,
1071 221 1239 292 μέγας
1282 242 1341 277 τε
1385 221 1476 277 καὶ
1530 217 1751 288 αἰῶνιος

140 302 428 380 ἀρχιερεὺς
472 302 614 380 ὑπὲρ
653 310 749 376 τῆς
787 308 900 361 τῶν
929 310 1214 377 γεννητῶν
1253 302 1517 362 ἁπάντων
1547 302 1753 361 οὐσιῶ-

144 388 283 457 σεῶς
313 413 376 454 τε
402 393 491 448 καὶ
526 395 798 462 σωτηρίας
831 391 1156 463 ίερωμένος,
1187 391 1277 446 καὶ
1311 388 1626 467 ἱλεορμενος
1656 388 1753 446 τὸν

141 477 372 548 πατέρα·
420 482 497 548 πῆ
530 475 591 533 δὲ
620 473 649 531 5
680 470 850 546 ἀμνὸς
879 477 978 529 τοῦ
1008 476 1152 530 θεοῦ
1183 472 1212 530 5
1244 482 1420 546 αἴρων
1449 472 1551 547 τὴν
1579 469 1751 547 ἆμαρ-

76 583 98 616 5
141 565 268 617 τίαν
295 562 395 616 τοῦ
423 559 632 634 κόσμου
662 559 754 615 καὶ
783 555 1066 630 πρόβατον
1090 560 1179 614 ἐπὶ
1203 557 1427 631 σφαγὴν
1450 555 1722 631 ἀγόμενον
1741 573 1752 584 ”

141 650 303 701 τοῦτο
348 644 409 700 δὲ
448 636 520 717 ἦν
549 637 609 701 τὸ
649 641 1006 714 ἀνθρώπειον
1051 648 1279 714 σκῆνος,
1321 639 1353 700 ὂ
1384 647 1548 716 δίκην
1577 639 1756 715 ἀμνοῦ

142 729 233 785 καὶ
264 725 545 801 προβάτου
578 731 637 784 ἐκ
666 731 761 799 τῆς
791 722 1057 799 ἡμετέρας
1088 723 1287 799 ἀγέλης
1325 723 1415 783 οἷά
1453 751 1533 795 τις
1575 724 1754 828 ἀρχιε-

142 811 272 885 ρεύς
302 809 600 886 ἀναλαβών
629 813 722 868 καὶ
751 809 854 883 τὴν
883 806 1139 883 ἀπαρχὴν
1167 817 1266 868 τοῦ
1294 814 1405 868 τῶν
1435 809 1757 883 ἀνθρώπων

143 899 340 970 γένους
370 895 868 970 καλλιερησάμενος
899 893 1276 967 προσηγάγετο
1317 900 1392 952 τῶ
1438 898 1631 968 πατρὶ,
1677 894 1749 953 δι’

82 1008 124 1040 10
147 973 216 1039 οῦ
254 983 346 1038 καὶ
383 987 451 1055 τῇ
491 988 603 1040 τῶν
641 978 963 1051 ἀνθρώπων
1005 977 1250 1052 ῶμίλησε
1280 980 1482 1054 φύσει,
1527 977 1629 1038 οὐκ
1657 978 1757 1037 αλ-

144 1074 253 1132 λως
285 1069 568 1142 δυναμένῃ
589 1064 757 1138 λόγου
769 1069 910 1124 θεοῦ
925 1066 1018 1120 καὶ
1037 1063 1324 1137 δυνάμεως
1342 1061 1635 1138 ἀσωμάτου
1666 1067 1758 1122 καὶ

143 1152 339 1224 νοερᾶς
371 1150 587 1228 ἐπηκόῳ
618 1152 911 1223 γενέσθαι,
943 1145 1085 1206 οὐδέ
1109 1173 1161 1206 τι
1190 1157 1377 1222 μεῖζον
1407 1155 1635 1223 σαρκῶν
1665 1150 1756 1205 καὶ

146 1233 418 1308 σωμάτων
458 1237 535 1293 δι’
582 1232 895 1308 ὀφθαλμῶν
935 1231 1135 1306 σαρκὸς
1178 1236 1480 1306 ἐπινοῆσαι.
1559 1238 1608 1291 4.
1658 1232 1760 1291 ὅσα

146 1325 340 1377 τοίνυν
381 1322 468 1377 ἐπὶ
511 1322 571 1377 τὸ
611 1317 1000 1391 ταπεινότερον
1041 1318 1252 1386 δόξειεν
1291 1322 1353 1375 ἐν
1389 1332 1504 1386 τοῖς
1544 1342 1759 1392 προκει-

83 1432 124 1464 15
146 1405 330 1477 μένοις
362 1406 490 1477 περὶ
532 1401 706 1462 αὐτοῦ
744 1406 1035 1475 λέγεσθαι,
1081 1407 1253 1459 ταῦτα
1291 1400 1389 1460 τὸν
1418 1401 1596 1476 ἀμνὸν
1623 1399 1763 1477 ὁρᾶν

145 1492 244 1545 τοῦ
274 1492 415 1546 θεοῦ
443 1490 539 1547 τὸν
570 1498 798 1561 αἰροντα
827 1484 929 1559 τὴν
968 1483 1243 1559 ἁμαρτίαν
1285 1490 1388 1544 τοῦ
1430 1486 1639 1560 κόσμου
1670 1489 1762 1544 καὶ

146 1571 207 1629 τὸ
251 1577 464 1675 σκῆνοςς
490 1572 550 1631 τὸ
592 1571 952 1646 ἀνθρώπειον
1000 1569 1306 1643 ὑποβάλλει
1344 1584 1512 1628 νοεῖν.
1592 1569 1763 1644 ἀμνὸς

147 1681 252 1730 μεν
290 1655 395 1732 γὰρ
433 1660 505 1730 ἠν
546 1666 723 1730 αἴρων
761 1655 863 1729 τὴν
900 1651 1175 1729 αμαρτίαν
1218 1660 1318 1712 τοῦ
1363 1654 1574 1728 κόσμου
1626 1653 1764 1712 κατὰ

146 1741 244 1798 τὸν
284 1739 591 1815 βαπτιστὴν
623 1739 889 1812 Ἰωάννην
929 1739 1027 1796 τὸν
1068 1738 1343 1812 λέγοντα
1348 1738 1470 1797 ’ἴδε
1513 1735 1541 1796 5
1593 1738 1764 1813 ἀμνὸς

84 1853 127 1886 20
149 1828 248 1884 τοῦ
276 1829 436 1898 θεοῦ,
469 1826 497 1883 ὁ
531 1837 708 1899 αἴρων
737 1825 837 1899 τὴν
868 1820 1141 1896 ἁμαρτίαν
1171 1828 1269 1882 τοῦ
1302 1820 1561 1898 κόσμου,”
1594 1821 1763 1896 ἀμνὸς

151 1910 212 1966 δε
251 1911 321 1983 ἦν
361 1913 454 1968 καὶ
483 1909 512 1967 5
546 1912 635 1967 ἐπὶ
675 1908 900 1983 σφαγὴν
939 1905 1207 1980 ἀγόμενος
1253 1933 1389 1966 κατα
1419 1908 1478 1965 τὸ
1510 1907 1657 1979 παρὰ
1687 1912 1763 1965 τῶ

138 1993 338 2070 Ησαίᾳ
362 1994 550 2068 λόγιον
573 1993 791 2068 φάσκον
806 1989 918 2059 “ῶς
941 1991 1222 2065 πρόβατον
1248 1995 1335 2050 ἐπὶ
1354 1993 1578 2094 σφαγὴν
1596 1991 1763 2095 ἤχθη,

150 2080 243 2135 καὶ
283 2076 355 2146 ῶς
399 2077 570 2152 ἀμνὸς
614 2082 868 2136 ἐναντίον
906 2081 1005 2134 τοῦ
1056 2083 1335 2150 κείροντος
1377 2074 1630 2151 άφωνοςῖ
1716 2081 1763 2133 5.

148 2165 274 2236 περὶ
291 2167 389 2220 τοῦ
409 2161 580 2221 αὐτοῦ
607 2164 669 2221 δε
696 2162 769 2230 ῶς
800 2163 927 2234 περὶ
956 2157 1135 2234 ἀμνοῦ
1163 2164 1377 2234 ἐλέγετο
1407 2164 1500 2218 καὶ
1529 2161 1590 2218 τὸ
1614 2157 1760 2217 “dud
1785 2181 1808 2212 d

85 2278 129 2310 25
152 2250 264 2305 τῶν
292 2243 575 2321 ἁμαρτιῶν
604 2252 703 2305 τοῦ
734 2251 871 2304 λαοῦ
902 2269 1010 2319 μου
1034 2243 1181 2319 ἤχθη
1210 2253 1286 2314 εἰς
1309 2243 1604 2304 θάνατον.”
1655 2250 1769 2302 ἔδει

153 2332 259 2406 γὰρ
289 2332 386 2390 τὸν
415 2329 593 2406 ἀμνὸν
621 2335 721 2389 τοῦ
749 2334 908 2401 θεοῦ,
941 2327 1038 2387 τὸν
1066 2326 1175 2387 ὑπὸ
1198 2336 1300 2387 τοῦ
1323 2338 1566 2403 μεγαλου
1590 2325 1768 2400 ἀρχιε-

156 2419 293 2486 ρέως
365 2413 764 2489 ἀναληφθέντα
831 2414 973 2485 ὑπὲρ
1039 2417 1152 2470 τῶν
1211 2416 1421 2471 λοιπῶν
1479 2414 1771 2484 συγγενῶν

156 2496 350 2572 ἀμνῶν
380 2501 472 2555 καὶ
502 2496 644 2573 ὑπὲρ
674 2498 850 2570 πάσης
880 2499 974 2568 τῆς
1004 2492 1368 2570 ἀνθρωπίνης
1407 2493 1634 2569 ἀγέλης,
1664 2505 1770 2552 θυ-

158 2589 287 2640 σίαν
316 2589 392 2659 τῷ
432 2586 552 2640 θεῶ
589 2587 990 2658 προσαχθῆναι.
1068 2585 1114 2637 6.
1157 2577 1387 2654 “gaeum
1427 2579 1532 2655 γὰρ
1565 2579 1638 2637 δι’
1676 2577 1771 2637 ἀν·

275 2807 326 2845 19
357 2805 429 2845 Jo.
456 2807 493 2856 1,
516 2807 583 2846 29.
860 2807 912 2845 22
945 2805 1020 2846 Es.
1045 2808 1113 2855 53,
1139 2806 1177 2845 7.
1456 2805 1510 2844 25
1540 2803 1616 2842 Es.
1640 2804 1707 2854 53,
1731 2802 1770 2844 8.

162 2863 215 2901 29
249 2864 270 2900 1
305 2860 407 2901 Cor.
432 2863 496 2913 15,
521 2863 588 2902 21.
642 2861 766 2903 Rom.
791 2864 830 2913 ὅ,
857 2863 924 2903 18.
