1946 3158
571 116 874 160 DEMONST.
907 116 1129 158 EVANG.
1162 117 1200 158 Ι.
1235 118 1271 160 l.
1704 116 1736 166 7

125 232 268 307 ἡμᾶς
297 229 563 306 ἀληθείας
596 233 1052 305 ἐπιδεικνυμένη,
1091 229 1232 304 ὁμοῦ
1273 234 1334 288 δὲ
1378 234 1469 288 καὶ
1499 229 1594 298 τὰς
1624 236 1739 289 τῶν

125 315 500 391 ψευδηγόρων
528 314 773 389 γλωττας
805 319 1224 389 ἐπιστομίζουσα
1254 314 1346 372 δια
1377 319 1472 388 τῆς
1503 324 1733 389 λογικω-

122 403 287 475 τέρας
327 399 694 473 ἀποδείξεως,
741 392 805 473 ἦς
836 399 1093 474 οὐδαμῶς
1132 398 1264 474 ἡμῖν
1307 404 1366 457 οἰ
1392 399 1738 473 συκοφάνται

123 498 375 559 μετεῖναι
407 490 801 558 διατείνονται,
845 486 908 543 εὐ
947 483 1094 558 μάλα
1131 481 1397 558 ὁσημέραι
1435 499 1556 550 ταις
1596 482 1734 542 καθ’

79 599 103 630 ε
129 569 286 644 ἡμων
317 575 626 643 διατριβαῖς
657 594 795 626 κατα
826 567 1021 643 κράτος
1055 567 1515 643 ἐπεντριβόμενοι.
1566 567 1739 627 ουδὲν

128 658 267 727 γοῦν
297 650 435 728 ἡμᾶς
469 653 759 712 δύνασθαί
791 673 930 726 φασι
972 652 1045 710 δι’
1091 656 1424 722 ἀποδείξεως
1455 656 1736 728 παρέχειν,

127 744 309 796 πίστει
342 740 401 796 δε
431 736 573 812 μόνῃ
605 739 895 811 προσέχειν
926 736 1119 806 ἀξιοῦν
1149 736 1276 804 τούς
1308 737 1441 812 ἡμῖν
1472 737 1738 811 προσιόν-

126 847 237 924 τας,
306 827 383 882 13.
418 825 510 880 καὶ
550 822 686 897 πρὸς
727 823 829 880 οὐν
867 821 971 894 τὴν
1010 821 1272 895 τοιαύτην
1326 822 1594 895 διαβολὴν
1634 820 1737 879 οὐκ

123 903 197 965 α“ν
226 909 440 980 γένοιτο
480 903 615 981 ἡμῖν
654 905 851 979 άλογος
884 905 915 979 ἡ
947 909 1202 981 παροῦσα
1233 913 1606 980 πραγματειᾊα
1642 909 1738 964 ναὶ

61 1019 104 1052 ιο
127 993 239 1065 μὴν
279 994 371 1049 καὶ
411 995 523 1048 τῶν
564 988 755 1049 ἀθέων
797 993 1066 1064 αἱρέσεων
1105 990 1200 1058 τὰς
1240 991 1378 1047 κατὰ
1419 995 1531 1048 τῶν
1560 997 1738 1049 θείων

127 1079 428 1151 προφητῶν
457 1078 825 1145 ψευδοδοξίας
854 1099 913 1134 τε
945 1077 1035 1132 καὶ
1066 1080 1421 1148 βλασφημίας
1451 1074 1739 1148 ἀπελέγξει

128 1159 221 1218 διὰ
251 1164 345 1233 τῆς
376 1159 512 1234 πρὸς
542 1158 607 1218 τά
630 1161 726 1218 νέα
747 1164 859 1218 τῶν
880 1163 1133 1217 παλαιῶν
1155 1165 1500 1234 συμφωνίας.
1538 1163 1618 1218 14.
1634 1158 1738 1232 τὴν

125 1247 227 1318 μὲν
256 1237 359 1304 οὖν
387 1246 732 1319 μακροτέραν
763 1246 855 1302 καὶ
889 1243 1200 1317 διεξοδικὴν
1234 1247 1346 1302 τῶν
1377 1248 1739 1319 προφητικῶν

127 1332 336 1401 φωνῶν
369 1331 666 1402 ἑρμηνείαν
706 1333 881 1387 τανῦν
910 1328 938 1387 6
983 1327 1143 1402 λόγος
1182 1327 1592 1403 ὑπερθήσεται,
1623 1342 1739 1395 τοῖς

64 1440 106 1471 15
130 1416 489 1485 βουλομένοις
529 1412 742 1470 τούτων
783 1413 1049 1483 ἐξετάζειν
1080 1413 1430 1485 καταλιπων,
1461 1421 1519 1470 οἳ
1544 1411 1657 1471 οἷοί
1683 1410 1735 1469 τ’

128 1494 200 1553 ἂν
232 1496 346 1555 εἶεν
377 1503 554 1554 εἰπεῖν
585 1496 681 1554 τὸν
719 1496 952 1570 τρόπον,
1000 1496 1321 1574 διδασκάλῳ
1364 1498 1426 1555 δὲ
1459 1496 1739 1572 χρεόμενος

128 1583 540 1654 παραγγέλματι
579 1586 722 1659 θείω
762 1580 1033 1654 φάσκοντι
1064 1577 1493 1654 “κεφαλαίωσον
1538 1585 1596 1638 ἐν
1626 1578 1739 1638 ὀλί-

126 1689 244 1736 γοις
276 1662 488 1722 πολλά”
519 1668 679 1723 τοῦτο
719 1669 953 1738 ζηλῶσαι
983 1664 1396 1738 φιλοτιμήσεται
1417 1710 1431 1737 ‚
1478 1664 1612 1722 αὐτὸ
1643 1664 1739 1738 μό-

128 1773 229 1807 νον
259 1747 510 1823 άφορμὰς
540 1752 636 1822 τῆς
669 1755 745 1816 εἰς
784 1748 984 1815 τόπους
1024 1757 1266 1823 θεωριάς
1299 1752 1390 1806 καὶ
1420 1752 1531 1807 τῶν
1570 1756 1646 1816 εἰς
1678 1749 1738 1806 τὸ

58 1861 105 1892 20
130 1840 495 1908 προκείμενον
525 1831 964 1906 κατεπειγόντων
1003 1832 1106 1906 τὴν
1149 1840 1225 1900 εἰς
1265 1832 1325 1891 τὸ
1367 1835 1539 1906 σαφὲς
1570 1837 1741 1907 ἑρμη-

126 1924 287 1977 νείαν
318 1916 717 1992 παραθησόμετ
722 1941 796 1986 ος

259 2007 338 2060 15.
358 2001 510 2069 Ἀλις
540 2027 642 2075 μεν
666 2002 734 2076 δὴ
758 2008 1089 2078 προοιμίων·
1138 2000 1245 2075 ἤδη
1274 2003 1331 2059 δε
1357 2004 1446 2059 καὶ
1473 2005 1584 2060 τῶν
1608 2025 1741 2060 απο·

129 2090 360 2155 δείξεων
399 2085 644 2160 άρξομαι.
726 2086 916 2159 ἐπειδη
962 2086 1133 2154 πολυς
1172 2088 1242 2159 ἡν
1289 2089 1558 2162 ἐπιρρέων
1600 2086 1731 2144 καθ’
1763 2112 1832 2152 (10)

129 2167 287 2245 ἡμῶν
336 2170 365 2228 6
410 2175 522 2229 τῶν
573 2193 946 2245 συκοφαντων
990 2170 1177 2245 ὄχλος,
1231 2172 1407 2245 μηδεν
1460 2170 1742 2230 δύνασθαι

0 2277 9 2341 g
61 2256 364 2330 πφάσκων
405 2253 489 2313 δι’
522 2253 868 2324 άποδείξεων
914 2257 1138 2330 ἐναργὲς
1177 2254 1444 2328 ἀληθείας
1483 2258 1743 2330 παρέχειν

0 2331 16 2358 “’
131 2347 330 2414 δεῖγμα
345 2385 374 2414 ,,
401 2346 582 2399 πίστει
628 2341 691 2398 δὲ
729 2338 872 2415 μόνῃ
913 2343 1202 2414 προσέχειν
1232 2338 1423 2408 ἀξιοῦν
1453 2338 1580 2406 τούς
1611 2339 1744 2413 ἡμῖν

129 2424 487 2499 προσιόντας,
529 2423 761 2491 τούτους
804 2425 863 2481 δὲ
904 2427 995 2482 καὶ
1035 2431 1258 2482 πείθειν
1299 2421 1468 2481 οὐδὲν
1509 2425 1678 2481 πλέον
1710 2421 1742 2495 ἢ

131 2513 276 2582 σφᾶς
307 2506 509 2577 αὐτοὺς
540 2507 876 2585 θρεμμάτων
916 2506 1134 2582 ἀλόγων
1177 2514 1339 2582 δίκην
1368 2507 1649 2582 μύσαντας
1682 2500 1746 2565 εὖ

98 2618 101 2621 ·
135 2595 224 2650 καὶ
257 2593 529 2668 ἀνδρείως
570 2599 970 2668 ἕπεσθαι-δεῖν
1014 2590 1383 2661 ἀνεξετάστως
1420 2591 1591 2650 ἅπασι
1630 2606 1743 2659 τοῖς

64 2703 110 2735 :30
135 2676 264 2753 παρ’
302 2677 459 2753 ἡμῶν
491 2681 832 2753 λεγομένοις,
865 2674 1000 2752 παρ’
1034 2674 1063 2735 6
1096 2679 1187 2734 καὶ
1219 2675 1446 2745 πιστούς
1478 2683 1746 2752 χρηματί-

252 2874 302 2913 17
335 2873 419 2914 Sir.
443 2875 510 2922 32,
534 2876 575 2915 9.
