1946 3158
213 120 279 172 72
882 120 1129 161 EUSEBII

213 243 420 294 ἔθνεσι.
513 239 606 293 καὶ
648 236 709 293 εν
758 237 923 292 παντὶ
966 233 1114 312 τόπῳ
1165 241 1421 309 θυμίαμα
1479 234 1816 311 προσάγεται

211 345 286 397 τφ
318 318 383 378 ὄν
402 319 552 393 ’ματί
577 345 683 394 μου
715 322 806 376 καὶ
836 325 1012 377 θυσία
1043 320 1278 395 καθαρά.
1282 317 1312 338 ”

342 406 432 462 36.
485 403 707 477 Θύομεν
733 408 868 475 δῆτα
899 407 1196 478 τοιγαροῦν
1224 408 1299 481 τῷ
1333 406 1421 462 ἐπὶ
1443 403 1669 463 πάντων
1698 408 1816 482 θεῷ

211 495 424 547 θυσίαν
465 491 753 554 αἰνέσεως·
787 487 1006 561 θύομεν
1034 488 1094 546 τὸ
1127 494 1327 547 ἔνθεον
1362 491 1453 546 καὶ
1487 487 1690 562 σεμνὸν
1725 492 1815 545 καὶ

169 599 190 631 b
218 574 537 647 ἱεροπρεπὲς
568 576 750 645 θῦμα·
794 571 1012 646 θύομεν
1052 577 1256 639 καινῶς
1299 572 1435 630 κατα
1475 572 1575 646 τὴν
1618 572 1815 646 καινὴν
1859 597 1881 630 5

215 656 495 729 διαθήκην
529 656 631 730 τὴν
672 655 929 730 καθαράν
973 665 1199 715 θυσίαν.
1272 663 1448 715 θυσία
1495 658 1555 714 δὲ
1595 662 1669 734 τῷ
1702 661 1818 733 θεῷ

214 745 434 814 πνεῦμα
486 743 954 816 συντετριμμένον
1030 751 1254 815 εἴρηται.
1330 737 1360 758 “
1378 748 1616 814 καρδίαν
1680 745 1818 814 γοῦν

213 829 683 899 συντετριμμένην
709 829 800 883 καὶ
831 829 1309 899 τεταπεινωμένην
1330 823 1357 882 ὁ
1386 827 1517 892 θεὸς
1540 825 1642 884 οὐκ
1665 830 1819 894 ἐξου-

217 907 496 968 δενώσει.”
532 916 614 969 37.
632 913 721 967 καὶ
747 910 814 984 δὴ
837 914 928 968 καὶ
949 915 1243 984 θυμιῶμεν
1263 909 1323 967 τὸ
1349 909 1692 1011 προφητικὸν
1714 920 1818 968 θυ-

213 1002 406 1068 μιάμα,
442 998 501 1053 ἐν
532 1001 698 1053 παντὶ
729 994 877 1072 τόπφ
909 1001 1363 1068 προσκομίζοντες
1404 993 1553 1071 αὐτῷ
1593 993 1688 1052 τὸν
1731 1018 1816 1052 ευ·
1841 1019 1885 1052 10

216 1078 332 1152 ώδη
364 1079 580 1153 καρπὸν
609 1083 704 1152 τῆς
736 1083 1048 1154 παναρέτου
1079 1086 1390 1152 θεολογίας,
1424 1077 1514 1136 δια
1545 1083 1657 1136 τῶν
1686 1077 1822 1152 πρὸς

215 1161 386 1220 αυτὸν
419 1163 600 1238 εὐχῶν
630 1163 1019 1237 ἀναφέροντες
1092 1163 1252 1221 τοῦτό
1283 1189 1365 1222 τοι
1395 1166 1487 1221 καὶ
1529 1161 1692 1231 άλλος
1738 1169 1823 1220 δι-

218 1247 456 1306 δάσκει
442 1247 756 1323 προφήτης,
789 1245 816 1306 ὁ
849 1247 1060 1349 φήσας,
1095 1245 1435 1321 “γενηθη’τω
1470 1244 1502 1320 ἡ
1544 1247 1822 1322 προσευχή

214 1357 321 1406 μου
367 1332 440 1400 ὡς
500 1340 757 1407 θυμίαμα
818 1331 1056 1391 ἐνώπιόν
1116 1330 1263 1390 σου.”
1353 1337 1436 1390 38.
1481 1331 1689 1390 οὐκοῦν
1730 1334 1822 1389 καὶ

173 1465 190 1486 0
215 1417 431 1491 θύομεν
483 1420 574 1475 καὶ
627 1422 948 1491 θυμιῶμεν”
1010 1418 1130 1475 τοτὲ
1179 1418 1281 1491 μὲν
1319 1416 1422 1489 τὴν
1461 1415 1684 1490 μνήμην
1723 1419 1820 1474 τοῦ
1843 1441 1888 1474 15

126 1525 192 1568 [28]
221 1501 463 1575 μεγάλου
494 1500 743 1575 θύματος
775 1500 912 1559 κατα
942 1502 1008 1558 τὰ
1052 1499 1186 1575 πρὸς
1228 1499 1398 1559 αὐτοῦ
1431 1504 1824 1576 παραδοθέντα

216 1585 494 1661 μυστήρια
522 1590 921 1659 ἐπιτελοῦντες,
953 1588 1044 1643 καὶ
1069 1586 1171 1660 τὴν
1191 1585 1331 1659 ὑπὲρ
1364 1592 1636 1661 σωτηρίας
1667 1584 1825 1659 ἡμῶν

219 1678 576 1746 ευχαριστίαν
633 1668 709 1728 δι’
754 1669 1004 1744 εὐσεβῶν
1045 1670 1241 1744 ὕμνων
1287 1695 1345 1728 τε
1394 1672 1486 1727 καὶ
1529 1669 1709 1742 εὐχῶν
1747 1672 1825 1746 τῷ

216 1762 333 1832 θεῷ
366 1762 852 1829 προσκομίζοντες,
883 1756 1004 1812 τοτὲ
1046 1756 1106 1812 δὲ
1149 1758 1292 1828 σφᾶς
1333 1751 1533 1820 αὐτοὺς
1573 1753 1684 1831 ὅλῳ
1725 1779 1824 1811 κα-

216 1845 541 1913 θιεροῦντες
583 1839 763 1916 αὐτῷ,
808 1841 899 1896 καὶ
946 1842 1021 1915 τῷ
1062 1862 1124 1912 γε
1165 1837 1412 1913 ἀρχιερεῖ
1440 1836 1613 1895 αὐτοῦ
1654 1837 1818 1916 λόγῳ,
1844 1864 1888 1898 20

219 1923 369 2000 αὐτῷ
399 1922 608 1997 σώματι
651 1925 742 1979 καὶ
784 1926 935 1998 ψυχῇ
965 1920 1334 1996 ἀνακείμενοι.
1399 1928 1482 1980 39.
1529 1922 1614 1980 διὸ
1646 1922 1823 1995 πάσης

217 2009 320 2081 μὲν
353 2014 746 2081 αἰσχρουργίας
789 2007 849 2064 τὸ
896 2011 1054 2080 σῶμα
1096 2005 1371 2081 ἄχραντον
1423 2009 1515 2064 καὶ
1556 2004 1824 2081 ἀμίαντον

219 2090 369 2169 αὐτῷ
408 2090 708 2164 φυλάττειν
751 2088 1061 2164 ἀσκοῦμεν,
1104 2091 1308 2159 παντὸς
1355 2093 1416 2149 δὲ
1467 2090 1686 2160 πάθους
1733 2094 1823 2149 καὶ

219 2181 443 2248 κηλῖδος
475 2172 690 2249 ἁπάσης
735 2180 831 2248 τῆς
876 2174 981 2234 ἀπὸ
1023 2183 1217 2244 κακίας
1258 2178 1684 2250 κεκαθαρμένην
1725 2176 1825 2248 τὴν

219 2259 472 2318 διάνοιαν
503 2257 653 2336 αὐτῷ
683 2267 1136 2334 προσκομίζομεν,
1162 2269 1444 2335 λογισμοῖς
1466 2285 1525 2318 τε
1541 2259 1824 2318 ἆδιαπτώ-
1846 2286 1892 2319 25

217 2370 330 2410 τοις
383 2347 475 2402 καὶ
520 2342 780 2421 ἀπλάστῳ
831 2347 1108 2417 διαθέσει,
1162 2344 1405 2418 δόγμασί
1445 2369 1504 2402 τε
1539 2343 1823 2416 ἀληθείας

221 2427 566 2502 εὖσεβοῦμεν
608 2427 794 2487 αὐτόν.
866 2426 1070 2502 άρεστα
1121 2428 1226 2504 γὰρ
1257 2428 1412 2506 αὐτῷ
1446 2432 1619 2486 ταῦτα
1680 2429 1823 2486 εἶναι

220 2518 430 2588 μᾶλλον
462 2512 493 2587 ἢ
525 2517 746 2572 θυσιῶν
777 2517 989 2588 πλῆθος
1021 2518 1206 2586 αἵματι
1237 2517 1330 2570 καὶ
1353 2517 1549 2590 καπνῷ
1579 2516 1670 2570 καὶ
1701 2521 1825 2571 κνί-

221 2617 342 2666 σαις
377 2601 815 2673 ἐπιτελουμένων
845 2597 1285 2671 πεπαιδεύμεθα.

335 2795 358 2833 7
380 2795 456 2837 Ps.
487 2797 555 2846 50,
592 2796 655 2834 17.
833 2796 884 2834 13
915 2794 990 2833 Ps.
1027 2794 1119 2839 140,
1154 2794 1193 2831 2.
