1946 3158
200 100 302 152 134
874 99 1120 142 EUSEBn

195 213 399 284 αὐτοὺς
441 218 500 273 ἐν
538 228 656 283 ταῖς
695 214 921 288 χώραις·
994 217 1084 272 καὶ
1131 214 1499 289 ὑπολείψομαι
1532 218 1585 283 ἐξ
1617 213 1806 274 αὐτῶν

194 299 405 377 ἄνδρας
437 303 498 358 ἐν
528 299 749 377 ἀριθμῷ
783 302 842 355 ἐκ
873 303 1167 374 ῥομφαίας,
1199 301 1290 357 καὶ
1323 302 1381 357 ἐκ
1405 306 1585 373 λιμοῦ,
1618 301 1709 357 καὶ
1744 303 1805 358 ἐκ

194 384 473 458 θανάτου,
522 382 670 451 ὅπως
723 381 1158 457 ἐκδιηγήσωνται
1209 383 1387 452 πάσας
1425 384 1520 451 τὰς
1571 382 1804 458 ἀνομίας

196 469 383 528 αὐτῶν
414 473 474 527 ἐν
513 482 625 536 τοϊς
658 474 888 526 ἔθνεσιν
927 459 994 525 οὗ
1033 463 1104 525 ἂν
1146 470 1476 527 εἰσέλθωσιν
1509 472 1626 526 ἐκεῖ
1637 486 1650 498 “
1713 471 1800 526 καὶ

197 553 507 628 γνώσονται
537 552 621 609 ὅτι
653 552 759 626 ἐγώ
793 545 1039 628 κύριος.”
1827 575 1848 608 5

324 642 439 694 172.
469 634 586 695 Ἐπὶ
615 643 682 712 τῇ
713 643 812 695 τοῦ
842 635 1045 703 παντὸς
1078 643 1214 694 λαοῦ
1260 642 1533 712 διασπορᾷ
1577 639 1666 694 καὶ
1698 643 1807 696 νῦν

149 722 599 791 υὺπολείψεσθαι
652 725 829 799 ἑαυτῷ
883 723 1103 794 ὀλίγους
1147 720 1369 799 ἀριθμῷ
1417 740 1622 795 φησιν,
1675 718 1803 779 οὐδ’

191 804 394 875 ἄλλους
428 812 615 880 δηλῶν
645 813 758 864 τῶν
787 808 1222 882 προειρημένων.

669 987 787 1048 νθ’.
842 987 975 1048 Ἀπὸ
1006 994 1103 1047 τοῦ
1135 985 1325 1046 αὐτοῦ.

312 1100 342 1122 “
361 1100 505 1160 Τάδε
536 1104 682 1174 λέγει
707 1099 948 1161 Ἀδωναῒ
975 1100 1189 1174 κύριος·
1238 1099 1334 1159 ἐὰν
1360 1102 1419 1158 δὲ
1443 1103 1534 1158 καὶ
1556 1100 1651 1168 τὰς
1682 1102 1806 1158 τέσ-
1829 1118 1869 1150 10

196 1206 367 1259 σαρας
415 1186 722 1259 ἐκδικήσεις
763 1210 871 1259 μου
920 1184 1016 1253 τάς
1057 1185 1331 1259 πονηράς,
1379 1190 1664 1260 ῥομφαίαν
1713 1187 1807 1242 καὶ

196 1271 357 1344 λιμὸν
396 1273 489 1328 καὶ
528 1277 704 1344 θηρία
744 1262 960 1343 πονηρὲι
1008 1272 1099 1329 καὶ
1141 1269 1421 1342 θάνατον,
1465 1273 1805 1337 ἐξαποστελῶ

85 1379 171 1421 ’[56]
200 1358 286 1413 ἐπὶ
309 1355 695 1429 Ἰερουσαλὴμ,
736 1360 835 1413 τοῦ
868 1358 1262 1426 ἐξολοθρεῦσαι
1294 1358 1347 1422 ἐξ
1380 1352 1549 1426 αὐτῆς
1580 1351 1808 1427 ἅνθρω-

195 1463 302 1498 πον
341 1442 433 1497 καὶ
475 1446 700 1512 κτῆνος,
743 1441 834 1496 καὶ
877 1437 1003 1497 ι’δού
1053 1437 1509 1512 ὑπολελειμμένοι
1563 1441 1624 1495 ἐν
1666 1435 1807 1512 αὐτῇ

189 1531 247 1582 οἱ
272 1521 772 1596 άνασεσωσμένοι.”
1814 1536 1855 1571 15

320 1613 432 1666 173.
472 1606 659 1667 Οὐδὲν
689 1606 761 1668 ἂν
790 1611 884 1666 καὶ
912 1614 1086 1666 ταῦτα
1119 1609 1373 1681 διαφέροι
1404 1613 1523 1664 τῶν
1554 1629 1807 1679 προειρη-

195 1696 395 1766 μένων.

690 1791 756 1860 ξ’.
814 1789 944 1850 'And
973 1797 1073 1849 τοῦ
1105 1787 1296 1848 αὐτοῦ.

141 1934 162 1956 0
324 1908 438 1960 174.
464 1902 493 1924 “
508 1901 700 1970 Οὕτως
725 1907 898 1978 κρινῶ
921 1901 1083 1976 ὑμᾶς,
1117 1903 1262 1975 λέγει
1285 1899 1491 1976 κύριος,
1518 1903 1609 1958 καὶ
1636 1899 1803 1970 διάξω

191 1986 335 2061 ὑμᾶς
365 1987 474 2045 ὑπὸ
505 1986 606 2060 τὴν
637 1986 850 2062 ῥάβδον
879 2011 1018 2060 μου,
1061 1988 1152 2043 καὶ
1186 1983 1384 2054 εἰσάξω
1415 1984 1559 2059 ὑμᾶς
1594 1988 1653 2043 ἐν
1683 1983 1807 2059 άρι-
1829 2000 1870 2032 20

192 2077 320 2148 θμςό
375 2077 471 2144 τῆς
524 2069 797 2144 διαθήκης
835 2093 972 2144 μου,
1018 2073 1109 2127 καὶ
1152 2071 1349 2138 ἐκλέξω
1396 2071 1448 2138 ἐξ
1489 2069 1650 2143 ὑμῶν
1679 2069 1807 2136 τοὺς

195 2154 571 2265 ἀφεστηκότας
617 2156 708 2212 καὶ
747 2155 876 2222 τοὺς
919 2151 1166 2227 ασεβεῖς,
1211 2152 1352 2211 διότι
1395 2156 1454 2211 ἐκ
1483 2156 1578 2226 τῆς
1611 2175 1807 2229 παροι-

195 2247 318 2308 κίας
342 2238 528 2297 αὐτων
554 2237 719 2308 ἐξάξω
744 2237 965 2311 αὐτούς,
997 2242 1087 2296 καὶ
1120 2245 1196 2305 εἰς
1215 2236 1316 2311 τὴν
1338 2243 1444 2312 γῆν
1473 2244 1572 2297 τοῦ
1589 2237 1808 2313 Ἰσραὴλ

192 2322 299 2383 οὐκ
331 2322 793 2383 εἰσελεύσονταιῖ’

325 2413 443 2467 175.
477 2414 687 2482 Σαφως
718 2410 810 2466 καὶ
857 2411 917 2466 ἐν
947 2406 1157 2474 τούτοις
1189 2406 1412 2483 ἀριθμῷ
1444 2414 1668 2480 βραχεῖς
1697 2403 1806 2462 ὑπὸ
1829 2421 1872 2454 25

194 2492 297 2567 τὴν
328 2492 541 2568 ῥάβδον
577 2499 676 2551 τοῦ
716 2496 856 2551 θεοῦ
894 2490 1266 2565 γενήσεσθαι,
1300 2493 1389 2550 ἐπὶ
1430 2496 1504 2569 τῷ
1536 2490 1665 2557 τοὺς
1698 2497 1807 2547 λοι-

193 2578 332 2647 ποὺς
355 2585 454 2637 τοῦ
479 2576 695 2653 Ἰσραὴλ
720 2574 1130 2636 άποπεσεῖσθαι
1152 2582 1264 2634 τῶν
1289 2578 1647 2649 ἐπαγγελιῶν,
1671 2598 1807 2648 μαρ-

189 2661 429 2737 τύρεται.
483 2661 622 2720 ἀλλὰ
655 2663 761 2738 γὰρ
790 2659 1084 2731 ἀποδείξας
1115 2659 1196 2718 ὅτι
1222 2660 1296 2735 μὴ
1322 2659 1395 2728 ὡς
1426 2666 1620 2733 ἔτυχεν
1650 2657 1805 2716 ἀδια-

316 2858 367 2897 10
398 2857 569 2901 Ezech.
595 2858 661 2909 14,
685 2859 754 2902 21.
930 2857 980 2897 19
1015 2855 1184 2898 Ezech.
1209 2856 1276 2904 20,
1301 2856 1368 2896 36.
