1992 3186
262 114 366 167 626
924 78 1173 155 EUSEBII

262 234 354 290 καὶ
377 235 495 304 φῶς
518 227 811 302 ἀληθινὸν,
835 230 927 285 καὶ
950 227 1130 285 πάντα
1153 233 1397 287 πλοῦτον
1418 229 1651 302 ἀγαθῶν
1673 253 1868 304 κεκτη-

261 319 443 390 μένος,
476 313 548 371 δι’
586 313 725 387 ἡμᾶς
758 311 1071 386 ἐπτώχευσε
1101 311 1279 384 σάρκα
1309 313 1515 387 λαβών,
1547 317 1638 371 καὶ
1663 329 1777 382 τοῖς
1806 313 1866 373 τὸ

261 402 419 473 γένος
471 409 699 470 θνητοῖς
747 395 1069 468 ἀνθρώποις
1121 399 1213 454 καὶ
1261 412 1498 472 πτωχοῖς
1548 397 1864 472 ὁμοιωθεὶς,

259 481 482 558 μορφήν
521 505 581 539 τε
624 479 828 540 δούλου
859 485 952 538 καὶ
992 484 1223 554 πένητος
1254 481 1595 554 ἀνειληφὼς,
1639 485 1729 540 καὶ
1760 483 1868 555 μά·-

260 576 418 625 λιστα
448 565 579 624 καθ’
614 562 680 624 δν
710 566 904 637 καιρὸν
938 566 1178 638 ἐπλήρου
1220 564 1322 639 τὴν
1362 563 1468 623 άπὸ
1499 571 1598 624 τοῦ
1636 573 1867 640 Ψαλμοῦ
1889 593 1910 626 5

260 657 633 727 προφητείαν,
667 650 888 716 εἰκότως
921 654 979 707 ἐν
1009 649 1151 723 ἀρχῇ
1180 655 1278 708 τοῦ
1317 656 1550 724 Ψαλμοῦ
1583 659 1868 724 μακαρίζε-

258 760 348 794 ται
378 732 407 793 ὃ
437 740 610 793 ταῦτα
652 736 779 808 περὶ
825 733 1000 792 αὐτου
1030 737 1271 808 συνιεὶς,
1315 739 1641 813 ἐπαγγελίας
1671 735 1870 808 τυγχά-

147 846 236 888 (466)
262 845 379 879 νων
416 825 512 893 τῆς
557 818 1062 892 ἀναγεγραμμένης
1132 817 1241 877 εἶθ’
1291 821 1412 892 ἑξῆς
1460 824 1520 877 ἐκ
1570 819 1870 892 προσώπου

259 904 454 963 λοιπὸν
495 904 564 996 δὴ
603 907 704 962 τοῦ
742 907 975 976 πένητος
1015 905 1106 960 καὶ
1151 909 1398 977 πτωχοῦ,
1443 903 1614 962 αὐτοῦ
1654 903 1870 978 δηλαδὴ

257 993 356 1047 τοῦ
388 986 465 1046 δι’
497 988 637 1062 ἡμᾶς
668 988 1087 1089 πτωχεύσαντος
1129 994 1371 1062 σωτῆρος
1409 984 1594 1061 ημῶν,
1629 992 1868 1062 ἐπιλέγε-
1893 1014 1933 1046 10

258 1098 347 1132 ται
368 1070 516 1146 “ἐγω
550 1074 705 1146 εἶπα,
737 1072 895 1146 κύριε
927 1071 1154 1146 ἐλέησόν
1183 1096 1264 1146 με
1366 1071 1449 1130 ὅτι
1481 1074 1543 1130 δε
1575 1077 1634 1130 ἐκ
1657 1071 1871 1147 προσώ·

259 1182 369 1216 που
406 1162 504 1215 τοῦ
546 1161 790 1231 σωτῆρος
834 1155 901 1214 τά
941 1161 1002 1214 ἐν
1042 1161 1117 1234 τῷ
1157 1161 1366 1235 Ψαλμῷ
1408 1164 1728 1226 θεσπίζεται
1772 1154 1870 1214 αύ-

257 1241 460 1315 τάρκης
499 1241 707 1316 μάρτυς
758 1240 787 1298 ὁ
843 1239 1233 1314 εὐαγγελιστὴς
1279 1240 1539 1314 Ἰωάννης
1590 1241 1865 1314 τυγχάνει.

259 1331 340 1384 14.
391 1331 601 1397 ἱστορεῖ
639 1324 743 1399 γάρ
783 1324 867 1382 ὅτι
904 1321 1142 1398 “λαβών
1181 1324 1209 1382 ὁ
1245 1323 1452 1398 Ἰησοῦς
1491 1349 1623 1383 ποτε
1654 1333 1870 1383 λέντιον

255 1410 650 1484 περιεζώσατο,
697 1412 789 1467 καὶ
831 1415 998 1477 νίψας
1037 1408 1166 1477 τούς
1209 1409 1384 1478 πόδας
1436 1414 1550 1468 τῶν
1598 1415 1870 1483 μαθητῶν
1892 1437 1932 1470 15

257 1492 431 1552 αὑτοῦ
464 1495 645 1567 εἶπεν,
689 1493 793 1567 ἐγώ
833 1495 959 1551 οῖδα
989 1490 1086 1560 οὓς
1126 1494 1466 1568 ἐξελεξάμην.
1536 1491 1661 1551 ἀλλ’
1705 1499 1797 1552 ἵνα
1833 1493 1868 1568 ἡ

255 1578 443 1653 γραφὴ
483 1583 784 1653 πληρωθῇ,
841 1577 869 1636 ὁ
921 1578 1153 1651 τρώγων
1201 1578 1318 1652 μετ’
1367 1583 1501 1653 ἐμοῦ
1552 1578 1649 1636 τὸν
1701 1577 1871 1653 ἄρτον,

256 1667 461 1737 ἐπῆρεν
493 1661 583 1721 ἐπ’
618 1664 710 1736 ἐμε
739 1662 843 1736 τὴν
873 1666 1116 1735 πτέρναν
1146 1662 1365 1721 αὑτοῦ.”
1438 1667 1518 1720 15.
1566 1671 1734 1722 ποίαν
1763 1688 1868 1737 γαρ

213 1778 230 1809 ι,
255 1753 657 1821 πεπληρωσθαι
689 1746 913 1820 γραφὴν
944 1752 1006 1805 ἐν
1034 1747 1248 1814 τούτοις
1282 1747 1483 1820 ἐδήλου
1523 1745 1645 1804 ἀλλ’
1691 1773 1726 1819 η
1766 1746 1868 1820 τὴν

255 1836 356 1891 τοῦ
392 1856 527 1906 μετα
565 1846 753 1906 χειρας
801 1835 1064 1904 Ψαλμοῦ,
1111 1837 1171 1889 ἐν
1216 1857 1258 1889 ω
1302 1841 1511 1903 εἴρηται
1541 1829 1671 1887 “nal
1703 1855 1809 1903 γαρ
1839 1827 1932 1890 520

254 1915 553 1990 ἅνθρωπος
583 1920 679 1988 τῆς
711 1915 934 1991 εἰρήνης
963 1940 1092 1989 μου,
1125 1913 1217 1988 ἐφ’
1249 1913 1316 1972 ὃν
1345 1913 1571 1987 ἤλπισα,
1603 1911 1632 1971 ὁ
1658 1918 1868 1973 ἐσθίων

256 2000 456 2071 ἄρτους
486 2025 594 2073 μου
627 1999 964 2072 ἐμεγάλυνεν
997 1996 1083 2055 ἐπ’
1120 2000 1213 2071 ἐμὲ
1242 1996 1628 2071 πτερνισμόν;’
1632 1998 1644 2018 ’
1694 2003 1868 2071 φησὶν

257 2077 361 2142 οὖν
390 2084 689 2157 ἀρχόμενος
711 2080 857 2155 “ἐγώ
889 2084 1044 2153 εἶπα,
1086 2081 1261 2154 κύριε,
1311 2083 1537 2155 ἐλέησόν
1575 2108 1670 2155 με,
1714 2093 1868 2141 ἰάσαι

256 2167 357 2240 τὴν
387 2167 573 2241 ψυχήν
601 2192 728 2241 μου,
759 2165 843 2224 ὅτι
872 2164 1118 2240 ἥμαρτόν
1148 2186 1234 2224 σοι
1248 2165 1294 2239 ,”
1337 2171 1429 2224 καὶ
1474 2163 1551 2225 δι’
1597 2165 1731 2225 ὅλου
1769 2173 1867 2226 τοῦ

265 2256 524 2326 Ψαλμοῦ·
595 2257 675 2310 16.
726 2249 865 2325 ἅπερ
907 2255 1250 2325 σαφέστερον
1279 2250 1307 2308 ὅ
1341 2251 1640 2325 Σύμμαχος
1669 2256 1868 2309 τοῦτον
1889 2277 1931 2310 25

259 2340 489 2406 ἐξέδωκε
534 2334 629 2394 τόν
683 2336 889 2411 τρόπον
927 2333 1100 2409 “ἐμοῦ
1139 2339 1422 2408 λέγοντος,
1469 2335 1626 2407 κύριε
1673 2342 1867 2393 οἰκτεί·

257 2421 429 2494 ρησόν
458 2446 543 2494 με,
578 2430 730 2478 ἰάσαι
759 2420 861 2495 τὴν
892 2419 1078 2493 ψυχήν
1106 2444 1241 2494 μου,
1282 2423 1371 2477 καὶ
1406 2427 1456 2478 εἰ
1484 2418 1730 2492 ἥμαρτον
1760 2441 1866 2493 σοι,

145 2535 233 2578 [290]
259 2511 316 2563 οἱ
345 2510 541 2579 ἐχθροί
565 2531 671 2578 μου
704 2512 896 2578 ἔλεγον
926 2507 1051 2577 περὶ
1086 2507 1219 2576 ἐμοῦ
1241 2504 1399 2577 κακὰ,
1431 2503 1561 2562 πότε
1584 2502 1865 2578 ἀποθάνῃ,

216 2593 350 2647 ικαὶ
401 2587 687 2647 ἀπολεῖται
742 2590 800 2647 τὸ
850 2587 1280 2662 ὅνομα“αὐτοῦ;
1341 2591 1432 2646 καὶ
1487 2588 1865 2662 εἰσερχόμενος

258 2677 666 2743 ἐπισκέψασθαι
693 2673 895 2747 μάταια
929 2673 1107 2743 ἐλάλει
1139 2669 1399 2748 ἡκαρδία
1433 2672 1633 2746 αὐτοῦ,
1666 2671 1863 2747 ἤθροι-
1885 2699 1930 2732 30

376 2869 428 2907 14
460 2867 531 2907 Jo.
567 2870 635 2919 13,
667 2870 707 2907 4.
