1946 3158
575 119 881 161 DEMONST.
911 117 1132 161 EVANG.
1161 119 1197 158 Ι.
1230 120 1269 160 2.
1685 117 1717 168 9

109 239 283 310 κτῆρα
313 241 665 308 θεοσεβείας,
709 238 801 293 καὶ
845 238 1040 293 τοῦτον
1068 232 1136 291 οὐ
1182 236 1311 292 νέον
1340 232 1471 292 οὐδὲ
1508 237 1718 291 ἐκτετο-

110 323 405 394 πισμένον,
437 318 558 376 ἀλλ’
596 312 658 377 εὖ
687 318 832 393 μάλα
855 324 1190 376 παλαίτατον
1214 320 1306 375 καὶ
1329 333 1441 385 τοῖς
1472 319 1576 393 πρὸ
1607 325 1718 375 τῶν

110 407 400 472 Μωυσέως
446 403 664 479 χρόνων
704 407 1029 476 θεοφιλέσιν
1074 402 1158 460 ἐπ’
1217 400 1473 479 εὐσεβείᾳ
1518 427 1576 460 τε
1624 405 1714 460 καὶ
1742 426 1809 465 (1‘2)

114 487 437 564 δικαιοσύνῃ
478 490 985 562 μεμαρτυρημένοις
1027 486 1249 561 συνήθη
1290 490 1381 545 καὶ
1420 486 1713 561 γνώριμον.

67 599 87 630 5
112 573 257 645 πλὴν
287 572 426 630 ἀλλὰ
468 575 557 630 καὶ
602 577 710 630 νῦν
742 571 1220 645 ἐπιθεωρήσαντες
1260 579 1316 630 τί
1352 571 1472 630 ποτ’
1513 575 1660 630 ἐστὶν
1689 570 1719 629 ὅ

109 682 168 716 τε
202 654 556 731 Ἑλληνισμὸς
603 660 695 714 καὶ
731 654 1072 730 Ἰουδαϊσμὸς
1128 655 1464 730 σκεψώμεθα
1506 660 1719 733 ποτέρῳ

110 741 322 800 τούτων
372 741 724 816 ὑπηγμένους
775 739 903 807 τοὺς
955 741 1060 815 πρὸ
1104 744 1392 808 Μωυσέως
1435 749 1719 815 θεοφιλεῖς

110 825 319 900 ἄνδρας
350 826 485 900 πρὸς
516 825 990 892 αὐτοῦΜωυσέως
1014 833 1298 898 θεοφιλεῖς
1329 828 1420 882 καὶ
1446 824 1532 883 ἐπ’
1569 825 1719 883 εὐσε-

112 917 237 987 βεία
266 912 788 986 μεμαρτυρημένους
821 909 1076 984 εὕροιμεν
1107 908 1192 968 ἅν.
1257 915 1305 967 2.
1339 908 1434 967 τὸν
1465 911 1567 983 μὲν
1592 907 1719 969 'Iov-

47 1023 87 1053 10
114 996 348 1069 δαϊσμὸν
378 993 618 1068 εὐλόγως
648 1019 727 1061 τις
745 991 816 1053 ἂν
837 992 1127 1068 ὀνομάσειε
1149 993 1251 1067 τὴν
1278 993 1413 1052 κατὰ
1433 994 1528 1052 τὸν
1545 1003 1721 1053 Μωυ-

112 1083 248 1146 σέως
278 1079 450 1153 νόμον
475 1080 906 1153 διατεταγμένην
927 1085 1228 1151 πολιτείαν,
1263 1079 1385 1144 ἑνὸς
1414 1083 1720 1153 ἐξημμένην

110 1171 208 1222 τοῦ
251 1167 340 1221 ἐπὶ
382 1163 606 1222 πάντων
645 1168 813 1236 θεοῦ,
881 1163 978 1220 τὸν
1019 1165 1079 1220 δὲ
1113 1162 1503 1237 Ἐλληνισμόν,
1548 1160 1620 1231 ὡς
1663 1167 1720 1220 ἐν

111 1256 394 1326 κεφαλαίῳ
447 1248 649 1322 φάναι,
703 1249 804 1320 τὴν
856 1247 992 1305 κατὰ
1033 1247 1098 1305 τὰ
1138 1246 1340 1321 πάτρια
1382 1253 1494 1306 τῶν
1536 1252 1721 1306 ε’θνῶν

113 1331 374 1390 ἁπάντων
416 1339 492 1400 εἰς
533 1341 791 1400 πλείονας
841 1331 1009 1402 θεοὺς
1050 1338 1507 1406 δεισιδαιμονίαν.
1577 1338 1624 1391 3.
1669 1341 1725 1390 τί

51 1443 92 1473 15
114 1408 218 1473 οὖν
247 1414 524 1490 φήσαιμεν
548 1415 617 1474 ἂν
641 1420 768 1490 περὶ
792 1422 904 1475 τῶν
927 1418 1031 1489 πρὸ
1044 1421 1334 1484 Μωυσέως
1365 1420 1456 1476 καὶ
1488 1416 1593 1491 πρὸ
1625 1422 1721 1476 τοῦ

105 1498 457 1574 Ἰουδαῑσμοῦ
485 1506 771 1574 θεοφιλων
802 1500 1060 1575 ἀνδρῶν,
1103 1527 1181 1559 ων
1212 1501 1240 1558 ὁ
1272 1509 1524 1575 Μωυσῆς
1557 1505 1722 1575 ἐμνη-

111 1583 411 1656 μόνευσεν,
445 1593 564 1643 οἱον
595 1589 722 1658 περὶ
744 1579 935 1658 Ἐνωχ,
968 1587 1010 1642 ὠ
1043 1601 1315 1659 μαρτυρεῖ
1350 1585 1562 1659 λέγων
1569 1582 1723 1659 ‘66⁷2-

113 1671 343 1742 ρέστησε
375 1671 433 1726 δε
459 1668 629 1743 Ἐνωχ
658 1673 736 1745 τῷ
763 1668 936 1755 θεῷ,’
985 1673 1075 1727 καὶ
1115 1674 1240 1742 περὶ
1270 1674 1372 1729 τοῦ
1402 1674 1562 1742 Νωε,
1595 1673 1722 1744 περὶ

112 1754 179 1810 οὐ
210 1752 377 1812 παλιν
407 1756 546 1852 φησὶ
568 1753 740 1811 “Νωε
772 1755 832 1811 ὁε
872 1779 942 1827 ην
973 1751 1270 1829 ανθρωπος
1314 1761 1524 1821 δίκαιος
1567 1759 1626 1812 ἐν
1654 1758 1720 1828 τῇ

47 1862 89 1894 20
114 1841 276 1923 γενεᾷ
306 1836 498 1910 αὐτοῦ,
505 1836 533 1858 ”
571 1844 704 1911 περί
741 1861 799 1896 τε
830 1863 1010 1897 του
960 1840 1086 1912 Σὴμ
1118 1841 1209 1896 καὶ
1239 1844 1337 1898 τοῦ
1355 1837 1562 1913 Ἰάφεθ,
1595 1843 1721 1913 περὶ

114 1923 193 1978 ὠν
223 1926 393 1979 ταῦτα
432 1920 746 1996 αναγράφει
781 1921 810 1946 ‘
822 1921 1116 1997 εὐλογητὸς
1158 1923 1343 1998 κύριος
1383 1920 1411 1981 ὁ
1451 1922 1583 1990 θεὸς
1622 1929 1720 1981 τοῦ

112 2007 265 2080 Σὴμ,
319 2009 410 2064 καὶ
461 2006 735 2066 πλατύναι
786 2006 814 2065 ὁ
867 2008 997 2075 θεὸς
1049 2033 1123 2066 τω
1171 2004 1422 2082 Ἱαφεθ·”
1532 2013 1580 2065 4.
1630 2012 1722 2066 καὶ

114 2098 192 2148 ἔτι
234 2091 370 2164 πρὸς
410 2091 622 2159 τούτοις
672 2095 797 2166 περὶ
847 2097 944 2150 τοῦ
979 2091 1225 2168 Ἀβρααμ
1274 2096 1366 2151 καὶ
1407 2099 1506 2151 τοῦ
1542 2089 1721 2152 Ἰσαὰκ

114 2178 205 2232 καὶ
243 2179 342 2233 τοῦ
377 2177 600 2249 Ἰακώβ,
656 2173 737 2243 οἷς
779 2180 870 2234 καὶ
911 2174 1007 2235 τὸν
1042 2175 1162 2250 Ἰιὸβ
1214 2188 1586 2252 συναριθμεῖν
1628 2176 1721 2237 εὕ-

0 2253 6 2317 !
50 2283 90 2315 25
115 2267 312 2332 λογον,
365 2263 456 2316 καὶ
501 2270 555 2318 εἴ
589 2285 732 2327 τινες
773 2259 928 2318 ἄλλοι
969 2260 1064 2327 τὸν
1103 2266 1316 2336 ἐμφερῆ
1351 2261 1563 2330 τούτοις
1606 2261 1722 2335 ἐζή-

7 2338 10 2359 ³
113 2352 302 2402 λωσαν
353 2351 506 2417 βίους
563 2338 668 2418 ἆρά
707 2369 770 2418 γε
802 2344 1102 2414 Ἰουδαίους
1143 2344 1345 2414 αὐτούς
1391 2353 1588 2421 χρῆναι
1628 2371 1722 2419 γε-

114 2430 338 2500 γονέναι
367 2426 717 2503 ἢέἘλληνας;
762 2426 900 2486 ἄλλα
941 2430 1045 2504 γὰρ
1082 2429 1335 2490 Ἰουδαῖοι
1374 2433 1478 2505 μὲν
1517 2429 1620 2488 οὐκ
1650 2426 1720 2487 ἂν

114 2511 356 2586 εὐλόγως
387 2522 670 2588 λεχθεῖεν,
702 2513 866 2588 μήπω
894 2518 987 2587 τῆς
1012 2519 1299 2582 Μωυσέως
1329 2520 1718 2589 παρεισαχθεί-

114 2617 213 2670 σης
243 2622 318 2654 τω
349 2604 454 2676 βίω
485 2606 835 2673 νομοθεσίας
896 2604 943 2656 5.
981 2606 1032 2657 εἰ
1053 2599 1155 2672 γὰρ
1179 2599 1521 2673 Ἰουδαϊσμὸς
1552 2597 1720 2657 οὐδεν
1743 2612 1794 2652 (13
1798 2615 1809 2653 J

49 2673 185 2752 3ο’ἦν
217 2685 405 2756 ἕτερον
443 2707 476 2755 η
516 2682 550 2756 ἡ
591 2684 727 2741 κατὰ
761 2687 1011 2742 Μωυσέα
1051 2690 1322 2758 πομπεία,
1366 2686 1616 2756 Μωυσῆς
1660 2684 1721 2741 δε

116 2877 140 2915 9
180 2814 601 2916 261Ἰςηεύηρε’στησε
622 2845 675 2850 -
699 2816 721 2864 ὁ
754 2818 870 2869 θεὸς
892 2820 954 2876 τῷ
971 2816 1161 2876 Ἰάφεθ]
1200 2822 1358 2866 Gen.
1338 2839 1378 2876 ο,
1404 2825 1471 2862 22.
1502 2824 1570 2862 24.
1614 2823 1653 2874 6,
1678 2823 1718 2863 9.

146 2906 156 2926 ,
239 2904 295 2915 ...
331 2910 338 2918 .
