1946 3158
222 113 289 165 33
910 111 1160 153 EUSEBII

342 234 426 288 23.
484 227 707 295 Τούτοις
756 230 992 299 ἐπιλέγει
1014 222 1223 301 “χήρας
1265 226 1361 284 τὸν
1402 225 1702 301 ὀφθαλμὸν
1732 225 1836 286 οὐκ

221 316 450 386 ἐξέτηξα.
516 320 567 371 εἰ
597 314 656 370 δὲ
688 314 778 369 καὶ
810 311 906 369 τὸν
937 310 1133 384 ψωμόν
1155 335 1263 385 μου
1283 317 1492 384 ἔφαγον
1521 310 1707 386 μόνος,
1742 316 1835 370 καὶ

215 397 340 472 οὐχὶ
363 396 595 475 ὀρφανῷ
616 401 927 471 μετέδωκα,
962 402 1014 454 εἰ
1042 396 1103 453 δὲ
1127 397 1218 452 καὶ
1243 396 1395 455 εἶδον
1417 396 1632 470 γυμνὸν
1661 396 1835 454 ἀπολ-

219 482 486 557 λύμενον,
521 484 613 539 καὶ
643 478 746 538 οὐκ
777 478 1079 554 ήμφίεσα.”

346 572 431 624 24.
465 569 576 624 Καὶ
609 565 777 623 πάλιν
806 564 1021 637 ὑποβὰς
1052 567 1198 637 λέγει
1223 560 1316 621 “εἰ
1345 565 1405 622 δὲ
1436 567 1527 622 καὶ
1558 572 1704 642 λίθω
1735 589 1830 624 πο·
1853 592 1873 624 5

218 660 440 709 λυτελεῖ
479 654 852 724 ἐπεποίθησα,
903 656 952 707 εἰ
993 650 1052 706 δε
1096 651 1188 706 καὶ
1229 648 1572 724 ηὐφράνθην
1626 653 1836 708 πολλοῦ

216 735 459 794 πλούτου
499 760 591 809 μοι
623 738 955 808 γενομένου,
1003 740 1055 791 εἰ
1084 735 1144 790 δὲ
1176 735 1267 790 καὶ
1312 732 1395 791 ἐπ’
1434 731 1834 808 ἀναριθμήτοις

219 823 431 894 ἐθέμην
461 835 617 894 χειρα
643 845 771 922 μου.

343 910 426 963 25,
462 907 574 962 Καὶ
604 904 700 962 τὸν
725 903 987 977 λογισμὸν
1012 894 1178 970 αὐθις
1205 899 1472 974 ἐπιλέγει“
1477 898 1531 975 ’ἢ
1563 899 1666 978 οὐχ
1695 902 1831 976 ὁρῶ·

130 1013 198 1055 (16)
215 1015 317 1064 μεν
347 988 505 1062 ἥλιον
537 988 953 1062 ἐπιφαύσκοντα
986 990 1076 1044 καὶ
1101 990 1443 1060 ἐκλείποντα,
1476 990 1567 1044 καὶ
1591 987 1832 1063 σελήνην
1855 1012 1895 1044 10

99 1113 125 1126 ι
221 1078 282 1132 δε
314 1070 703 1148 φθίνουσαν;”

341 1164 426 1216 26.
462 1168 600 1216 Ειτα
633 1157 801 1215 παλιν
825 1161 918 1230 τῆς
947 1155 1304 1230 εὖαγγελικῆς
1330 1160 1691 1223 διδασκαλίας
1722 1182 1833 1231 φη-

216 1242 387 1317 σάσης
410 1239 656 1316 “ἐρρέθη
687 1255 802 1308 τοῖς
834 1239 1103 1316 ἀρχαίοις,
1135 1238 1441 1312 ἀγαπήσεις
1466 1239 1561 1298 τὸν
1592 1249 1831 1314 πλησίον
1915 1243 1919 1248 ’

218 1347 350 1401 σου,
404 1330 493 1385 καὶ
547 1325 797 1401 μισήσεις
841 1325 939 1384 τὸν
985 1325 1203 1399 ἐχθρόν’
1233 1344 1352 1382 σου.
1438 1324 1544 1397 ἐγώ
1587 1327 1649 1383 δὲ
1689 1329 1830 1399 λέγω

214 1411 377 1485 ὑμῖν,
409 1410 656 1485 ἀγαπᾶτε
685 1410 812 1478 τοὺς
847 1410 1080 1484 ἐχθρούς
1110 1406 1328 1510 ὑμῶν,,”
1367 1406 1643 1483 αύτοφυεῖ
1670 1417 1832 1468 διδα-
1854 1434 1895 1466 15

217 1504 415 1555 σκαλία
456 1495 756 1571 προλαβών
795 1492 823 1553 ὁ
855 1493 1167 1568 θαυμασιος
1210 1491 1450 1566 τοῦργον
1477 1493 1828 1603 ἀπεπλήρου·

219 1581 304 1639 διό
335 1601 509 1656 φησιν
549 1577 623 1638 ἐἰ
653 1582 713 1638 δὲ
744 1583 836 1638 καὶ
870 1578 1131 1653 ἐπιχαρὴς
1165 1577 1431 1652 ἐγενόμην
1463 1581 1552 1636 ε’πὶ
1583 1579 1831 1653 πτώματι

218 1671 424 1742 ἐχθροῦ
455 1690 581 1740 μου,
615 1668 707 1723 καὶ
741 1665 896 1723 εἶπεν
927 1661 960 1738 ἡ
993 1670 1194 1739 καρδία
1223 1688 1357 1737 μου,
1394 1665 1454 1722 εὐ
1479 1688 1560 1737 γε,
1594 1662 1827 1722 ἀκούσαι

103 1766 105 1768 ’
166 1770 188 1803 b
215 1776 321 1827 αρα
352 1750 411 1808 τὸ
444 1752 541 1817 οὐς
572 1775 680 1823 μου
709 1750 812 1822 τὴν
843 1773 1087 1821 καταραν
1117 1772 1237 1822 μου.

341 1840 426 1892 27.
461 1837 572 1893 Καὶ
605 1830 874 1907 ἐπιλέγει
878 1832 1002 1901 οἔξω
1047 1833 1108 1890 δε
1149 1829 1253 1889 οὐκ
1283 1828 1530 1904 ηὐλίζετο
1571 1835 1751 1907 ξένος,
1794 1834 1828 1908 ἡ
1853 1857 1894 1889 20

218 1921 280 1976 δὲ
309 1918 461 1994 θύρα
491 1943 599 1992 μου
630 1921 796 1977 παντὶ
828 1916 1050 1975 ἐλθόντι
1084 1913 1384 1994 ἄνέωκτο,”
1420 1919 1538 1974 ἐπεὶ
1567 1917 1641 1992 μὴ
1672 1915 1830 1976 ἀλλό-

217 2027 363 2077 τριος
387 2006 485 2061 τοῦ
509 2002 789 2076 φήσαντος
811 1998 1001 2070 “ξένος
1023 2000 1188 2075 ἤμην,
1221 2003 1311 2058 καὶ
1343 2001 1687 2075 συνηγάγετέ
1713 2000 1828 2077 με.”

216 2093 301 2146 28.
336 2085 425 2146 οἶα
457 2089 518 2145 δὲ
550 2086 724 2145 αὐτοῦ
756 2089 847 2144 καὶ
878 2086 943 2143 τὰ
975 2089 1101 2158 περὶ
1132 2088 1244 2143 τῶν
1274 2084 1557 2145 ἀκουσίων
1587 2097 1828 2162 πλημμε-

218 2172 476 2246 λημάτων
530 2171 840 2229 ἐπάκουσον
891 2174 1142 2244 λέγοντος
1188 2167 1282 2227 “εἰ
1327 2172 1386 2227 δὲ
1431 2173 1523 2228 καὶ
1569 2172 1831 2247 ἁμαρτών

217 2257 492 2324 ἀκουσίως
524 2263 738 2332 ἔκρυψα
767 2255 868 2328 τὴν
899 2255 1171 2329 ἁμαρτίαν
1200 2279 1336 2328 μου,
1377 2252 1442 2312 ού
1474 2254 1578 2331 γὰρ
1613 2257 1828 2330 διετρά-
1852 2280 1916 2322 25;

220 2364 332 2415 πην
366 2348 703 2420 πολυοχλίαν
733 2339 1015 2413 πλήθους,
1058 2344 1155 2397 τοῦ
1197 2338 1271 2412 μὴ
1306 2342 1660 2415 ἐξαγορεῦσαι
1693 2340 1830 2399 ἐναί-

219 2450 348 2484 πιον
379 2425 580 2484 αὐτῶν.
643 2433 694 2484 εἰ
725 2426 786 2483 δὲ
815 2427 907 2482 καὶ
940 2435 1096 2486 εἰάσα
1120 2422 1400 2481 ἀδύνατον
1427 2428 1676 2492 ἐξελθεῖν
1710 2424 1830 2500 [τὴν
1858 2428 1868 2438 ’

219 2510 410 2585 θύραν
439 2511 566 2586 μου]
601 2510 787 2588 κόλπῳ
818 2512 990 2586 κενῷ,
1023 2523 1179 2583 χεῖρα
1211 2508 1272 2565 δὲ
1304 2515 1503 2582 κυρίου
1528 2515 1578 2567 εί
1605 2510 1679 2583 μὴ
1714 2514 1828 2568 ἐδε-

221 2602 460 2669 δοίκειν,
503 2594 836 2672 συγγραφὴν
879 2595 940 2652 δὲ
979 2591 1049 2668 ἣν
1099 2593 1249 2666 εἶχον
1295 2591 1432 2650 κατά
1470 2617 1617 2662 τινος
1661 2601 1716 2652 εἰ
1753 2593 1827 2669 μὴ

1850 2703 1892 2736 30

336 2763 357 2800 1
388 2762 491 2806 Job.
511 2764 580 2814 31,
607 2763 672 2802 16.
903 2761 928 2801 5
958 2759 1060 2800 Job.
1084 2761 1151 2810 31,
1174 2760 1242 2801 24.
1473 2763 1497 2801 9
1528 2761 1633 2802 Job.
1666 2764 1732 2812 31,
1757 2763 1826 2803 26.

224 2820 275 2857 13
307 2817 469 2858 Matth.
493 2822 531 2870 5,
555 2821 624 2860 43.
857 2819 908 2857 17
939 2816 1044 2859 Job.
1067 2818 1135 2866 31,
1159 2817 1226 2857 29.
1456 2819 1510 2858 2Ο
1539 2818 1641 2858 Job.
1666 2820 1733 2869 31,
1758 2820 1825 2860 32.

221 2875 273 2913 22
305 2873 471 2918 Matth.
493 2876 562 2927 25,
585 2877 654 2918 35.
827 2875 882 2913 24
912 2872 1015 2915 Job.
1038 2874 1108 2924 31,
1133 2873 1201 2912 33.
