1992 3186
572 120 883 165 DEMONST
910 112 1143 166 ΕνΑΝοῗ
1163 122 1245 162 lx.
1279 122 1319 162 τ.
1652 121 1754 173 587

981 235 1090 256 ⁸⁶0(OE

148 243 245 296 τοῦ
284 239 519 311 Ψαλμοῦ
547 239 674 311 περὶ
703 241 801 294 τοῦ
832 234 1005 294 αὐτου
1066 261 1095 294 ο
1126 240 1397 294 κατοικῶν
1429 239 1489 294 ἐν
1519 243 1756 314 βοηθείᾳ

147 327 244 380 τοῦ
283 321 524 391 ὑψίστου
567 323 627 379 ἐν
665 322 840 396 σκέπῃ
880 323 981 378 τοῦ
1020 325 1159 379 θεοῦ
1197 327 1295 378 τοῦ
1324 318 1569 393 οὐρανοῦ
1601 319 1754 379 αὐλι-
1779 347 1875 387 ‹436›

147 406 445 507 σθήσεται,
495 410 608 478 ἐρεῖ
650 410 725 482 τῷ
771 411 978 483 κυρίῳ,
1029 404 1378 478 άντιλήπτωρ
1423 430 1530 479 μου
1572 406 1622 463 εἷ
1665 409 1756 464 καὶ

145 489 440 565 καταφυγή
470 516 608 563 μου,
650 489 679 547 ὁ
710 489 842 557 θεός
872 513 1007 562 μου,
1051 489 1258 563 βοηθός
1293 514 1428 563 μου,
1461 492 1552 547 καὶ
1587 494 1755 548 ἐλπιῶ

101 574 230 633 5ἐπ’
283 572 468 632 αυτόν
478 572 510 594 ”
604 579 684 631 16
730 574 921 646 ἐπειδὴ
962 580 1155 632 τοίνυν
1198 573 1296 647 σύ,
1346 576 1388 631 ὠ
1431 573 1616 648 κύριε,
1658 575 1756 634 τὸν

141 659 377 729 ὕψιστον
418 665 556 717 ἔθου
596 657 925 731 καταφυγήν
966 677 1096 731 σου,
1138 657 1338 716 τούτου
1368 658 1531 732 χάριν
1569 658 1755 726 ἀὐτὸς

141 743 170 801 ὁ
200 742 465 812 ὕψιστος”
512 745 649 816 φησὶ
674 738 948 814 “ρ’ύσεταί
981 762 1043 798 σε
1086 746 1144 799 ἐκ
1175 748 1409 815 παγίδος
1438 748 1752 817 θηρευτων,

143 830 232 884 καὶ
265 825 371 885 άπὸ
402 827 571 900 λόγου
602 825 987 901 ταραχώδους,
1031 829 1122 883 καὶ
1156 830 1216 883 ἐν
1245 842 1359 894 τοῖς
1389 831 1755 902 μεταφρένοις

142 910 315 969 αὑτοῦ
357 910 662 969 ἐπισκιάσει
705 929 807 968 σοι
815 909 844 929 ”
922 910 1113 984 διόπερ
1165 910 1266 983 τὴν
1305 911 1568 985 τοιαύτην
1613 919 1756 987 ἔχων

78 1023 119 1055 10
143 995 415 1069 πατρικὴν
453 998 553 1053 τοῦ
591 991 830 1063 υψίστου
875 993 1148 1068 βοήθειαν
1192 1019 1258 1053 ου
1303 995 1604 1070 φοβηθήσῃ
1647 995 1755 1054 άπὸ

141 1079 324 1153 φόβου
354 1084 681 1151 νυκτερινοῦ
721 1077 850 1136 οὔτε
889 1077 998 1136 ἀπό
1043 1103 1192 1145 τινος
1222 1082 1334 1137 τῶν
1364 1089 1756 1154 προκατειλεγ-

139 1167 343 1237 μένων,
362 1161 500 1221 ἀλλὰ
520 1162 654 1221 οὐδε
680 1167 738 1220 ἐκ
761 1167 872 1221 τῶν
899 1166 1064 1235 ἑξῆς’
1039 1165 1466 1237 επιφερομένων.
1502 1163 1607 1222 17.ε
1612 1160 1754 1222 ἐπεὶ
1781 1194 1801 1225 b

139 1248 245 1323 γὰρ
278 1247 366 1322 σύ,
399 1247 574 1321 κύριε,
609 1246 706 1305 τὸν
734 1246 971 1316 ὕψιστον
995 1255 1134 1306 ἔθου
1153 1247 1481 1321 καταφυγήν
1506 1269 1628 1322 σου,
1663 1248 1755 1306 διά

140 1338 302 1390 τοῦτο
333 1330 399 1391 οὐ
431 1331 858 1406 προσελεύσεται
884 1331 1019 1404 πρὸς
1043 1334 1105 1390 σε
1128 1330 1288 1405 κακά,
1320 1335 1410 1389 καὶ
1436 1332 1629 1406 μάστιξ
1652 1332 1755 1391 οὐκ

78 1445 119 1477 15
144 1421 317 1490 ἐγγιεῖ
342 1423 418 1494 τῷ
450 1415 775 1490 σκηνώματί
800 1415 954 1474 σου.”
1002 1416 1267 1490 μάστιγας
1299 1418 1361 1474 δὲ
1384 1415 1479 1484 τὰς
1499 1414 1606 1475 άπό
1632 1423 1755 1475 δαι-

139 1499 327 1574 μόνων
343 1506 622 1574 ἐνεργείας
645 1503 737 1558 καὶ
764 1504 824 1558 ἐν
853 1514 966 1566 τοῖς
991 1498 1330 1574 εὐαγγελίοις
1352 1498 1755 1575 ὀνομαζομένας

140 1583 211 1643 ἂν
252 1585 462 1660 εὕροις,
503 1581 568 1652 ἃς
607 1584 743 1643 οὐδὲ
781 1583 1099 1657 πλησιάζειν
1138 1588 1345 1658 τολμᾶν
1384 1590 1460 1660 τῷ
1500 1585 1755 1658 σκνηνω’-

140 1695 268 1743 ματι
299 1675 395 1728 τοῦ
426 1673 696 1742 Χριστοῦ,
723 1674 969 1728 τουτέστι
1000 1675 1075 1746 τῷ
1106 1668 1315 1742 σώματι
1346 1666 1544 1741 αὐτοῦ,
1579 1675 1755 1728 δυνα-

139 1754 235 1822 τὰς
268 1755 417 1812 εἶναι’
444 1774 595 1827 φησι.
671 1760 750 1812 18.
786 1760 902 1820 πῶς
933 1754 1039 1827 γὰρ
1070 1750 1162 1811 ὅτε
1203 1753 1348 1830 λόγῳ
1379 1753 1552 1827 μόνον
1583 1751 1753 1822 αὐτὰς

76 1866 118 1898 20
142 1841 195 1906 ἐξ
236 1835 557 1910 άνθρώπων
595 1837 834 1910 ἤλαυνε;
889 1840 1014 1911 περὶ
1055 1836 1254 1895 τούτου
1296 1839 1358 1895 δὲ
1397 1843 1495 1895 τοῦ
1541 1838 1752 1911 σκηνώ·

140 1947 307 1995 ματος
337 1925 428 1980 καὶ
458 1925 487 1980 ὁ
512 1929 702 1995 Δαβίδ
733 1946 864 1980 ποτε
896 1921 1078 1996 ὤμοσε
1100 1927 1175 1998 τῷ
1209 1929 1404 1999 κυρίῳ,
1437 1925 1527 1979 καὶ
1552 1922 1753 1996 ηὔξατο

140 2012 215 2083 τῷ
261 2010 377 2084 θεῷ
416 2005 609 2080 Ἰακώβ
667 2010 845 2080 λέγων
883 2003 973 2063 “el
1024 2005 1372 2080 ἀναβήσομαι
1430 2009 1517 2064 ἐπὶ
1563 2013 1793 2080 κλίνηςο

141 2096 429 2165 στρωμνῆς
469 2115 606 2165 μου,
650 2098 699 2149 εἰ
737 2090 898 2149 δωσω
929 2090 1112 2149 ὕπνον
1140 2105 1254 2158 τοῖς
1283 2089 1596 2164 ὀφθαλμοις
1625 2116 1753 2165 μου,

142 2177 234 2232 καὶ
276 2189 389 2242 τοῖς
429 2175 727 2250 βλεφάροις
766 2201 873 2250 μου
913 2175 1259 2248 νυσταγμὸν,
1302 2178 1393 2233 καὶ
1435 2173 1754 2234 ἀνάπαυσιν

78 2287 118 2319 25
140 2273 254 2326 τοῖς
295 2259 589 2334 κροτάφοις
627 2285 763 2334 μου,
812 2263 913 2327 ε’ως
951 2285 1018 2318 ου
1059 2259 1204 2334 εὕρω
1249 2258 1422 2317 τόπον
1449 2263 1527 2336 τῷ
1555 2267 1751 2337 κυρίω,

142 2341 407 2417 σκήνωμα
436 2350 510 2422 τῷ
541 2350 658 2422 θεῷ
685 2342 934 2418 Ἰακώβ.”
1009 2349 1088 2401 19.
1122 2346 1214 2401 καὶ
1246 2342 1445 2401 τούτου
1486 2367 1549 2416 γε
1591 2348 1753 2401 ε’νεκα

142 2430 242 2483 τοῦ
282 2427 637 2501 σκηνώματος
678 2427 945 2501 ἐλέγετο
951 2424 1037 2485 οὐ
1075 2426 1379 2502 φοβηθήσῃ
1422 2425 1530 2484 άπὸ
1570 2426 1753 2500 φόβου

455 2514 476 2525 ⁶
491 2509 540 2537 ‚22
772 2507 844 2532 ΣΕ(
905 2510 918 2529 9

145 2528 501 2584 νυκτερινου·
599 2515 691 2569 καὶ
730 2537 790 2569 το
853 2509 1017 2576 αυτὸς
1048 2509 1280 2585 ρύσεταί
1317 2528 1379 2567 σε
1420 2514 1480 2568 ἐκ
1519 2516 1754 2583 παγίδος

1332 2590 1382 2619 ,ἳθ
1602 2594 1614 2613 ἱ
1645 2591 1675 2614 C(
1733 2594 1746 2614 ²

143 2599 438 2667 θηρευτων
476 2598 567 2652 καὶ
606 2593 714 2653 άπὸ
754 2595 923 2667 λόγου
961 2593 1342 2667 ταραχώδους
1429 2597 1522 2652 καὶ
1560 2619 1621 2652 το
1683 2619 1752 2652 ου

81 2706 122 2738 30
144 2677 572 2751 προσελεύσεται
611 2678 748 2754 πρὸς
787 2680 848 2736 σὲ
879 2677 1046 2750 κακά,
1089 2681 1180 2735 καὶ
1221 2677 1415 2752 μάστιξ
1446 2677 1550 2736 οὐκ
1581 2683 1757 2752 ἐγγιεῑ

259 2874 313 2912 22
344 2872 420 2913 ΡΒ.
447 2874 541 2925 131,
566 2875 602 2914 3.
