1992 3186
246 119 352 171 466
922 117 1170 159 EUSEBII

247 246 366 302 θως
396 237 491 307 τῆς
535 239 684 306 ἱερᾶς
724 237 942 305 γραφῆς
971 231 1068 290 τὸν
1109 229 1294 306 ἀληθῆ
1317 231 1535 308 Ἰσραὴλ
1564 233 1701 292 κατὰ
1731 236 1860 293 διά-

247 343 408 378 νοιαν
438 315 617 375 πάντα
646 315 742 375 τὸν
769 315 1083 390 διορατικὸν
1106 318 1199 374 καὶ
1221 315 1462 391 ἀρεστῶς
1483 321 1601 396 θεῷ
1624 322 1856 392 βιοῦντα

250 399 718 475 ἐπονομαζούσης,
750 397 822 466 ὡς
854 406 1089 474 ἔμπαλιν
1116 401 1244 467 τούς
1277 404 1336 458 ἐκ
1359 405 1652 476 περιτομῆς
1680 399 1853 461 ὁπόθ’

247 483 644 560 ἁμαρτάνοιεν,
693 490 1047 552 Χαναναίους
1091 486 1183 542 καὶ
1228 487 1445 560 σπέρμα
1490 485 1719 545 Χαναὰν
1763 489 1857 544 καὶ

247 569 348 627 οὐκ
381 567 590 642 Ἰούδα,
632 566 899 644 ἄρχοντάς
938 592 998 626 τε
1038 568 1312 642 Σοδόμων
1350 571 1444 627 καὶ
1482 569 1618 627 λαὸν
1646 570 1900 645 Γομόρ-5

200 680 221 711 d
248 678 372 727 ρας,
407 657 656 727 ἐμφερῶς
687 651 876 710 αὐτῶν
904 666 1019 720 τοῖς
1048 651 1270 727 τρόποις
1310 651 1710 727 ἀποκαλούσης.
1769 659 1854 712 25.

245 737 424 805 ἄλλως
458 739 518 794 δὲ
547 735 683 812 πρὸς
714 739 860 804 λέξιν
888 733 922 808 ἡ
956 741 1104 794 πᾶσα
1133 741 1234 794 τοῦ
1262 741 1506 812 σωτῆρος
1545 734 1704 812 ἡμῶν
1736 743 1859 795 δια-

245 820 405 894 τριβὴ
446 819 596 894 παρὰ
633 826 709 898 τῷ
735 819 1021 879 Ἰουδαίων
1061 828 1216 879 ε”θνει
1247 823 1468 895 γέγονε,
1500 817 1603 880 ’καὶ
1637 828 1859 880 πολλῶν

245 929 307 977 γε
337 909 437 963 τοῦ
458 904 675 979 Ἰσραὴλ
705 904 978 978 ἡγήσατο,
1019 903 1139 963 ὅσοι
1172 904 1240 978 δὴ
1272 912 1526 978 ἔγνωσαν
1565 904 1735 964 αὐτὸν
1763 909 1858 964 καὶ

249 996 326 1057 εἰς
358 987 528 1047 αὐτὸν
558 988 957 1047 πεπιστεύκασι
987 993 1099 1046 τῶν
1130 992 1190 1046 ἐκ
1220 995 1530 1063 περιτομῆς.
1879 1016 1922 1049 10

373 1078 458 1131 26.
492 1076 603 1131 Καὶ
644 1072 704 1131 τὸ
743 1074 847 1146 μὲν
875 1079 971 1145 τῆς
1017 1075 1334 1146 ἐκτεθείσης
1364 1072 1719 1149 προρρήσεως
1749 1095 1858 1132 τοι·

247 1156 423 1230 αύτην
467 1165 660 1230 εἴληφε
698 1157 800 1229 τὴν
842 1163 1094 1229 ἔκβασιν’
1160 1155 1226 1214 τοὶ
1268 1157 1330 1214 δὲ
1373 1159 1494 1230 ἑξῆς
1534 1156 1631 1230 ἀφ’
1670 1159 1857 1232 ἐτέρας

246 1241 634 1314 ἀναγνωστέον
672 1238 869 1313 ἀρχῆς,
919 1237 1096 1306 οὕτως
1139 1247 1334 1313 ἔχοντα
1366 1237 1685 1316 “’Λσσύριος
1724 1239 1857 1299 ὅταν

248 1327 457 1398 ἐπέλθῃ
500 1327 589 1381 ἐπὶ
627 1323 729 1396 τὴν
767 1328 874 1396 γῆν
911 1320 1098 1397 ὑμῶν,
1139 1327 1232 1381 καὶ
1273 1321 1407 1382 ὅταν
1439 1328 1602 1400 ἐπιβῇ
1635 1327 1725 1382 ἐπὶ
1752 1325 1857 1397 τὴν

245 1409 430 1483 χώραν
470 1407 657 1481 ὑμῶν,
705 1410 798 1464 καὶ
840 1406 1312 1482 ἐπεγερθήσονται
1356 1406 1444 1465 ἐπ’
1502 1407 1671 1466 αὐτὸν
1721 1407 1856 1466 ἑπτὰ
1879 1435 1921 1468 15

245 1495 498 1566 ποιμένες
515 1537 530 1564 ,
562 1493 654 1549 καὶ
676 1488 818 1549 ὀκτώ
842 1491 1093 1565 δήγματα
1109 1488 1485 1567 ἀνθρώπων,”
1521 1495 1613 1551 καὶ
1634 1490 1702 1550 τὰ
1731 1491 1859 1551 τού-

246 1601 357 1642 τοις
387 1575 701 1648 ἀκόλουθα,
743 1573 778 1632 ἃ
809 1577 900 1632 καὶ
931 1574 1127 1644 ὁποίας
1155 1582 1333 1649 ἔχεται
1374 1582 1623 1644 διανοίας
1662 1575 1729 1635 οὐ
1759 1582 1858 1634 τοῦ

245 1659 517 1734 παρόντος
559 1658 823 1733 τυγχάνει
877 1659 1255 1733 διηγήσασθαι
1300 1665 1512 1735 καιροῦ.
1581 1666 1666 1718 27.
1712 1669 1858 1719 εἴποι

247 1751 280 1802 δ
291 1743 303 1761 '
339 1742 410 1802 ἄν
438 1769 519 1810 τις
549 1743 685 1817 μετὰ
715 1743 818 1816 τὴν
844 1740 1151 1818 Ἀσσυρίων
1195 1750 1272 1812 εἰς
1302 1742 1403 1817 τὴν
1428 1741 1703 1802 Ἰουδαίαν
1734 1747 1855 1801 ἐπι-

130 1858 222 1898 (344⁶.)
250 1834 483 1901 δημίαν,
516 1826 647 1885 καθ’
684 1824 755 1900 ἣν
787 1824 936 1885 εἶλον
966 1826 1027 1884 τὸ
1051 1826 1339 1886 Ἰουδαίων
1370 1833 1553 1900 ἔθνος,
1585 1825 1853 1894 τοσαύτας
1875 1851 1918 1884 20

247 1911 643 1978 ἐπαναστάσεις
673 1908 800 1968 κατ’
833 1907 1020 1968 αὐτῶν
1049 1913 1365 1982 γεγονέναι,
1398 1909 1524 1968 ὅσαι
1554 1913 1855 1984 δηλοῦνται

247 1995 338 2052 διὰ
368 1999 479 2053 τῶν
510 1993 644 2052 ἑπτα
673 1997 956 2066 ποιμένων
986 1995 1078 2051 καὶ
1104 1991 1195 2050 διὰ
1225 1998 1336 2052 τῶν
1359 1991 1501 2051 ὀκτώ
1528 1994 1850 2069 δηγμάτων·

244 2082 415 2136 ταῦτα
449 2080 509 2135 δὲ
543 2076 823 2135 δύνασθαι
866 2080 1074 2135 εἰδέναι
1115 2077 1244 2144 τούς
1273 2078 1339 2135 τὰ
1365 2075 1674 2153 Ἀσσυρίων
1707 2083 1854 2137 ἱστο-

246 2160 505 2235 ρηκότας,
548 2154 626 2219 οἷν
667 2164 756 2219 ἐπὶ
795 2164 938 2219 τέλει
975 2161 1071 2218 τὸν
1114 2164 1172 2218 ἐκ
1211 2164 1306 2234 τῆς
1337 2163 1594 2235 Βηθλεὲμ
1635 2185 1854 2237 προφη-

244 2245 542 2319 τευόμενον
562 2248 866 2319 γεγονέναι,
892 2244 1026 2318 μετὰ
1046 2243 1174 2312 τούς
1197 2245 1331 2302 ἑπτὰ
1354 2245 1568 2318 δηλαδὴ
1587 2248 1850 2319 ποιμένας
1868 2268 1914 2300 25

246 2333 336 2386 καὶ
377 2330 438 2387 τὰ
481 2327 622 2387 ὀκτώ
674 2329 925 2403 δήγματα
969 2344 1082 2395 τοῖς
1104 2327 1416 2402 Ἀσσυρίοις
1457 2328 1748 2402 συμβάντα
1791 2333 1852 2387 ἐν

246 2410 493 2489 ὑστέροις
522 2413 739 2489 χρόνοις
768 2418 862 2487 τῆς
895 2420 973 2481 εἰς
996 2413 1097 2486 τὴν
1120 2412 1397 2471 Ἰουδαίαν
1414 2412 1599 2471 αὐτῶν
1624 2412 1847 2486 ἐφόδου.

245 2502 416 2554 ταῦτα
458 2500 518 2556 δὲ
568 2506 828 2571 πλείστης
872 2497 1100 2571 ἐρεύνης
1143 2496 1376 2571 δεόμενα
1416 2495 1482 2555 ού
1527 2503 1636 2555 νῦν
1676 2505 1851 2555 πολυ-

246 2597 588 2656 πραγμονεῖν
618 2581 821 2657 καιρός.
