1992 3186
545 127 850 168 DEMONST.
881 127 1102 169 EVANG.
1123 128 1250 172 V111.
1276 129 1314 167 1.
1632 126 1734 178 507

129 249 208 310 εἰς
251 241 347 300 τὸν
385 247 562 300 αι’ῶνα
593 240 820 314 φυλάξω
852 238 1000 319 αὐτῷ
1030 239 1090 299 τὸ
1122 240 1271 307 ἔλεός
1300 237 1461 314 μου.”
1525 245 1608 298 56.
1642 245 1735 298 καὶ

127 325 294 384 πάλιν
316 322 413 383 “vd
454 327 669 399 σπέρμα
710 325 880 383 αὐτοῦ
913 332 990 393 εἰς
1019 324 1116 383 τὸν
1155 327 1332 382 αἰῶνα
1362 339 1546 399 μενεῖ,
1578 327 1670 382 καὶ
1701 324 1729 383 ὁ
1758 349 1872 391 [234]-

126 409 330 482 θρόνος
362 408 532 467 αὐτοῦ
565 409 636 475 ὥς
667 408 694 466 ὁ
727 409 877 483 ἥλιος
907 414 1161 467 ἐναντίον
1165 433 1334 512 ”μου,
1359 412 1451 467 καὶ
1482 406 1553 476 ῶς
1582 408 1616 482 ἡ
1650 429 1738 467 σε-

128 493 266 567 λήνη
299 497 699 568 κατηρτισμένη
733 499 808 561 εἰς
838 492 934 551 τὸν
964 490 1193 551 αἰῶνα.”
1267 491 1441 560 οὕτως
1471 517 1575 550 ουν
1603 518 1739 566 μετα

77 585 344 652 -5μυρίων
383 575 570 635 ἄλλων
621 584 718 635 τοῦ
759 583 1000 651 Χριστοῦ
1048 581 1467 651 προσηγοριῶν,
1524 574 1604 634 δι’
1659 579 1739 635 ῶν

127 660 296 720 αὐτὸν
326 668 383 720 οὗ
407 673 558 720 θεῖοι
596 661 748 735 λόγοι
779 668 1137 735 σημαίνουσι,
1181 663 1271 717 καὶ
1294 659 1506 728 Ἰούδας
1535 660 1736 734 ὁμοίως

129 745 220 803 διὰ
249 750 361 804 τῶν
392 749 771 821 προκειμένων
799 745 1131 819 ἀνειρῆσθαι
1156 743 1416 818 δύναται,
1448 743 1530 802 ὅτι
1554 747 1646 802 καὶ
1679 748 1738 802 ἐκ

125 834 219 903 τῆς
243 829 423 888 Ἰούδα
452 833 647 903 γέγονε
677 831 872 903 φυλῆς.
927 834 1009 886 57.
1043 827 1323 903 πρόδηλον
1353 853 1456 902 γαρ
1481 853 1617 886 κατα
1642 828 1738 887 τὸν

126 911 434 972 ἀπόστολον
464 911 547 971 ὅτι
578 917 637 970 ἐκ
667 919 848 986 φυλῆς
870 910 1055 971 Ἰούδα
1097 909 1465 970 ἀνατέταλκεν
1494 912 1522 970 ὁ
1553 913 1736 986 σωτὴρ

57 1017 103 1048 10
127 1001 219 1055 καὶ
257 997 446 1071 κύριος
484 999 656 1104 ἡμῶν.
712 995 902 1082 τούτῳ
948 995 1015 1069 δὴ
1053 989 1155 1054 οὖν
1195 997 1331 1053 κατὰ
1374 997 1627 1055 διάνοιαν
1657 1001 1735 1054 τῶ
1758 1020 1780 1053 d

0 1073 1 1082 ἵ
117 1081 303 1139 Ἰούδα
333 1079 671 1154 ἀποκείμενα
701 1073 772 1152 ἦν
795 1105 860 1137 τα
883 1079 1358 1155 προφητευόμενα.
1401 1085 1484 1138 58.
1518 1086 1644 1138 τίνα
1676 1056 1736 1138 δε

125 1160 194 1238 ἦν
223 1169 424 1236 ταῦτα;
457 1168 676 1239 πρῶτον
705 1189 807 1237 μεν
829 1164 889 1221 τὸ
914 1168 1279 1237 ἐπαινεθῆναι
1295 1163 1405 1221 ὑπὸ
1428 1169 1540 1222 τῶν
1570 1164 1737 1221 ἀδελ-

124 1253 251 1321 φῶν
281 1248 477 1308 αὐτοῦ
516 1249 779 1322 δεύτερον
801 1273 939 1306 κατα
970 1248 1151 1306 νώτου
1174 1254 1286 1306 τῶν
1311 1251 1530 1322 ἐχθρῶν
1561 1247 1735 1306 αὐτοῦ

124 1332 218 1400 τοὶς
269 1348 453 1407 χεῖρας
496 1336 806 1405 ἐπιβαλεῖν·
872 1339 1059 1406 τρίτον
1110 1337 1575 1406 προσκυνηθῆναι
1624 1331 1734 1390 ὑπὸ

58 1435 101 1466 15
123 1421 235 1475 τῶν
265 1421 407 1475 υἱῶν
435 1423 535 1474 τοῦ
565 1415 768 1491 πατρὸς
800 1415 998 1474 αὐτοῦ·
1045 1414 1079 1473 ἃ
1103 1420 1197 1473 καὶ
1218 1420 1408 1482 τέλους
1435 1416 1737 1490 ἐτύγχανεν

122 1501 362 1574 ὁπηνίκα
401 1504 535 1567 τέως
574 1502 677 1574 μὲν
714 1501 811 1567 τὰς
852 1499 1196 1574 παραδόξους
1238 1499 1505 1572 δυνάμεις
1549 1504 1642 1557 καὶ
1670 1501 1736 1557 τὰ

123 1584 381 1658 τεράστια
410 1583 672 1658 θαύματα
705 1588 969 1642 ἐπιτελῶν
995 1582 1330 1657 ἐθαυμάζετο
1354 1586 1442 1640 καὶ
1479 1587 1735 1658 ἐπῃνεῖτο

123 1672 216 1726 καὶ
254 1683 649 1742 προσεκυνεῖτο
690 1669 828 1743 πρὸς
869 1671 982 1725 τῶν
1027 1670 1229 1725 ἑαυτοῦ
1258 1670 1526 1740 μαθητῶν
1554 1691 1613 1724 τε
1642 1670 1736 1724 καὶ

124 1752 474 1826 ἀποστόλων,
506 1777 602 1819 ους
634 1755 728 1810 καὶ
758 1751 1038 1825 ἀδελφοὺς
1078 1750 1385 1808 ἀποκαλεῖν
1415 1750 1518 1809 οὐκ
1549 1749 1732 1822 ῶκνει,

53 1853 100 1885 20
127 1836 218 1894 διὰ
247 1861 351 1910 μεν
379 1840 479 1894 τοῦ
516 1839 752 1910 Ψαλμοῦ
780 1839 959 1909 λέγων
982 1832 1313 1908 “άπαγγελῶ
1338 1833 1395 1892 τὸ
1428 1833 1600 1909 ὄνομά
1631 1854 1734 1893 σου

123 1935 236 1986 τοῖς
265 1917 528 1994 ἀδελφοῖς
559 1945 693 1994 μου,
738 1924 797 1979 ἐν
836 1923 985 1997 μέσῳ
1019 1923 1307 1991 ἐκκλησίας
1346 1918 1577 1992 ὑμνήσω
1610 1916 1728 1992 σε,”

123 2019 241 2070 ταῖς
274 2005 335 2061 δὲ
365 2003 508 2078 ἀμφὶ
536 2005 640 2077 τὴν
651 2010 882 2079 Μαρίαν
905 2002 1260 2079 προστάττων
1283 2001 1734 2076 εὐαγγελίζεσθαι

124 2085 311 2155 αὐτοῖς
357 2085 432 2155 ῶς
475 2086 740 2162 ἀδελφοῖς
773 2085 1177 2161 “οἰπαγγείλατε
1224 2085 1357 2162 γὰρ,
1405 2089 1571 2160 φησὶ,
1620 2102 1733 2155 τοῖς
1755 2107 1846 2148 (37ῖ)

125 2170 387 2244 ἀδελφοῖς
427 2196 535 2246 μου
574 2172 658 2230 ὅτι
696 2172 994 2247 ἀνέρχομαι
1045 2170 1182 2246 πρὸς
1221 2171 1319 2229 τὸν
1368 2173 1577 2244 πατέρα
1626 2196 1734 2244 μου

55 2271 102 2304 25
126 2258 215 2313 καὶ
267 2259 476 2331 πατέρα
516 2255 676 2330 ὑμῶν
727 2259 820 2314 καὶ
859 2255 998 2314 θεόν
1036 2280 1144 2329 μου
1195 2258 1286 2312 καὶ
1337 2253 1476 2314 θεὸν
1513 2251 1730 2328 ὑμῶν.”

125 2345 208 2397 59.
244 2337 386 2397 οὕτω
431 2345 568 2413 δῆτα
608 2338 781 2399 αὐτὸν
818 2346 876 2398 οἱ
911 2339 1146 2413 ἀδελφοὶ
1184 2337 1250 2396 τὰ
1280 2339 1383 2412 μὲν
1425 2345 1613 2411 πρῶτα
1645 2340 1734 2395 ἐπὶ

124 2435 238 2488 τοῖς
269 2424 598 2495 παραδόξοις
629 2421 701 2491 ῶς
730 2423 1050 2498 θαυμάσιον
1071 2420 1250 2495 ἄνδρα
1271 2420 1443 2495 μόνον
1469 2420 1734 2495 ἐπῄνουν,

128 2508 225 2562 ἕνα
254 2506 408 2578 τινὰ,
450 2506 522 2573 ῶς
553 2508 725 2581 εἰκὸς,
765 2512 879 2565 τῶν
918 2509 1219 2579 προφητῶν
1252 2505 1395 2563 εἶναι
1424 2502 1734 2577 ὑπειληφό-

127 2605 238 2655 τες·
289 2591 406 2646 ἐπεὶ
439 2591 499 2647 δε
524 2595 584 2647 ἐν
606 2595 682 2647 τῶ
705 2589 906 2664 μεταξυ
929 2589 1024 2656 τὰς
1046 2595 1397 2662 θαυμασίους
1428 2591 1731 2662 παραδοξο-

58 2682 105 2715 30
130 2678 312 2740 ποιίας
340 2670 512 2730 αὐτοῦ
534 2672 792 2748 ὁρῶντες,
824 2677 916 2731 καὶ
941 2672 1012 2740 ὡς
1036 2681 1299 2730 καθεῖλεν
1325 2672 1529 2746 ἐχθρόν
1558 2695 1615 2729 τε
1639 2675 1733 2729 καὶ

241 2869 294 2906 20
324 2866 399 2910 Ps.
423 2867 490 2917 21,
514 2867 583 2906 22.
756 2868 810 2906 23
842 2866 1006 2908 Matth.
1030 2867 1098 2916 28,
1124 2866 1192 2908 10.
