1992 3186
125 990 217 1032 (340)

129 1074 216 1115 [2111

205 2678 224 2700 c

238 79 342 150 458
917 96 1166 139 EUSEBII

240 211 480 289 ἀληθείᾳ
519 230 648 281 σου,
659 209 686 230 ”
723 210 758 267 ἃ
804 210 872 284 δὴ
912 213 1228 284 σαφέστατα
1267 214 1359 268 καὶ
1402 209 1542 270 αὐτοὶ
1573 210 1642 284 δὴ
1673 215 1848 269 ταῦτα

241 296 716 372 πληρωθήσεσθαι
748 298 836 353 ἐπὶ
867 299 934 369 τῇ
963 298 1179 367 γενέσει
1201 299 1299 353 τοῦ
1321 299 1418 369 τῆς
1447 295 1686 370 μεγάλης
1717 302 1847 368 βου·

242 387 337 455 λῆς
367 379 605 453 ἀγγέλου
635 386 901 449 θεσπίζει.
967 375 1080 452 ἐφ’
1116 403 1159 456 ςο
1182 378 1522 452 θελήσουσι”
1558 375 1787 453 φησὶν“
1794 385 1853 437 οί

241 466 722 539 προαποδοθέντες
775 471 825 522 εἰ
876 462 1226 538 ἐγενήθησαν
1267 470 1662 538 πυρίκαυστοι,
1706 462 1847 521 διότι

240 554 464 606 παιδίον
506 548 782 621 ἐγεννήθη
823 547 986 621 ἡμῖν,
1028 550 1120 605 καὶ
1160 547 1279 615 υίὸς
1326 546 1499 620 ἐδόθη
1529 544 1663 621 ἡμῖν
1692 547 1721 604 5
1751 551 1847 620 τῆς
1870 576 1890 608 5

239 631 478 705 μεγάλης
523 638 730 706 βουλῆς
760 628 1046 705 ἅγγελος.”
1121 636 1238 689 152.
1271 638 1384 689 τίσι
1416 633 1478 689 δὲ
1507 627 1641 705 ἡμῖν
1669 628 1703 704 ἢ
1735 647 1850 700 τοῖς

243 723 319 782 εἰς
343 713 514 774 αὐτὸν
533 715 926 774 πεπιστευκόσι
938 729 1052 782 τοῖς
1066 719 1127 774 ἐν
1147 719 1215 790 τῇ
1225 722 1495 791 Γαλιλαίᾳ
1507 722 1618 774 τῶν
1642 719 1848 788 ἐθνῶν,

240 798 321 868 οἷς
362 809 533 867 αι”τιος
572 805 859 874 γεγένηται
889 799 1070 872 φωτὸς
1101 802 1192 857 καὶ
1234 797 1613 874 εὐφροσύνης,
1655 804 1851 857 καινοῦ

239 908 298 941 τε
335 887 428 942 καὶ
469 888 600 943 νέου
642 889 818 962 ποτοῦ
843 887 938 958 τῆς
970 888 1163 957 καινῆς
1204 883 1474 988 διαθηκης
1512 890 1850 958 μυστηρίου;

243 993 380 1026 κατα
418 967 520 1041 τὴν
557 968 819 1042 φήσασαν
857 976 1199 1043 προφητείαν
1249 966 1430 1026 ‘wizo
1473 971 1695 1043 πρῶτον
1735 975 1848 1042 πίε,
1874 997 1914 1028 10

241 1052 380 1128 ταχύ
411 1060 571 1111 ποίει.
635 1053 787 1128 χώρα
817 1052 1124 1126 Ζαβουλῶν
1153 1055 1242 1110 καὶ
1274 1057 1343 1125 γῆ
1366 1055 1724 1126 Νεφθαλεὶμ,
1757 1054 1850 1109 καὶ

241 1143 298 1195 οἱ
323 1139 504 1194 λοιποὶ
534 1142 591 1194 οἱ
617 1137 719 1209 τὴν
750 1144 1029 1209 παραλίαν
1051 1140 1355 1209 οἰκονντες,
1393 1140 1571 1210 πέραν
1600 1140 1698 1194 τοῦ
1725 1133 1850 1242 Ἰορ-

243 1220 446 1294 δάνον,
478 1228 749 1280 Γαλιλαία
779 1226 892 1280 τῶν
925 1225 1134 1279 ἐθνῶν·
1180 1220 1209 1278 5
1241 1219 1370 1288 λαός
1399 1219 1428 1278 ὁ
1451 1219 1765 1293 καθήμενος
1791 1223 1851 1277 ἐν

242 1304 423 1363 σκότει
452 1309 571 1378 φῶς
604 1311 750 1364 ἴδετε
777 1309 934 1379 μέγα,
967 1308 1059 1362 καὶ
1089 1319 1201 1372 τοῖς
1222 1307 1559 1379 καθημένοις
1586 1308 1646 1362 ἐν
1668 1303 1852 1362 σκότει

242 1393 333 1447 καὶ
373 1393 501 1465 σκιᾷ
539 1389 820 1462 θανάτου,
860 1396 979 1463 φῶς
1022 1386 1302 1450 ἀνέτειλεν
1344 1385 1585 1456 αὐτοῖς.”
1649 1388 1763 1446 εἷεν
1795 1390 1846 1445 δ’
1875 1414 1916 1448 15

241 1469 311 1531 ἂν
343 1477 403 1531 ἐν
433 1473 644 1540 τούτοις
676 1473 1006 1547 δηλούμενοι
1037 1479 1095 1532 οἵ
1119 1497 1178 1531 τε
1210 1477 1263 1542 ἐξ
1287 1477 1472 1532 ἐθνῶν
1495 1479 1572 1540 εἰς
1593 1470 1691 1530 τὸν
1722 1482 1851 1546 Χρι-

242 1557 372 1615 στὸν
402 1564 499 1614 τοῦ
529 1563 669 1616 θεοῦ
689 1557 1113 1624 πεπιστευκότες
1135 1561 1227 1615 καὶ
1249 1564 1306 1615 οἱ
1323 1564 1421 1615 τοῦ
1438 1563 1683 1632 σωτῆρος
1695 1553 1852 1630 ἡμῶν

241 1645 486 1714 μαθηταὶ
529 1645 622 1699 καὶ
651 1640 975 1715 ἀπόστολοι,
1021 1638 1118 1709 οὓς
1159 1641 1267 1700 ἀπὸ
1296 1646 1395 1715 γῆς
1425 1638 1731 1714 Ζαβουλῶν
1761 1643 1854 1698 καὶ

205 1758 216 1778 J
245 1729 579 1800 Νεφθαλεὶμ
618 1724 1100 1800 ἀνακαλεσάμενος
1143 1729 1416 1795 ἐξελέξατο
1467 1725 1710 1799 κήρυκας
1751 1729 1851 1781 τοῦ

245 1807 586 1882 εὐαγγελίου.
635 1816 749 1869 153.
783 1811 995 1878 τούτοις
1025 1812 1127 1883 μὲν
1155 1802 1259 1867 οὖν
1289 1809 1318 1867 ὁ
1340 1816 1435 1882 τῆς
1452 1808 1691 1882 μεγάλης
1712 1815 1850 1881 βον-
1875 1837 1916 1869 20

244 1897 339 1964 λῆς
369 1893 598 1966 ἅγγελος
628 1894 749 1962 υίὸς
792 1894 962 1967 ἐδόθη
993 1901 1262 1966 σωτηρίας
1293 1903 1494 1965 αἴτιος,
1535 1906 1648 1959 τοῖς
1682 1893 1744 1949 δὲ
1774 1898 1852 1958 εἰς

244 1975 413 2034 αὐτὸν
442 1976 795 2050 ἡπιστηκόσι,
829 1978 1002 2050 πυρὸς
1035 1976 1250 2050 δηλαδὴ
1281 1980 1373 2034 καὶ
1404 1976 1665 2043 καύσεως.
1722 1973 1851 2049 ὅλης

247 2061 308 2117 δὲ
347 2059 547 2133 ταύτης
584 2066 679 2134 τῆς
720 2067 1035 2134 οἰκονομίας
1074 2057 1351 2119 ὑπόθεσιν
1395 2064 1683 2134 γεγονέναι
1714 2063 1854 2134 φησὶ

243 2141 339 2201 τὸν
380 2148 541 2216 ζῆλον
581 2151 779 2217 κυρίου
824 2147 1001 2216 λέγων
1034 2141 1102 2202 “5
1145 2149 1299 2217 ζῆλος
1347 2152 1546 2218 κυρίου
1597 2144 1853 2217 Σαβαῶθ

244 2227 463 2300 ποιήσει
493 2226 719 2286 ταῦτα.”
781 2244 936 2295 ποῖος
967 2229 1029 2286 δὲ
1060 2231 1242 2302 ζῆλος;
1275 2222 1399 2301 ἢοῦ
1416 2231 1684 2302 μέμνηται
1715 2237 1851 2286 Μω-
1874 2254 1915 2287 25

245 2316 344 2384 σῆς
366 2315 544 2385 λέγων
558 2312 588 2333 “
598 2312 754 2371 αὐτοὶ
774 2311 1166 2384 παρεζήλωσάν
1186 2337 1254 2386 με
1277 2311 1361 2370 ἐπ’
1383 2311 1450 2371 οὐ
1471 2318 1609 2389 θεῷ,
1631 2311 1850 2387 παρώρ-

244 2395 410 2467 γισάν
440 2419 507 2469 με
539 2400 600 2455 ἐν
620 2411 733 2465 τοῖς
765 2396 1013 2463 εἰδώλοις
1044 2395 1245 2454 αὑτῶν.
1294 2394 1444 2470 κάγώ
1475 2395 1850 2469 παραζηλώσω

246 2478 449 2547 αὐτοὺς
481 2480 567 2538 ἐπ’
603 2479 707 2539 οὐκ
737 2489 919 2540 ἔθνει·
978 2478 1067 2539 ἐπ’
1103 2487 1258 2538 ἔθνει
1287 2478 1537 2558 ἀσυνέτῳ
1568 2483 1851 2555 παροργιῶ

246 2562 502 2631 αὐτούς.”

376 2652 488 2703 154.
519 2646 660 2707 Ἀλλ’
699 2651 816 2708 ἐπεὶ
848 2649 956 2707 σὺν
984 2652 1105 2725 θεῷ
1133 2647 1198 2706 τά
1235 2651 1358 2721 περὶ
1391 2653 1486 2721 τῆς
1506 2653 1604 2707 τοῦ
1633 2671 1848 2722 προφη-
1873 2674 1916 2706 30

359 2839 412 2878 26
444 2840 582 2880 Dent.
604 2843 671 2892 32,
695 2844 765 2881 ⁶21.
