1946 3158
86 1022 154 1063 (53)

88 1303 154 1347 [35]

187 150 254 202 86
857 149 1103 191 EUSEBH

178 266 314 325 οὐδὲ
344 266 515 342 ἥλιος,
548 266 668 324 ἀλλ’
697 263 726 325 ὁ
760 270 931 324 ἐλεῶν
971 268 1370 342 παρακαλέσει,
1415 271 1507 326 καὶ
1553 267 1645 325 διὰ
1687 290 1788 340 πη-

178 355 295 426 γῶν
323 351 549 410 ὑδάτων
579 350 695 420 ἄξει
738 349 966 423 αὐτοὺς,
1021 354 1114 408 καὶ
1146 350 1308 424 θήσω
1368 356 1482 410 πᾶν
1539 350 1667 426 ὅρος
1709 359 1788 418 εἰς

178 434 314 494 ὁδὸν
345 439 437 494 καὶ
481 441 665 494 πᾶσαν
696 443 889 508 τρίβον
919 441 996 503 εἰς
1018 434 1272 510 βόσκημα
1303 433 1507 505 αὐτοῖς.
1546 443 1625 495 18.
1663 436 1788 495 ἰδού

178 514 331 579 οὗτοι
361 519 659 595 πόρρωθεν
690 519 951 594 ἥξουσιν,
989 513 1143 578 οὗτοι
1175 518 1282 578 ἀπὸ
1313 525 1489 595 βορρᾶ
1540 525 1631 580 καὶ
1675 533 1780 579 θα-

179 605 414 679 λάσσης,
461 604 616 663 ἄλλοι
649 607 710 663 δὲ
743 610 803 664 ἐκ
833 610 932 680 γῆς
963 609 1217 679 Περσῶν.
1286 604 1645 681 εὐφράνθητε
1696 605 1788 664 οὐ·
1812 627 1830 658 5

179 693 337 765 ρανοὶ
363 692 455 747 καὶ
485 687 844 763 ἆγαλλιοὲσθω
877 689 909 764 ἡ
941 694 1023 765 γῆ.
1090 690 1412 765 ῥηξάτωσαν
1451 692 1517 749 τὰ
1561 691 1663 765 ὄρη
1697 689 1787 749 εὖ·

178 774 503 848 φροσύνην,
535 771 618 833 ὅτι
649 775 885 849 ἠλέησεν
917 775 1105 847 κύριος
1137 775 1235 834 τὸν
1278 776 1412 834 λαὸν
1453 775 1656 848 αὐτοῦ,
1698 778 1789 834 καὶ

176 859 306 926 τοὺς
336 859 629 928 ταπεινοὺς
659 865 758 919 τοῦ
789 865 929 918 λαοῦ
958 858 1131 918 αὐτοῦ
1164 859 1587 933 παρεκάλεσεν.”

746 1001 843 1075 κγ’.
913 1006 1024 1061 Τοῦ
1055 1000 1242 1059 αὐτοῦ.

511 1106 727 1166 Δήλωσις
750 1111 956 1166 Χριστοῦ
978 1109 1060 1153 καὶ
1082 1111 1248 1165 κλῆσις
1272 1105 1447 1164 ἐθνῶν,
1815 1122 1855 1152 10

311 1204 389 1257 19.
409 1196 439 1219 “
457 1203 767 1275 Προσέχετε
796 1214 909 1266 τοῖς
942 1197 1081 1257 ὦσὶν
1103 1195 1260 1273 ὑμῶν
1291 1202 1383 1256 καὶ
1413 1198 1767 1271 ἐπακολουθή

183 1301 311 1342 σατε
351 1298 470 1352 ταῖς
500 1284 651 1353 ὁδοῖς
680 1310 808 1358 μου,
843 1283 1188 1343 ἐπακούσατέ
1211 1309 1338 1358 μου,
1370 1287 1461 1342 καὶ
1495 1283 1708 1357 ζήσεται
1734 1287 1796 1342 ἐν

179 1369 416 1440 ἀγαθοῖς
439 1366 637 1444 ἡψυχὴ
668 1368 847 1443 ὑμῶν,
863 1372 955 1427 καὶ
981 1368 1319 1443 δια-θήσομαι
1352 1365 1488 1443 ὑμῖν
1515 1367 1794 1441 διαθήκην

181 1452 429 1527 αἰώνιον,
461 1454 526 1511 τὰ
550 1453 675 1511 ὅσια
698 1458 888 1527 Λαβὶδ
927 1453 993 1511 τὰ
1045 1453 1225 1512 πιστά.
1314 1452 1439 1512 ἰδού
1490 1452 1795 1528 μαρτύριον

181 1545 375 1596 ἔθνεσι
417 1540 634 1596 δέδωκα
675 1536 875 1612 αὐτὸν,
929 1537 1166 1612 ἄρχοντα
1225 1541 1317 1596 καὶ
1373 1537 1790 1613 προστάσσοντα
1816 1555 1855 1588 15

184 1630 429 1681 ἔθνεσιν.
505 1632 646 1698 ἔθνη
678 1622 712 1681 ἃ
742 1621 846 1682 οὐκ
876 1630 1098 1682 οῖ’δασίν
1140 1643 1204 1681 σε
1248 1627 1672 1682 ἐπικαλέσονταί
1709 1640 1792 1695 σε,

183 1710 276 1765 καὶ
315 1712 437 1766 λαοὶ
468 1716 523 1766 οἳ
550 1709 654 1766 οὐκ
687 1713 1009 1768 ἐπίστανταί
1036 1727 1098 1765 σε
1133 1711 1221 1765 ἐπὶ
1251 1710 1312 1766 σὲ
1336 1706 1791 1782 καταφεύξονται,

184 1795 345 1850 ἕνεκα
375 1800 574 1867 κυρίου
605 1800 703 1851 τοῦ
743 1799 883 1852 θεοῦ
926 1813 1028 1851 σου
1069 1795 1168 1850 τοῦ
1208 1791 1372 1866 ἁγίου
1413 1795 1515 1851 σοῦ
1554 1789 1792 1865 Ἰσραὴλ,

183 1875 266 1934 ὅτι
298 1877 558 1946 ἐδόξασέν
588 1876 699 1936 σε.”

316 1967 400 2019 20.
434 1965 546 2021 Καὶ
579 1963 670 2019 διὰ
699 1961 911 2020 τούτων
942 1954 1043 2020 οὖν
1082 1959 1465 2036 μεμαθηκότες
1507 1957 1579 2028 ὥς
1620 1957 1654 2034 ἡ
1693 1966 1792 2018 τοῦ
1815 1975 1885 2010 20‘

190 2049 435 2118 Χριστοῦ
463 2054 741 2120 παρουσία
762 2044 829 2104 οὐ
849 2045 1037 2120 μόνοις
1059 2044 1363 2120 Ἰουδαίοις,
1386 2044 1526 2103 ἀλλὰ
1548 2048 1638 2104 καὶ
1660 2048 1794 2103 πᾶσι

185 2143 300 2196 τοῖς
333 2137 524 2189 ἔθνεσι
555 2130 822 2205 σωτήριος
854 2137 1082 2189 ἔσεσθαι
1126 2137 1614 2205 προηυτρεπίζετο,
1657 2132 1793 2203 φέρε

186 2217 278 2272 καὶ
308 2215 368 2272 τὸ
398 2222 584 2289 τρίτον
614 2213 1023 2289 ἀποδείξωμεν,
1055 2215 1202 2284 ὅπως
1234 2216 1370 2273 κατὰ
1399 2214 1527 2282 τούς
1546 2220 1641 2288 τῆς
1675 2217 1795 2272 ἐπι-

187 2306 421 2373 φανείας
452 2299 628 2358 αὐτοῦ
657 2299 888 2375 χρόνους
920 2297 987 2358 οὗ
1018 2299 1191 2375 μόνον
1222 2299 1286 2357 τὰ
1315 2298 1651 2375 χρηστότερα
1680 2311 1792 2365 τοῖς

189 2390 380 2443 ἔθνεσι
410 2385 836 2460 προεφητεύετο,
869 2383 1007 2442 ἄλλα
1039 2387 1131 2443 καὶ
1161 2400 1275 2452 τοῖς
1309 2388 1370 2442 ἐκ
1401 2390 1696 2458 περιτομῆς
1726 2382 1791 2439 τὰ
1816 2409 1856 2440 25

185 2473 423 2528 ἐναντία.
476 2475 559 2528 21.
590 2469 902 2545 διαρρήδην
917 2465 1794 2543 γοῦνᾶπόπτωσινκαὶᾶποβολὴν

183 2557 285 2611 τοῦ
307 2553 595 2613 Ἰουδαίων
627 2563 830 2622 ἔθνους
864 2553 953 2613 διὰ
982 2553 1086 2627 τὴν
1129 2560 1206 2620 εἰς
1247 2551 1487 2627 Χριστὸν
1532 2550 1794 2610 ἀπιστίαν

184 2637 373 2697 αὐτῶν
415 2645 643 2698 ἔσεσθαι
684 2640 751 2698 τὰ
790 2637 923 2715 παρ’
968 2636 1155 2706 αὐτοῖς
1210 2636 1366 2711 λόγια
1407 2635 1791 2711 προαγορεύει,

187 2721 262 2790 ὡς
301 2725 493 2797 μηκέτι
535 2734 690 2792 ἴσους
729 2721 870 2798 ἡμᾶς
912 2721 1118 2797 αὐτοῖς,
1179 2719 1319 2780 ἄλλα
1360 2725 1452 2780 καὶ
1513 2728 1795 2796 κρείττους

304 2920 353 2957 11
385 2918 461 2960 Es.
496 2920 563 2969 55,
596 2922 635 2960 3.
