<?xml version="1.0" encoding="UTF-8"?>
<!DOCTYPE html PUBLIC "-//W3C//DTD XHTML 1.0 Transitional//EN"
    "http://www.w3.org/TR/xhtml1/DTD/xhtml1-transitional.dtd">
<html xmlns="http://www.w3.org/1999/xhtml" xml:lang="en" lang="en">
 <head>
  <title>
</title>
<meta http-equiv="Content-Type" content="text/html;charset=utf-8" />
  <meta name='ocr-system' content='tesseract 3.04.00' />
  <meta name='ocr-capabilities' content='ocr_page ocr_carea ocr_par ocr_line ocrx_word'/>
</head>
<body>
  <div class='ocr_page' id='page_1' title='image "./operaeusebius03euseuoft_0265.png"; bbox 0 0 1992 3186; ppageno 0'>
   <div class='ocr_carea' id='block_1_1' title="bbox 579 121 1745 173">
    <p class='ocr_par' dir='ltr' id='par_1_1' title="bbox 579 121 1745 173">
     <span class='ocr_line' id='line_1_1' title="bbox 579 121 1745 173; baseline 0.007 -8"><span class='ocrx_word' id='word_1_1' title='bbox 579 123 886 165; x_wconf 81' lang='lat' dir='ltr'>DEMONST.</span> <span class='ocrx_word' id='word_1_2' title='bbox 918 123 1136 165; x_wconf 83' lang='lat' dir='ltr'><strong>EVANG.</strong></span> <span class='ocrx_word' id='word_1_3' title='bbox 1167 124 1244 164; x_wconf 85' lang='lat' dir='ltr'><strong><em>IV.</em></strong></span> <span class='ocrx_word' id='word_1_4' title='bbox 1271 125 1335 167; x_wconf 86' lang='lat'><strong><em>13.</em></strong></span> <span class='ocrx_word' id='word_1_5' title='bbox 1644 121 1745 173; x_wconf 77' lang='lat'><strong><em>241</em></strong></span> 
     </span>
    </p>
   </div>
   <div class='ocr_carea' id='block_1_2' title="bbox 74 231 1855 2985">
    <p class='ocr_par' dir='ltr' id='par_1_2' title="bbox 74 231 1855 2985">
     <span class='ocr_line' id='line_1_2' title="bbox 141 231 1788 312; baseline -0.002 -14"><span class='ocrx_word' id='word_1_6' title='bbox 141 243 238 298; x_wconf 86' lang='grc' dir='ltr'><strong><em>τοῦ</em></strong></span> <span class='ocrx_word' id='word_1_7' title='bbox 268 238 436 312; x_wconf 81' lang='grc' dir='ltr'><em>λόγου</em></span> <span class='ocrx_word' id='word_1_8' title='bbox 467 241 855 312; x_wconf 87' lang='grc' dir='ltr'><strong><em>παραπολέσας</em></strong></span> <span class='ocrx_word' id='word_1_9' title='bbox 882 237 1148 312; x_wconf 85' lang='grc' dir='ltr'><strong><em>δύναμιν,</em></strong></span> <span class='ocrx_word' id='word_1_10' title='bbox 1180 235 1309 296; x_wconf 78' lang='grc' dir='ltr'><strong><em>οὐδ’</em></strong></span> <span class='ocrx_word' id='word_1_11' title='bbox 1344 231 1454 295; x_wconf 69' lang='grc' dir='ltr'><strong><em>ὦδε</em></strong></span> <span class='ocrx_word' id='word_1_12' title='bbox 1480 239 1583 310; x_wconf 77' lang='grc' dir='ltr'><strong><em>μὲν</em></strong></span> <span class='ocrx_word' id='word_1_13' title='bbox 1607 244 1748 296; x_wconf 83' lang='grc' dir='ltr'><strong><em>ἔνθα</em></strong></span> <span class='ocrx_word' id='word_1_14' title='bbox 1772 274 1788 294; x_wconf 75' lang='lat'>0</span> 
     </span>
     <span class='ocr_line' id='line_1_3' title="bbox 141 317 1750 399; baseline -0.001 -17"><span class='ocrx_word' id='word_1_15' title='bbox 141 317 212 396; x_wconf 76' lang='grc' dir='ltr'><strong><em>ἦν</em></strong></span> <span class='ocrx_word' id='word_1_16' title='bbox 245 322 397 399; x_wconf 74' lang='grc' dir='ltr'><strong><em>αὐτῷ</em></strong></span> <span class='ocrx_word' id='word_1_17' title='bbox 425 322 485 380; x_wconf 84' lang='grc' dir='ltr'><strong><em>τὸ</em></strong></span> <span class='ocrx_word' id='word_1_18' title='bbox 515 321 871 397; x_wconf 74' lang='grc' dir='ltr'><strong><em>ἀνθρώπειον</em></strong></span> <span class='ocrx_word' id='word_1_19' title='bbox 895 326 1089 389; x_wconf 84' lang='grc' dir='ltr'><strong><em>σκεῦος</em></strong></span> <span class='ocrx_word' id='word_1_20' title='bbox 1112 322 1208 388; x_wconf 79' lang='grc' dir='ltr'><strong><em>τὰς</em></strong></span> <span class='ocrx_word' id='word_1_21' title='bbox 1241 322 1525 397; x_wconf 83' lang='grc' dir='ltr'><strong><em>διατριβὰς</em></strong></span> <span class='ocrx_word' id='word_1_22' title='bbox 1556 323 1750 380; x_wconf 87' lang='grc' dir='ltr'><strong><em>ποιού-</em></strong></span> 
     </span>
     <span class='ocr_line' id='line_1_4' title="bbox 141 405 1747 481; baseline -0.001 -16"><span class='ocrx_word' id='word_1_23' title='bbox 141 431 333 480; x_wconf 84' lang='grc' dir='ltr'><strong><em>μενος,</em></strong></span> <span class='ocrx_word' id='word_1_24' title='bbox 369 411 429 465; x_wconf 83' lang='grc' dir='ltr'><strong><em>ἐν</em></strong></span> <span class='ocrx_word' id='word_1_25' title='bbox 459 409 662 481; x_wconf 82' lang='grc' dir='ltr'><strong><em>ἑτέροις</em></strong></span> <span class='ocrx_word' id='word_1_26' title='bbox 695 407 755 463; x_wconf 77' lang='grc' dir='ltr'><strong><em>δὲ</em></strong></span> <span class='ocrx_word' id='word_1_27' title='bbox 787 408 930 464; x_wconf 81' lang='grc' dir='ltr'><strong><em>εἶναι</em></strong></span> <span class='ocrx_word' id='word_1_28' title='bbox 959 411 1058 464; x_wconf 87' lang='grc' dir='ltr'><strong><em>τοῦ</em></strong></span> <span class='ocrx_word' id='word_1_29' title='bbox 1097 405 1300 473; x_wconf 83' lang='grc' dir='ltr'><strong><em>παντὸς</em></strong></span> <span class='ocrx_word' id='word_1_30' title='bbox 1339 409 1747 479; x_wconf 75' lang='grc' dir='ltr'><em>κεκωλυμένος·</em></span> 
     </span>
     <span class='ocr_line' id='line_1_5' title="bbox 144 488 1748 567; baseline 0.001 -19"><span class='ocrx_word' id='word_1_31' title='bbox 144 491 283 548; x_wconf 78' lang='grc' dir='ltr'><strong><em>ἀλλὰ</em></strong></span> <span class='ocrx_word' id='word_1_32' title='bbox 312 490 416 565; x_wconf 76' lang='grc' dir='ltr'><strong><em>γὰρ</em></strong></span> <span class='ocrx_word' id='word_1_33' title='bbox 449 494 540 548; x_wconf 89' lang='grc' dir='ltr'><strong><em>καὶ</em></strong></span> <span class='ocrx_word' id='word_1_34' title='bbox 573 495 633 548; x_wconf 85' lang='grc' dir='ltr'><strong><em>ἐν</em></strong></span> <span class='ocrx_word' id='word_1_35' title='bbox 662 494 739 567; x_wconf 74' lang='grc' dir='ltr'><strong><em>τῷ</em></strong></span> <span class='ocrx_word' id='word_1_36' title='bbox 767 490 917 563; x_wconf 89' lang='grc' dir='ltr'><strong><em>τότε,</em></strong></span> <span class='ocrx_word' id='word_1_37' title='bbox 951 493 1082 548; x_wconf 87' lang='grc' dir='ltr'><strong><em>καθ’</em></strong></span> <span class='ocrx_word' id='word_1_38' title='bbox 1118 488 1148 547; x_wconf 78' lang='grc' dir='ltr'>ὃ</span> <span class='ocrx_word' id='word_1_39' title='bbox 1180 494 1240 548; x_wconf 87' lang='grc' dir='ltr'><strong><em>έν</em></strong></span> <span class='ocrx_word' id='word_1_40' title='bbox 1273 489 1595 565; x_wconf 79' lang='grc' dir='ltr'><strong><em>ἀνθρώποις</em></strong></span> <span class='ocrx_word' id='word_1_41' title='bbox 1628 494 1748 549; x_wconf 85' lang='grc' dir='ltr'><strong><em>ε’πο-</em></strong></span> 
     </span>
     <span class='ocr_line' id='line_1_6' title="bbox 97 574 1748 652; baseline 0.001 -20"><span class='ocrx_word' id='word_1_42' title='bbox 97 599 118 632; x_wconf 85' lang='grc'>5</span> <span class='ocrx_word' id='word_1_43' title='bbox 144 575 416 649; x_wconf 89' lang='grc' dir='ltr'><strong><em>λιτεύετο,</em></strong></span> <span class='ocrx_word' id='word_1_44' title='bbox 461 575 526 633; x_wconf 81' lang='grc' dir='ltr'><strong><em>τὰ</em></strong></span> <span class='ocrx_word' id='word_1_45' title='bbox 567 574 746 632; x_wconf 77' lang='grc' dir='ltr'><strong><em>πάντα</em></strong></span> <span class='ocrx_word' id='word_1_46' title='bbox 789 574 1057 648; x_wconf 75' lang='grc' dir='ltr'><strong><em>ἐπλήρου,</em></strong></span> <span class='ocrx_word' id='word_1_47' title='bbox 1101 577 1191 631; x_wconf 88' lang='grc' dir='ltr'><strong><em>καὶ</em></strong></span> <span class='ocrx_word' id='word_1_48' title='bbox 1232 579 1307 652; x_wconf 77' lang='grc' dir='ltr'><strong><em>τῷ</em></strong></span> <span class='ocrx_word' id='word_1_49' title='bbox 1352 578 1518 648; x_wconf 85' lang='grc' dir='ltr'><strong><em>πατρὶ</em></strong></span> <span class='ocrx_word' id='word_1_50' title='bbox 1550 580 1748 649; x_wconf 83' lang='grc' dir='ltr'><strong><em>συνῆν,</em></strong></span> 
     </span>
     <span class='ocr_line' id='line_1_7' title="bbox 140 651 1750 761; baseline 0.001 -44"><span class='ocrx_word' id='word_1_51' title='bbox 140 663 232 717; x_wconf 86' lang='grc' dir='ltr'><strong><em>καὶ</em></strong></span> <span class='ocrx_word' id='word_1_52' title='bbox 265 663 324 716; x_wconf 86' lang='grc' dir='ltr'><strong><em>ἐν</em></strong></span> <span class='ocrx_word' id='word_1_53' title='bbox 368 657 518 735; x_wconf 77' lang='grc' dir='ltr'><strong><em>αὐτῷ</em></strong></span> <span class='ocrx_word' id='word_1_54' title='bbox 558 684 621 732; x_wconf 91' lang='grc' dir='ltr'><strong><em>γε</em></strong></span> <span class='ocrx_word' id='word_1_55' title='bbox 651 651 752 761; x_wconf 80' lang='grc' dir='ltr'><strong><em>ἦν,</em></strong></span> <span class='ocrx_word' id='word_1_56' title='bbox 794 662 885 716; x_wconf 87' lang='grc' dir='ltr'><strong><em>καὶ</em></strong></span> <span class='ocrx_word' id='word_1_57' title='bbox 914 684 1026 716; x_wconf 92' lang='grc' dir='ltr'><strong><em>των</em></strong></span> <span class='ocrx_word' id='word_1_58' title='bbox 1055 657 1282 716; x_wconf 74' lang='grc' dir='ltr'><strong><em>πάντων</em></strong></span> <span class='ocrx_word' id='word_1_59' title='bbox 1313 656 1534 733; x_wconf 74' lang='grc' dir='ltr'><strong><em>ἀθρόως</em></strong></span> <span class='ocrx_word' id='word_1_60' title='bbox 1565 662 1656 717; x_wconf 90' lang='grc' dir='ltr'><strong><em>καὶ</em></strong></span> <span class='ocrx_word' id='word_1_61' title='bbox 1690 663 1750 718; x_wconf 85' lang='grc' dir='ltr'><strong><em>ἐν</em></strong></span> 
     </span>
     <span class='ocr_line' id='line_1_8' title="bbox 138 741 1749 821; baseline 0.001 -20"><span class='ocrx_word' id='word_1_62' title='bbox 138 748 214 821; x_wconf 75' lang='grc' dir='ltr'><strong><em>τῷ</em></strong></span> <span class='ocrx_word' id='word_1_63' title='bbox 244 743 366 801; x_wconf 90' lang='grc' dir='ltr'><strong><em>τότε</em></strong></span> <span class='ocrx_word' id='word_1_64' title='bbox 396 748 507 800; x_wconf 80' lang='grc' dir='ltr'><strong><em>τῶν</em></strong></span> <span class='ocrx_word' id='word_1_65' title='bbox 536 767 595 801; x_wconf 91' lang='grc' dir='ltr'><strong><em>τε</em></strong></span> <span class='ocrx_word' id='word_1_66' title='bbox 626 741 746 800; x_wconf 86' lang='grc' dir='ltr'><strong><em>κατ’</em></strong></span> <span class='ocrx_word' id='word_1_67' title='bbox 790 741 1032 816; x_wconf 77' lang='grc' dir='ltr'><strong><em>οὐρανὸν</em></strong></span> <span class='ocrx_word' id='word_1_68' title='bbox 1061 745 1153 799; x_wconf 86' lang='grc' dir='ltr'><strong><em>καὶ</em></strong></span> <span class='ocrx_word' id='word_1_69' title='bbox 1186 746 1273 799; x_wconf 82' lang='grc' dir='ltr'><strong><em>ἐπὶ</em></strong></span> <span class='ocrx_word' id='word_1_70' title='bbox 1310 748 1409 815; x_wconf 86' lang='grc' dir='ltr'><strong><em>γῆς</em></strong></span> <span class='ocrx_word' id='word_1_71' title='bbox 1441 746 1749 818; x_wconf 76' lang='grc' dir='ltr'><strong><em>ἐπεμέλετο,</em></strong></span> 
     </span>
     <span class='ocr_line' id='line_1_9' title="bbox 140 807 1748 901; baseline 0.001 -17"><span class='ocrx_word' id='word_1_72' title='bbox 140 807 398 900; x_wconf 79' lang='grc' dir='ltr'><em>οὐδαμῶς</em></span> <span class='ocrx_word' id='word_1_73' title='bbox 427 832 524 899; x_wconf 80' lang='grc' dir='ltr'><strong><em>τῆς</em></strong></span> <span class='ocrx_word' id='word_1_74' title='bbox 554 826 865 900; x_wconf 83' lang='grc' dir='ltr'><strong><em>πανταχόσε</em></strong></span> <span class='ocrx_word' id='word_1_75' title='bbox 890 833 1196 901; x_wconf 80' lang='grc' dir='ltr'><em>παρουσίας</em></span> <span class='ocrx_word' id='word_1_76' title='bbox 1226 826 1427 899; x_wconf 88' lang='grc' dir='ltr'><strong><em>ὁμοίως</em></strong></span> <span class='ocrx_word' id='word_1_77' title='bbox 1450 824 1585 900; x_wconf 79' lang='grc' dir='ltr'><strong><em>ἡμῖν</em></strong></span> <span class='ocrx_word' id='word_1_78' title='bbox 1616 827 1748 885; x_wconf 80' lang='grc' dir='ltr'><strong><em>ἀπο-</em></strong></span> 
     </span>
     <span class='ocr_line' id='line_1_10' title="bbox 90 909 1747 985; baseline 0.001 -17"><span class='ocrx_word' id='word_1_79' title='bbox 90 915 101 920; x_wconf 81' lang='grc'><strong>’</strong></span> <span class='ocrx_word' id='word_1_80' title='bbox 139 913 541 983; x_wconf 85' lang='grc' dir='ltr'><strong><em>κεκλεισμένος,</em></strong></span> <span class='ocrx_word' id='word_1_81' title='bbox 574 909 707 968; x_wconf 75' lang='grc' dir='ltr'><strong><em>οὐδὲ</em></strong></span> <span class='ocrx_word' id='word_1_82' title='bbox 736 911 803 967; x_wconf 80' lang='grc' dir='ltr'><strong><em>τὰ</em></strong></span> <span class='ocrx_word' id='word_1_83' title='bbox 831 922 962 969; x_wconf 82' lang='grc' dir='ltr'><strong><em>θεῖα</em></strong></span> <span class='ocrx_word' id='word_1_84' title='bbox 986 909 1246 984; x_wconf 76' lang='grc' dir='ltr'><strong><em>πράττειν</em></strong></span> <span class='ocrx_word' id='word_1_85' title='bbox 1277 910 1544 984; x_wconf 82' lang='grc' dir='ltr'><em>συνήθως</em></span> <span class='ocrx_word' id='word_1_86' title='bbox 1574 935 1747 985; x_wconf 83' lang='grc' dir='ltr'><strong><em>παρα·</em></strong></span> 
     </span>
     <span class='ocr_line' id='line_1_11' title="bbox 75 991 1793 1073; baseline 0.002 -24"><span class='ocrx_word' id='word_1_87' title='bbox 75 1018 117 1051; x_wconf 89' lang='lat'><strong><em>10</em></strong></span> <span class='ocrx_word' id='word_1_88' title='bbox 140 994 521 1068; x_wconf 83' lang='grc' dir='ltr'><strong><em>ποδιζόμενος,</em></strong></span> <span class='ocrx_word' id='word_1_89' title='bbox 553 991 691 1051; x_wconf 73' lang='grc' dir='ltr'><strong><em>ἄλλα</em></strong></span> <span class='ocrx_word' id='word_1_90' title='bbox 714 995 779 1051; x_wconf 80' lang='grc' dir='ltr'><strong><em>τὰ</em></strong></span> <span class='ocrx_word' id='word_1_91' title='bbox 800 996 902 1068; x_wconf 74' lang='grc' dir='ltr'><strong><em>μὲν</em></strong></span> <span class='ocrx_word' id='word_1_92' title='bbox 935 998 987 1063; x_wconf 80' lang='grc' dir='ltr'><strong><em>ἐξ</em></strong></span> <span class='ocrx_word' id='word_1_93' title='bbox 1010 992 1181 1052; x_wconf 79' lang='grc' dir='ltr'><strong><em>αὐτοῦ</em></strong></span> <span class='ocrx_word' id='word_1_94' title='bbox 1200 995 1531 1068; x_wconf 70' lang='grc' dir='ltr'><strong><em>μεταδιδοὺς</em></strong></span> <span class='ocrx_word' id='word_1_95' title='bbox 1553 1001 1627 1073; x_wconf 75' lang='grc' dir='ltr'><strong><em>τῷ</em></strong></span> <span class='ocrx_word' id='word_1_96' title='bbox 1651 996 1745 1054; x_wconf 78' lang='grc' dir='ltr'><strong><em>ἄν·</em></strong></span> <span class='ocrx_word' id='word_1_97' title='bbox 1771 1021 1793 1053; x_wconf 81' lang='lat' dir='ltr'><strong>d</strong></span> 
     </span>
     <span class='ocr_line' id='line_1_12' title="bbox 136 1076 1748 1156; baseline 0 -18"><span class='ocrx_word' id='word_1_98' title='bbox 136 1078 378 1156; x_wconf 73' lang='grc' dir='ltr'><strong><em>θρῶπω,</em></strong></span> <span class='ocrx_word' id='word_1_99' title='bbox 411 1078 477 1136; x_wconf 77' lang='grc' dir='ltr'><strong><em>τὰ</em></strong></span> <span class='ocrx_word' id='word_1_100' title='bbox 509 1076 563 1134; x_wconf 83' lang='grc' dir='ltr'><strong><em>δ’</em></strong></span> <span class='ocrx_word' id='word_1_101' title='bbox 599 1083 658 1136; x_wconf 83' lang='grc' dir='ltr'><strong><em>ἐκ</em></strong></span> <span class='ocrx_word' id='word_1_102' title='bbox 686 1083 787 1136; x_wconf 88' lang='grc' dir='ltr'><strong><em>τοῦ</em></strong></span> <span class='ocrx_word' id='word_1_103' title='bbox 815 1083 1031 1152; x_wconf 82' lang='grc' dir='ltr'><strong><em>θνητοῦ</em></strong></span> <span class='ocrx_word' id='word_1_104' title='bbox 1062 1077 1136 1152; x_wconf 80' lang='grc' dir='ltr'><strong><em>μὴ</em></strong></span> <span class='ocrx_word' id='word_1_105' title='bbox 1168 1076 1623 1152; x_wconf 77' lang='grc' dir='ltr'><strong><em>ἄντιλαμβοὲνων,</em></strong></span> <span class='ocrx_word' id='word_1_106' title='bbox 1657 1084 1748 1138; x_wconf 88' lang='grc' dir='ltr'><strong><em>καὶ</em></strong></span> 
     </span>
     <span class='ocr_line' id='line_1_13' title="bbox 137 1162 1749 1240; baseline 0.001 -20"><span class='ocrx_word' id='word_1_107' title='bbox 137 1170 232 1236; x_wconf 86' lang='grc' dir='ltr'><strong><em>τῆς</em></strong></span> <span class='ocrx_word' id='word_1_108' title='bbox 263 1165 366 1237; x_wconf 74' lang='grc' dir='ltr'><strong><em>μὲν</em></strong></span> <span class='ocrx_word' id='word_1_109' title='bbox 399 1166 600 1220; x_wconf 83' lang='grc' dir='ltr'><strong><em>ἐνθέου</em></strong></span> <span class='ocrx_word' id='word_1_110' title='bbox 627 1162 913 1237; x_wconf 84' lang='grc' dir='ltr'><strong><em>δυναμεως</em></strong></span> <span class='ocrx_word' id='word_1_111' title='bbox 943 1167 1021 1240; x_wconf 75' lang='grc' dir='ltr'><strong><em>τῷ</em></strong></span> <span class='ocrx_word' id='word_1_112' title='bbox 1049 1167 1239 1240; x_wconf 81' lang='grc' dir='ltr'><strong><em>θνητῷ</em></strong></span> <span class='ocrx_word' id='word_1_113' title='bbox 1266 1167 1536 1237; x_wconf 74' lang='grc' dir='ltr'><strong><em>χορηγῶν,</em></strong></span> <span class='ocrx_word' id='word_1_114' title='bbox 1567 1168 1662 1237; x_wconf 82' lang='grc' dir='ltr'><strong><em>τῆς</em></strong></span> <span class='ocrx_word' id='word_1_115' title='bbox 1689 1166 1749 1222; x_wconf 76' lang='grc' dir='ltr'><strong><em>δὲ</em></strong></span> 
     </span>
     <span class='ocr_line' id='line_1_14' title="bbox 139 1244 1745 1320; baseline 0.001 -15"><span class='ocrx_word' id='word_1_116' title='bbox 139 1252 198 1305; x_wconf 83' lang='grc' dir='ltr'><strong><em>ἐκ</em></strong></span> <span class='ocrx_word' id='word_1_117' title='bbox 227 1252 325 1304; x_wconf 85' lang='grc' dir='ltr'><strong><em>τοῦ</em></strong></span> <span class='ocrx_word' id='word_1_118' title='bbox 355 1249 571 1320; x_wconf 80' lang='grc' dir='ltr'><strong><em>θνητοῦ</em></strong></span> <span class='ocrx_word' id='word_1_119' title='bbox 599 1253 891 1320; x_wconf 79' lang='grc' dir='ltr'><strong><em>μετουσίας</em></strong></span> <span class='ocrx_word' id='word_1_120' title='bbox 911 1244 1014 1305; x_wconf 81' lang='grc' dir='ltr'><strong><em>οὐκ</em></strong></span> <span class='ocrx_word' id='word_1_121' title='bbox 1036 1245 1496 1320; x_wconf 90' lang='grc' dir='ltr'><strong><em>αντεπαγόμενος.</em></strong></span> <span class='ocrx_word' id='word_1_122' title='bbox 1551 1254 1596 1306; x_wconf 75' lang='lat'><strong><em>7.</em></strong></span> <span class='ocrx_word' id='word_1_123' title='bbox 1623 1246 1745 1306; x_wconf 74' lang='grc' dir='ltr'><strong><em>οὔτ’</em></strong></span> 
     </span>
     <span class='ocr_line' id='line_1_15' title="bbox 135 1324 1749 1405; baseline 0.002 -18"><span class='ocrx_word' id='word_1_124' title='bbox 135 1324 240 1388; x_wconf 84' lang='grc' dir='ltr'><strong><em>οῦν</em></strong></span> <span class='ocrx_word' id='word_1_125' title='bbox 285 1331 578 1404; x_wconf 86' lang='grc' dir='ltr'><strong><em>ἐμολύνετο</em></strong></span> <span class='ocrx_word' id='word_1_126' title='bbox 617 1331 931 1405; x_wconf 87' lang='grc' dir='ltr'><strong><em>τικτόμενος</em></strong></span> <span class='ocrx_word' id='word_1_127' title='bbox 969 1330 1079 1389; x_wconf 77' lang='grc' dir='ltr'><strong><em>ὑπὸ</em></strong></span> <span class='ocrx_word' id='word_1_128' title='bbox 1109 1336 1207 1389; x_wconf 88' lang='grc' dir='ltr'><strong><em>τοῦ</em></strong></span> <span class='ocrx_word' id='word_1_129' title='bbox 1239 1330 1489 1405; x_wconf 77' lang='grc' dir='ltr'><strong><em>σώματος</em></strong></span> <span class='ocrx_word' id='word_1_130' title='bbox 1528 1329 1556 1389; x_wconf 85' lang='grc' dir='ltr'>ὁ</span> <span class='ocrx_word' id='word_1_131' title='bbox 1601 1331 1749 1390; x_wconf 76' lang='grc' dir='ltr'><strong><em>ἀσώ-</em></strong></span> 
     </span>
     <span class='ocr_line' id='line_1_16' title="bbox 74 1412 1750 1490; baseline 0.003 -21"><span class='ocrx_word' id='word_1_132' title='bbox 74 1438 116 1470; x_wconf 82' lang='lat'><strong><em>15</em></strong></span> <span class='ocrx_word' id='word_1_133' title='bbox 139 1438 333 1487; x_wconf 83' lang='grc' dir='ltr'><strong><em>ματος,</em></strong></span> <span class='ocrx_word' id='word_1_134' title='bbox 376 1413 508 1472; x_wconf 78' lang='grc' dir='ltr'><strong><em>οὐδε</em></strong></span> <span class='ocrx_word' id='word_1_135' title='bbox 546 1414 648 1487; x_wconf 86' lang='grc' dir='ltr'><strong><em>τὴν</em></strong></span> <span class='ocrx_word' id='word_1_136' title='bbox 678 1414 876 1473; x_wconf 82' lang='grc' dir='ltr'><strong><em>οὐσίαν</em></strong></span> <span class='ocrx_word' id='word_1_137' title='bbox 908 1422 1148 1489; x_wconf 84' lang='grc' dir='ltr'><strong><em>ἔπασχεν</em></strong></span> <span class='ocrx_word' id='word_1_138' title='bbox 1187 1412 1215 1472; x_wconf 86' lang='grc' dir='ltr'>ὁ</span> <span class='ocrx_word' id='word_1_139' title='bbox 1257 1413 1480 1490; x_wconf 87' lang='grc' dir='ltr'><strong><em>απαθὴς</em></strong></span> <span class='ocrx_word' id='word_1_140' title='bbox 1509 1415 1620 1474; x_wconf 81' lang='grc' dir='ltr'><strong><em>ὑπὸ</em></strong></span> <span class='ocrx_word' id='word_1_141' title='bbox 1651 1422 1750 1475; x_wconf 85' lang='grc' dir='ltr'><strong><em>τοῦ</em></strong></span> 
     </span>
     <span class='ocr_line' id='line_1_17' title="bbox 139 1496 1749 1605; baseline 0.002 -50"><span class='ocrx_word' id='word_1_142' title='bbox 139 1502 407 1605; x_wconf 81' lang='grc' dir='ltr'><strong><em>θνητοῦ,</em></strong></span> <span class='ocrx_word' id='word_1_143' title='bbox 420 1500 538 1556; x_wconf 86' lang='grc' dir='ltr'><strong><em>ἐπεὶ</em></strong></span> <span class='ocrx_word' id='word_1_144' title='bbox 569 1500 708 1572; x_wconf 74' lang='grc' dir='ltr'><strong><em>μηδὲ</em></strong></span> <span class='ocrx_word' id='word_1_145' title='bbox 737 1503 832 1571; x_wconf 82' lang='grc' dir='ltr'><strong><em>τῆς</em></strong></span> <span class='ocrx_word' id='word_1_146' title='bbox 856 1497 1047 1571; x_wconf 90' lang='grc' dir='ltr'><strong><em>λύρας,</em></strong></span> <span class='ocrx_word' id='word_1_147' title='bbox 1082 1505 1132 1556; x_wconf 83' lang='grc' dir='ltr'><strong><em>εἰ</em></strong></span> <span class='ocrx_word' id='word_1_148' title='bbox 1151 1496 1328 1565; x_wconf 78' lang='grc' dir='ltr'><strong><em>οὕτως</em></strong></span> <span class='ocrx_word' id='word_1_149' title='bbox 1350 1499 1525 1573; x_wconf 80' lang='grc' dir='ltr'><strong><em>τύχοι,</em></strong></span> <span class='ocrx_word' id='word_1_150' title='bbox 1557 1523 1749 1558; x_wconf 91' lang='grc' dir='ltr'><strong><em>κοπτο-</em></strong></span> 
     </span>
     <span class='ocr_line' id='line_1_18' title="bbox 138 1579 1747 1657; baseline 0.001 -17"><span class='ocrx_word' id='word_1_151' title='bbox 138 1586 334 1655; x_wconf 82' lang='grc' dir='ltr'><strong><em>μένης,</em></strong></span> <span class='ocrx_word' id='word_1_152' title='bbox 375 1579 409 1655; x_wconf 81' lang='grc' dir='ltr'>ἢ</span> <span class='ocrx_word' id='word_1_153' title='bbox 447 1585 560 1640; x_wconf 75' lang='grc' dir='ltr'><strong><em>τῶν</em></strong></span> <span class='ocrx_word' id='word_1_154' title='bbox 601 1586 819 1657; x_wconf 71' lang='grc' dir='ltr'><strong><em>χορδῶν</em></strong></span> <span class='ocrx_word' id='word_1_155' title='bbox 863 1586 1294 1656; x_wconf 80' lang='grc' dir='ltr'><strong><em>διασπωμένων,</em></strong></span> <span class='ocrx_word' id='word_1_156' title='bbox 1338 1603 1572 1657; x_wconf 87' lang='grc' dir='ltr'><strong><em>πασχειν</em></strong></span> <span class='ocrx_word' id='word_1_157' title='bbox 1604 1583 1747 1652; x_wconf 82' lang='grc' dir='ltr'><strong><em>εἰκὸς</em></strong></span> 
     </span>
     <span class='ocr_line' id='line_1_19' title="bbox 136 1665 1749 1742; baseline 0.002 -20"><span class='ocrx_word' id='word_1_158' title='bbox 136 1665 234 1723; x_wconf 87' lang='grc' dir='ltr'><strong><em>τὸν</em></strong></span> <span class='ocrx_word' id='word_1_159' title='bbox 255 1665 723 1739; x_wconf 80' lang='grc' dir='ltr'><strong><em>ἀνακρουόμενον,</em></strong></span> <span class='ocrx_word' id='word_1_160' title='bbox 747 1665 885 1724; x_wconf 82' lang='grc' dir='ltr'><strong><em>ουδέ</em></strong></span> <span class='ocrx_word' id='word_1_161' title='bbox 902 1690 964 1739; x_wconf 91' lang='grc' dir='ltr'><strong><em>γε</em></strong></span> <span class='ocrx_word' id='word_1_162' title='bbox 987 1669 1167 1739; x_wconf 84' lang='grc' dir='ltr'><strong><em>σοφοῦ</em></strong></span> <span class='ocrx_word' id='word_1_163' title='bbox 1186 1690 1334 1733; x_wconf 86' lang='grc' dir='ltr'><strong><em>τινος</em></strong></span> <span class='ocrx_word' id='word_1_164' title='bbox 1354 1665 1557 1742; x_wconf 80' lang='grc' dir='ltr'><strong><em>ἄνδρος</em></strong></span> <span class='ocrx_word' id='word_1_165' title='bbox 1580 1693 1749 1741; x_wconf 90' lang='grc' dir='ltr'><strong><em>τιμω-</em></strong></span> 
     </span>
     <span class='ocr_line' id='line_1_20' title="bbox 138 1747 1747 1826; baseline 0.003 -20"><span class='ocrx_word' id='word_1_166' title='bbox 138 1753 413 1822; x_wconf 90' lang='grc' dir='ltr'><strong><em>ρουμένου</em></strong></span> <span class='ocrx_word' id='word_1_167' title='bbox 443 1756 540 1807; x_wconf 85' lang='grc' dir='ltr'><strong><em>τοῦ</em></strong></span> <span class='ocrx_word' id='word_1_168' title='bbox 570 1750 820 1823; x_wconf 71' lang='grc' dir='ltr'><strong><em>σώματος</em></strong></span> <span class='ocrx_word' id='word_1_169' title='bbox 851 1751 952 1823; x_wconf 84' lang='grc' dir='ltr'><strong><em>τὴν</em></strong></span> <span class='ocrx_word' id='word_1_170' title='bbox 984 1755 1044 1808; x_wconf 86' lang='grc' dir='ltr'><strong><em>ἐν</em></strong></span> <span class='ocrx_word' id='word_1_171' title='bbox 1077 1747 1228 1826; x_wconf 73' lang='grc' dir='ltr'><strong><em>αὐτῷ</em></strong></span> <span class='ocrx_word' id='word_1_172' title='bbox 1250 1758 1455 1824; x_wconf 82' lang='grc' dir='ltr'><strong><em>σοφίαν</em></strong></span> <span class='ocrx_word' id='word_1_173' title='bbox 1488 1776 1522 1823; x_wconf 92' lang='grc' dir='ltr'><strong><em>η</em></strong></span> <span class='ocrx_word' id='word_1_174' title='bbox 1553 1751 1656 1824; x_wconf 82' lang='grc' dir='ltr'><strong><em>τήν</em></strong></span> <span class='ocrx_word' id='word_1_175' title='bbox 1683 1777 1747 1825; x_wconf 92' lang='grc' dir='ltr'><strong><em>γε</em></strong></span> 
     </span>
     <span class='ocr_line' id='line_1_21' title="bbox 74 1830 1748 1911; baseline 0.003 -22"><span class='ocrx_word' id='word_1_176' title='bbox 74 1857 116 1889; x_wconf 80' lang='lat'><strong><em>20</em></strong></span> <span class='ocrx_word' id='word_1_177' title='bbox 141 1837 201 1891; x_wconf 84' lang='grc' dir='ltr'><strong><em>ἐν</em></strong></span> <span class='ocrx_word' id='word_1_178' title='bbox 230 1837 304 1911; x_wconf 75' lang='grc' dir='ltr'><strong><em>τῷ</em></strong></span> <span class='ocrx_word' id='word_1_179' title='bbox 337 1833 546 1907; x_wconf 77' lang='grc' dir='ltr'><strong><em>σώματι</em></strong></span> <span class='ocrx_word' id='word_1_180' title='bbox 586 1833 774 1908; x_wconf 81' lang='grc' dir='ltr'><strong><em>ψυχην</em></strong></span> <span class='ocrx_word' id='word_1_181' title='bbox 813 1833 1119 1892; x_wconf 89' lang='grc' dir='ltr'><strong><em>κόπτεσθαι</em></strong></span> <span class='ocrx_word' id='word_1_182' title='bbox 1162 1830 1195 1906; x_wconf 76' lang='grc' dir='ltr'><em>ἢ</em></span> <span class='ocrx_word' id='word_1_183' title='bbox 1236 1833 1473 1893; x_wconf 85' lang='grc' dir='ltr'><strong><em>καεσθαι</em></strong></span> <span class='ocrx_word' id='word_1_184' title='bbox 1503 1843 1748 1910; x_wconf 85' lang='grc' dir='ltr'><strong><em>φαίημεν</em></strong></span> 
     </span>
     <span class='ocr_line' id='line_1_22' title="bbox 136 1913 1745 1993; baseline 0.002 -19"><span class='ocrx_word' id='word_1_185' title='bbox 136 1913 207 1975; x_wconf 71' lang='grc' dir='ltr'><strong><em>ἂν</em></strong></span> <span class='ocrx_word' id='word_1_186' title='bbox 238 1916 485 1984; x_wconf 81' lang='grc' dir='ltr'><strong><em>εἰκότως·</em></strong></span> <span class='ocrx_word' id='word_1_187' title='bbox 533 1917 706 1993; x_wconf 81' lang='grc' dir='ltr'><strong><em>ταύτῃ</em></strong></span> <span class='ocrx_word' id='word_1_188' title='bbox 737 1943 819 1975; x_wconf 90' lang='grc' dir='ltr'><strong><em>τοι</em></strong></span> <span class='ocrx_word' id='word_1_189' title='bbox 862 1917 1004 1975; x_wconf 78' lang='grc' dir='ltr'><strong><em>πολὺ</em></strong></span> <span class='ocrx_word' id='word_1_190' title='bbox 1034 1922 1203 1975; x_wconf 88' lang='grc' dir='ltr'><strong><em>πλέον</em></strong></span> <span class='ocrx_word' id='word_1_191' title='bbox 1233 1916 1366 1976; x_wconf 74' lang='grc' dir='ltr'><strong><em>οὐδὲ</em></strong></span> <span class='ocrx_word' id='word_1_192' title='bbox 1395 1919 1497 1992; x_wconf 84' lang='grc' dir='ltr'><strong><em>τὴν</em></strong></span> <span class='ocrx_word' id='word_1_193' title='bbox 1526 1921 1626 1977; x_wconf 87' lang='grc' dir='ltr'><strong><em>τοῦ</em></strong></span> <span class='ocrx_word' id='word_1_194' title='bbox 1653 1920 1745 1978; x_wconf 88' lang='grc' dir='ltr'><strong><em>λό-</em></strong></span> 
     </span>
     <span class='ocr_line' id='line_1_23' title="bbox 136 1998 1855 2078; baseline 0.003 -20"><span class='ocrx_word' id='word_1_195' title='bbox 136 2025 239 2073; x_wconf 91' lang='grc' dir='ltr'><strong><em>γου</em></strong></span> <span class='ocrx_word' id='word_1_196' title='bbox 270 2001 443 2074; x_wconf 90' lang='grc' dir='ltr'><strong><em>φύσιν</em></strong></span> <span class='ocrx_word' id='word_1_197' title='bbox 475 1998 506 2074; x_wconf 80' lang='grc' dir='ltr'>ἢ</span> <span class='ocrx_word' id='word_1_198' title='bbox 540 2001 781 2075; x_wconf 78' lang='grc' dir='ltr'><strong><em>δύναμιν</em></strong></span> <span class='ocrx_word' id='word_1_199' title='bbox 811 2001 1017 2075; x_wconf 76' lang='grc' dir='ltr'><strong><em>βλοὲβος</em></strong></span> <span class='ocrx_word' id='word_1_200' title='bbox 1052 2027 1104 2060; x_wconf 91' lang='grc' dir='ltr'><strong><em>τι</em></strong></span> <span class='ocrx_word' id='word_1_201' title='bbox 1136 2006 1196 2059; x_wconf 86' lang='grc' dir='ltr'><strong><em>ἐκ</em></strong></span> <span class='ocrx_word' id='word_1_202' title='bbox 1225 2008 1338 2060; x_wconf 78' lang='grc' dir='ltr'><strong><em>τῶν</em></strong></span> <span class='ocrx_word' id='word_1_203' title='bbox 1367 2009 1466 2061; x_wconf 87' lang='grc' dir='ltr'><strong><em>τοῦ</em></strong></span> <span class='ocrx_word' id='word_1_204' title='bbox 1499 2003 1746 2078; x_wconf 75' lang='grc' dir='ltr'><strong><em>σώματος</em></strong></span> <span class='ocrx_word' id='word_1_205' title='bbox 1766 2030 1855 2072; x_wconf 74' lang='grc' dir='ltr'><strong><em>(ιτο)</em></strong></span> 
     </span>
     <span class='ocr_line' id='line_1_24' title="bbox 136 2083 1747 2161; baseline 0.002 -19"><span class='ocrx_word' id='word_1_206' title='bbox 136 2089 345 2143; x_wconf 75' lang='grc' dir='ltr'><strong><em>παθών.</em></strong></span> <span class='ocrx_word' id='word_1_207' title='bbox 368 2083 754 2159; x_wconf 73' lang='grc' dir='ltr'><strong><em>ἀποφέρεσθαι</em></strong></span> <span class='ocrx_word' id='word_1_208' title='bbox 777 2086 951 2159; x_wconf 77' lang='grc' dir='ltr'><strong><em>φάναι</em></strong></span> <span class='ocrx_word' id='word_1_209' title='bbox 976 2085 1236 2159; x_wconf 79' lang='grc' dir='ltr'><strong><em>εὔλογον,</em></strong></span> <span class='ocrx_word' id='word_1_210' title='bbox 1284 2085 1366 2144; x_wconf 76' lang='grc' dir='ltr'><strong><em>ὅτι</em></strong></span> <span class='ocrx_word' id='word_1_211' title='bbox 1389 2089 1530 2161; x_wconf 75' lang='grc' dir='ltr'><strong><em>μηδὲ</em></strong></span> <span class='ocrx_word' id='word_1_212' title='bbox 1559 2087 1620 2146; x_wconf 80' lang='grc' dir='ltr'><strong><em>τὸ</em></strong></span> <span class='ocrx_word' id='word_1_213' title='bbox 1649 2094 1747 2146; x_wconf 85' lang='grc' dir='ltr'><strong><em>τοῦ</em></strong></span> 
     </span>
     <span class='ocr_line' id='line_1_25' title="bbox 136 2166 1746 2245; baseline 0.003 -20"><span class='ocrx_word' id='word_1_214' title='bbox 136 2169 317 2241; x_wconf 83' lang='grc' dir='ltr'><strong><em>φωτὸς</em></strong></span> <span class='ocrx_word' id='word_1_215' title='bbox 342 2166 475 2244; x_wconf 80' lang='grc' dir='ltr'><strong><em>ἡμῖν</em></strong></span> <span class='ocrx_word' id='word_1_216' title='bbox 491 2167 806 2244; x_wconf 75' lang='grc' dir='ltr'><strong><em>ὑπόδειγμα</em></strong></span> <span class='ocrx_word' id='word_1_217' title='bbox 830 2177 1166 2245; x_wconf 80' lang='grc' dir='ltr'><strong><em>χραίνεσθαί</em></strong></span> <span class='ocrx_word' id='word_1_218' title='bbox 1180 2195 1231 2228; x_wconf 91' lang='grc' dir='ltr'><strong><em>τι</em></strong></span> <span class='ocrx_word' id='word_1_219' title='bbox 1243 2168 1577 2244; x_wconf 80' lang='grc' dir='ltr'><strong><em>τὰςὴλιακὰς</em></strong></span> <span class='ocrx_word' id='word_1_220' title='bbox 1599 2170 1746 2230; x_wconf 78' lang='grc' dir='ltr'><strong><em>ἀκτῖ-</em></strong></span> 
     </span>
     <span class='ocr_line' id='line_1_26' title="bbox 75 2251 1746 2328; baseline 0.004 -21"><span class='ocrx_word' id='word_1_221' title='bbox 75 2274 116 2307; x_wconf 82' lang='lat'><strong><em>25</em></strong></span> <span class='ocrx_word' id='word_1_222' title='bbox 139 2277 238 2320; x_wconf 90' lang='grc' dir='ltr'><strong><em>νας</em></strong></span> <span class='ocrx_word' id='word_1_223' title='bbox 271 2255 360 2310; x_wconf 82' lang='grc' dir='ltr'><strong><em>ἐπὶ</em></strong></span> <span class='ocrx_word' id='word_1_224' title='bbox 402 2258 501 2326; x_wconf 63' lang='grc' dir='ltr'><strong><em>γῆς</em></strong></span> <span class='ocrx_word' id='word_1_225' title='bbox 541 2251 860 2328; x_wconf 86' lang='grc' dir='ltr'><strong><em>ου’ρανόθεν</em></strong></span> <span class='ocrx_word' id='word_1_226' title='bbox 892 2258 1307 2328; x_wconf 84' lang='grc' dir='ltr'><strong><em>ἐκπεμπομένας</em></strong></span> <span class='ocrx_word' id='word_1_227' title='bbox 1348 2262 1527 2327; x_wconf 87' lang='grc' dir='ltr'><strong><em>πηλοῦ</em></strong></span> <span class='ocrx_word' id='word_1_228' title='bbox 1565 2280 1624 2313; x_wconf 89' lang='grc' dir='ltr'><strong><em>τε</em></strong></span> <span class='ocrx_word' id='word_1_229' title='bbox 1654 2259 1746 2314; x_wconf 84' lang='grc' dir='ltr'><strong><em>καὶ</em></strong></span> 
     </span>
     <span class='ocr_line' id='line_1_27' title="bbox 138 2335 1746 2413; baseline 0.002 -20"><span class='ocrx_word' id='word_1_230' title='bbox 138 2335 416 2410; x_wconf 87' lang='grc' dir='ltr'><strong><em>βορβόρου</em></strong></span> <span class='ocrx_word' id='word_1_231' title='bbox 457 2340 548 2394; x_wconf 87' lang='grc' dir='ltr'><strong><em>καὶ</em></strong></span> <span class='ocrx_word' id='word_1_232' title='bbox 589 2342 832 2412; x_wconf 87' lang='grc' dir='ltr'><strong><em>μιασμοῦ</em></strong></span> <span class='ocrx_word' id='word_1_233' title='bbox 861 2338 1064 2405; x_wconf 80' lang='grc' dir='ltr'><strong><em>παντὸς</em></strong></span> <span class='ocrx_word' id='word_1_234' title='bbox 1097 2343 1476 2413; x_wconf 82' lang='grc' dir='ltr'><strong><em>ἐφαπτομένας</em></strong></span> <span class='ocrx_word' id='word_1_235' title='bbox 1507 2339 1746 2413; x_wconf 75' lang='grc' dir='ltr'><strong><em>συνεχώ-</em></strong></span> 
     </span>
     <span class='ocr_line' id='line_1_28' title="bbox 138 2423 1746 2495; baseline 0.002 -19"><span class='ocrx_word' id='word_1_236' title='bbox 138 2444 235 2491; x_wconf 87' lang='grc' dir='ltr'><strong><em>ρει.</em></strong></span> <span class='ocrx_word' id='word_1_237' title='bbox 298 2426 345 2478; x_wconf 79' lang='grc'><strong><em>8.</em></strong></span> <span class='ocrx_word' id='word_1_238' title='bbox 379 2429 719 2494; x_wconf 83' lang='grc' dir='ltr'><strong><em>φωτίζεσθαι</em></strong></span> <span class='ocrx_word' id='word_1_239' title='bbox 749 2423 852 2495; x_wconf 75' lang='grc' dir='ltr'><strong><em>μὲν</em></strong></span> <span class='ocrx_word' id='word_1_240' title='bbox 882 2425 973 2479; x_wconf 87' lang='grc' dir='ltr'><strong><em>καὶ</em></strong></span> <span class='ocrx_word' id='word_1_241' title='bbox 1003 2427 1175 2479; x_wconf 89' lang='grc' dir='ltr'><strong><em>ταῦτα</em></strong></span> <span class='ocrx_word' id='word_1_242' title='bbox 1208 2426 1267 2480; x_wconf 81' lang='grc' dir='ltr'><strong><em>ἐκ</em></strong></span> <span class='ocrx_word' id='word_1_243' title='bbox 1295 2428 1408 2480; x_wconf 75' lang='grc' dir='ltr'><strong><em>τῶν</em></strong></span> <span class='ocrx_word' id='word_1_244' title='bbox 1437 2428 1534 2480; x_wconf 90' lang='grc' dir='ltr'><strong><em>τοῦ</em></strong></span> <span class='ocrx_word' id='word_1_245' title='bbox 1565 2424 1746 2495; x_wconf 84' lang='grc' dir='ltr'><strong><em>φωτὸς</em></strong></span> 
     </span>
     <span class='ocr_line' id='line_1_29' title="bbox 139 2502 1747 2579; baseline 0.004 -21"><span class='ocrx_word' id='word_1_246' title='bbox 139 2502 330 2574; x_wconf 77' lang='grc' dir='ltr'><strong><em>αὐγῶν</em></strong></span> <span class='ocrx_word' id='word_1_247' title='bbox 371 2502 538 2563; x_wconf 73' lang='grc' dir='ltr'><strong><em>οὐδὲν</em></strong></span> <span class='ocrx_word' id='word_1_248' title='bbox 579 2503 649 2563; x_wconf 76' lang='grc' dir='ltr'><strong><em>ἂν</em></strong></span> <span class='ocrx_word' id='word_1_249' title='bbox 689 2505 891 2564; x_wconf 83' lang='grc' dir='ltr'><strong><em>κωλύοι</em></strong></span> <span class='ocrx_word' id='word_1_250' title='bbox 923 2509 1129 2579; x_wconf 88' lang='grc' dir='ltr'><strong><em>λέγειν·</em></strong></span> <span class='ocrx_word' id='word_1_251' title='bbox 1176 2507 1236 2563; x_wconf 85' lang='grc' dir='ltr'><strong><em>τὸ</em></strong></span> <span class='ocrx_word' id='word_1_252' title='bbox 1280 2509 1347 2563; x_wconf 81' lang='grc' dir='ltr'><strong><em>δέ</em></strong></span> <span class='ocrx_word' id='word_1_253' title='bbox 1370 2530 1434 2579; x_wconf 94' lang='grc' dir='ltr'><strong><em>γε</em></strong></span> <span class='ocrx_word' id='word_1_254' title='bbox 1463 2505 1559 2564; x_wconf 83' lang='grc' dir='ltr'><strong><em>τὸν</em></strong></span> <span class='ocrx_word' id='word_1_255' title='bbox 1588 2503 1747 2578; x_wconf 75' lang='grc' dir='ltr'><strong><em>ἥλιον</em></strong></span> 
     </span>
     <span class='ocr_line' id='line_1_30' title="bbox 138 2585 1745 2662; baseline 0.004 -20"><span class='ocrx_word' id='word_1_256' title='bbox 138 2585 482 2658; x_wconf 85' lang='grc' dir='ltr'><strong><em>μολύνεσθαι</em></strong></span> <span class='ocrx_word' id='word_1_257' title='bbox 515 2592 574 2645; x_wconf 82' lang='grc' dir='ltr'><strong><em>ἐκ</em></strong></span> <span class='ocrx_word' id='word_1_258' title='bbox 603 2593 699 2662; x_wconf 83' lang='grc' dir='ltr'><strong><em>τῆς</em></strong></span> <span class='ocrx_word' id='word_1_259' title='bbox 728 2593 841 2647; x_wconf 76' lang='grc' dir='ltr'><strong><em>τῶν</em></strong></span> <span class='ocrx_word' id='word_1_260' title='bbox 872 2589 1142 2662; x_wconf 78' lang='grc' dir='ltr'><strong><em>σωμάτων</em></strong></span> <span class='ocrx_word' id='word_1_261' title='bbox 1163 2593 1452 2662; x_wconf 78' lang='grc' dir='ltr'><strong><em>ἐπιμιξίας,</em></strong></span> <span class='ocrx_word' id='word_1_262' title='bbox 1484 2585 1518 2662; x_wconf 79' lang='grc' dir='ltr'><em>ἢ</em></span> <span class='ocrx_word' id='word_1_263' title='bbox 1542 2595 1745 2662; x_wconf 84' lang='grc' dir='ltr'><strong><em>πηλοῦ-</em></strong></span> 
     </span>
     <span class='ocr_line' id='line_1_31' title="bbox 74 2669 1792 2746; baseline 0.005 -22"><span class='ocrx_word' id='word_1_264' title='bbox 74 2692 117 2725; x_wconf 87' lang='lat'><strong><em>30</em></strong></span> <span class='ocrx_word' id='word_1_265' title='bbox 141 2680 276 2726; x_wconf 89' lang='grc' dir='ltr'><strong><em>σθαι</em></strong></span> <span class='ocrx_word' id='word_1_266' title='bbox 294 2714 309 2741; x_wconf 87' lang='grc'><strong><em>,</em></strong></span> <span class='ocrx_word' id='word_1_267' title='bbox 339 2669 538 2728; x_wconf 85' lang='grc' dir='ltr'><strong><em>οὐκέτι.</em></strong></span> <span class='ocrx_word' id='word_1_268' title='bbox 611 2676 703 2730; x_wconf 89' lang='grc' dir='ltr'><strong><em>καὶ</em></strong></span> <span class='ocrx_word' id='word_1_269' title='bbox 732 2672 844 2745; x_wconf 88' lang='grc' dir='ltr'><strong><em>μὴν</em></strong></span> <span class='ocrx_word' id='word_1_270' title='bbox 873 2673 1045 2730; x_wconf 73' lang='grc' dir='ltr'><strong><em>ταῦτα</em></strong></span> <span class='ocrx_word' id='word_1_271' title='bbox 1074 2698 1137 2745; x_wconf 91' lang='grc' dir='ltr'><strong><em>γε</em></strong></span> <span class='ocrx_word' id='word_1_272' title='bbox 1167 2677 1261 2745; x_wconf 82' lang='grc' dir='ltr'><strong><em>τῆς</em></strong></span> <span class='ocrx_word' id='word_1_273' title='bbox 1292 2673 1514 2746; x_wconf 87' lang='grc' dir='ltr'><strong><em>φύσεως</em></strong></span> <span class='ocrx_word' id='word_1_274' title='bbox 1545 2671 1647 2731; x_wconf 75' lang='grc' dir='ltr'><strong><em>οὐκ</em></strong></span> <span class='ocrx_word' id='word_1_275' title='bbox 1676 2671 1746 2731; x_wconf 71' lang='grc' dir='ltr'><strong><em>ἂν</em></strong></span> <span class='ocrx_word' id='word_1_276' title='bbox 1772 2701 1792 2733; x_wconf 83' lang='lat' dir='ltr'>b</span> 
     </span>
     <span class='ocr_line' id='line_1_32' title="bbox 142 2753 1743 2830; baseline 0.003 -21"><span class='ocrx_word' id='word_1_277' title='bbox 142 2762 226 2826; x_wconf 87' lang='grc' dir='ltr'><strong><em>εἱή</em></strong></span> <span class='ocrx_word' id='word_1_278' title='bbox 266 2757 378 2810; x_wconf 75' lang='grc' dir='ltr'><strong><em>τῶν</em></strong></span> <span class='ocrx_word' id='word_1_279' title='bbox 418 2754 687 2827; x_wconf 75' lang='grc' dir='ltr'><strong><em>σωμάτων</em></strong></span> <span class='ocrx_word' id='word_1_280' title='bbox 725 2754 999 2830; x_wconf 71' lang='grc' dir='ltr'><strong><em>ἀλλότρια.</em></strong></span> <span class='ocrx_word' id='word_1_281' title='bbox 1083 2762 1128 2813; x_wconf 86' lang='grc'><strong><em>9.</em></strong></span> <span class='ocrx_word' id='word_1_282' title='bbox 1171 2753 1200 2812; x_wconf 83' lang='grc' dir='ltr'>ὁ</span> <span class='ocrx_word' id='word_1_283' title='bbox 1245 2761 1310 2813; x_wconf 78' lang='grc' dir='ltr'><strong><em>δέ</em></strong></span> <span class='ocrx_word' id='word_1_284' title='bbox 1345 2782 1408 2829; x_wconf 93' lang='grc' dir='ltr'><strong><em>γε</em></strong></span> <span class='ocrx_word' id='word_1_285' title='bbox 1448 2755 1612 2824; x_wconf 80' lang='grc' dir='ltr'><strong><em>ἅῦλος</em></strong></span> <span class='ocrx_word' id='word_1_286' title='bbox 1653 2761 1743 2815; x_wconf 88' lang='grc' dir='ltr'><strong><em>καὶ</em></strong></span> 
     </span>
     <span class='ocr_line' id='line_1_33' title="bbox 141 2833 1746 2914; baseline 0.004 -22"><span class='ocrx_word' id='word_1_287' title='bbox 141 2833 427 2909; x_wconf 72' lang='grc' dir='ltr'><strong><em>ἀσώματος</em></strong></span> <span class='ocrx_word' id='word_1_288' title='bbox 477 2841 577 2895; x_wconf 89' lang='grc' dir='ltr'><strong><em>τοῦ</em></strong></span> <span class='ocrx_word' id='word_1_289' title='bbox 614 2843 757 2896; x_wconf 86' lang='grc' dir='ltr'><strong><em>θεοῦ</em></strong></span> <span class='ocrx_word' id='word_1_290' title='bbox 796 2839 982 2912; x_wconf 87' lang='grc' dir='ltr'><strong><em>λόγος,</em></strong></span> <span class='ocrx_word' id='word_1_291' title='bbox 1037 2839 1279 2913; x_wconf 81' lang='grc' dir='ltr'><strong><em>αὐτοζωὴ</em></strong></span> <span class='ocrx_word' id='word_1_292' title='bbox 1320 2841 1611 2914; x_wconf 78' lang='grc' dir='ltr'><strong><em>τυγχάνων</em></strong></span> <span class='ocrx_word' id='word_1_293' title='bbox 1652 2845 1746 2898; x_wconf 87' lang='grc' dir='ltr'><strong><em>καὶ</em></strong></span> 
     </span>
     <span class='ocr_line' id='line_1_34' title="bbox 221 2934 1444 2985; baseline 0.003 -14"><span class='ocrx_word' id='word_1_294' title='bbox 221 2945 450 2972; x_wconf 68' lang='grc' dir='ltr'><strong><em>ΕυεΕΒΙῑέ</em></strong></span> <span class='ocrx_word' id='word_1_295' title='bbox 485 2946 560 2974; x_wconf 80' lang='lat'>111.</span> <span class='ocrx_word' id='word_1_296' title='bbox 831 2956 838 2967; x_wconf 87' lang='lat'><strong>·</strong></span> <span class='ocrx_word' id='word_1_297' title='bbox 1381 2934 1444 2985; x_wconf 83' lang='lat'><strong><em>16</em></strong></span> 
     </span>
    </p>
   </div>
  </div>
 </body>
</html>
