1992 3186
234 131 340 184 254
915 131 1162 173 EUSEBII

235 266 298 306 σε
329 243 359 305 6
390 247 521 314 θεὸς
544 244 573 304 ὁ
604 245 736 314 θεός
768 266 870 305 σου
902 252 1087 303 ἔλαιον
1117 245 1492 318 ἀγαλλιάσεως
1533 244 1682 319 παρὰ
1710 243 1843 312 τούς

234 330 495 404 μετόχους
526 329 674 388 σου.”

360 420 444 473 50.
491 413 702 472 Σκόπει
728 411 779 470 δ’
812 406 915 471 οὖν
947 416 1365 487 ἐπιμελέστερον
1393 413 1540 482 ὅπως
1571 415 1709 472 κατὰ
1738 414 1841 487 τὴν

232 502 334 557 τοῦ
360 505 594 571 Ψαλμοῦ
615 497 947 571 προγραφὴν
968 498 1111 572 ὑπὲρ
1134 504 1232 556 τοῦ
1251 497 1539 571 ἀγαπητοῦ
1557 497 1654 556 τὸν
1674 497 1840 572 λόγον

235 583 377 640 εἶναι
418 580 852 655 προοιμιάζεται,
895 581 1030 654 μετὰ
1070 585 1171 639 τοῦ
1211 588 1303 639 καὶ
1345 588 1422 649 εἰς
1465 581 1698 641 σύνεσιν
1725 587 1888 640 τῶνε

232 669 661 740 λεχθησομένων
704 665 802 723 τὸν
849 664 1128 740 ἀκροατὴν
1175 672 1480 740 παρορμᾶν.
1555 670 1838 740 ἐπισημαί-

231 773 384 807 νεται
426 750 488 806 δὲ
529 752 620 807 καὶ
671 750 731 807 τὸ
781 759 959 808 αἴτιον
1011 756 1108 823 τῆς
1157 757 1472 824 οἰκονομίας
1520 757 1619 807 τοῦ
1669 749 1838 823 λόγου

230 833 462 907 φάσκων
492 832 611 901 “ει’ς
651 833 711 891 τὸ
750 837 904 901 τέλος
947 830 1090 907 ὑπὲρ
1139 837 1252 892 τῶν
1301 832 1842 908 ἆλλοιωθησομένων

231 925 309 986 εἰς
340 917 576 976 σύνεσιν
607 914 749 990 ὑπὲρ
779 922 879 976 τοῦ
909 915 1243 991 ἄγαπητοῦ.”

354 1007 438 1059 51.
495 1009 659 1070 Τίνας
701 1003 764 1060 δὲ
804 1001 1006 1069 ἄλλους
1048 1011 1223 1069 εἴποις
1264 999 1334 1060 ἂν
1377 1002 1522 1060 εἶναι
1572 1001 1702 1069 τοὺς
1742 1000 1835 1058 ἀλ·
1860 1026 1903 1059 10

228 1089 710 1160 λοιωθησομένους
750 1082 893 1158 ὑπὲρ
934 1079 1024 1144 αἶν-
1050 1083 1080 1144 6
1120 1086 1344 1159 Ψαλμὸς
1389 1096 1601 1160 εἴρηται
1642 1082 1676 1158 ἢ
1707 1085 1838 1152 τοὺς

226 1173 525 1243 μέλλοντας
555 1176 990 1243 μεταβαλεῖσθαι
1022 1175 1083 1228 ἐκ
1112 1174 1385 1244 προτέρου
1415 1176 1542 1242 βίου
1581 1172 1673 1227 καὶ
1710 1168 1839 1241 τρό-

186 1287 203 1308 c
228 1275 357 1326 που,
388 1252 875 1327 μετατεθήσεσθαί
899 1278 958 1312 τε
980 1258 1073 1312 καὶ
1102 1252 1588 1327 ἀλλοιωθήσεσθαι
1619 1253 1711 1311 διὰ
1735 1257 1836 1310 τοῦ

226 1341 744 1413 προφητευομένου;
789 1332 949 1405 οὗτος
981 1340 1044 1396 δε
1073 1332 1143 1411 ἦν
1171 1337 1200 1395 6
1231 1335 1509 1411 αγαπητὸς
1538 1342 1637 1395 τοῦ
1674 1340 1835 1410 θεοῦ,

225 1417 366 1495 ὑπερ
397 1446 462 1479 ου
495 1424 584 1479 ἐπὶ
613 1428 709 1493 τῆς
739 1429 1079 1497 προφητείας
1102 1425 1378 1489 συνέσεως
1403 1417 1572 1480 δεῖν
1547 1448 1576 1479 υ
1607 1420 1833 1530 Ψαλμός
1857 1443 1900 1478 15

224 1501 359 1578 ἡμῖν
387 1504 807 1580 προοιμιάζεται.
871 1512 921 1563 εἰ
952 1504 1006 1563 δ’
1049 1531 1153 1564 ουν
1194 1505 1567 1579 ἑπαπορήσαις
1605 1511 1687 1572 τίς
1726 1504 1834 1580 ἄρα

224 1580 295 1662 ἦν
323 1588 352 1647 6
383 1588 661 1663 ἀγαπητὸς
691 1614 852 1658 ουτος
881 1593 1009 1665 περὶ
1040 1615 1106 1649 ου
1139 1593 1199 1648 ἐν
1236 1594 1313 1667 τῷ
1350 1593 1564 1666 Ψαλμςὸ
1591 1612 1832 1692 προεφη-

222 1672 437 1746 τεύετο,
480 1674 630 1745 παρὰ
669 1674 845 1742 πόδας
885 1694 973 1732 σοι
1009 1671 1037 1732 ὁ
1085 1673 1244 1747 λόγος
1289 1673 1630 1747 παραστήσει
1671 1672 1831 1747 ἀρχό-

222 1781 386 1830 μενος
428 1755 601 1824 εὐθῦς
642 1761 735 1815 καὶ
775 1762 953 1831 λέγων
985 1755 1348 1832 “ε’ξηρεύξατο
1387 1757 1422 1830 ἡ
1471 1762 1672 1830 καρδία
1721 1780 1829 1829 μου

221 1840 387 1913 λόγον
425 1840 690 1914 ἀγαθόν.”
755 1851 899 1901 εἴποι
942 1841 995 1898 δ’
1042 1834 1144 1900 οὖν
1182 1840 1253 1898 ἄν
1292 1865 1373 1908 τις
1413 1839 1585 1898 αὐτὸν
1615 1844 1830 1899 ἐκεῖνον
1851 1865 1894 1898 20

221 1931 620 1998 σημαίνεσθαι,
662 1924 759 1983 τόν
799 1929 859 1983 έν
888 1925 1027 2000 ἀρχῇ
1068 1923 1202 1997 πρὸς
1231 1924 1328 1981 τὸν
1357 1924 1497 1982 θεὸν
1527 1922 1723 1996 λόγον,
1763 1922 1830 1981 ὃν

219 2012 507 2081 θεολογῶν
535 2007 564 2065 6
595 2012 763 2082 μέγας
795 2006 1184 2081 ευαγγελιστὴς
1199 2007 1459 2082 Ἰωάννης
1482 2014 1720 2082 παρίστη
1743 2011 1830 2066 λε’-

219 2115 337 2162 γων
368 2088 468 2148 “ἐν
507 2090 650 2166 ἀρχῇ
689 2093 759 2164 ἠν
789 2088 817 2148 6
860 2091 1048 2164 λόγος,
1093 2089 1244 2150 καὶὸ
1277 2090 1434 2163 λόγος
1465 2093 1536 2164 ἠν
1566 2092 1702 2165 πρὸς
1731 2091 1828 2148 τὸν

219 2172 377 2246 θεὸν,
419 2177 511 2232 καὶ
531 2174 663 2241 θεὸς
687 2168 758 2248 ἦν
779 2174 807 2232 6
831 2173 1037 2248 λόγος.”
1109 2181 1193 2234 52.
1227 2174 1286 2233 τὸ
1311 2175 1363 2233 δ’
1400 2172 1761 2248 “έξηρεύξατο
1792 2173 1826 2246 ἡ

220 2264 422 2332 καρδία
462 2283 570 2332 μου
608 2258 773 2331 λόγον
802 2256 1055 2332 ἆγαθόν”
1093 2270 1247 2333 εἴπερ
1289 2263 1349 2316 ἐκ
1388 2258 1688 2333 προσώπου
1726 2261 1826 2316 τοῦ
1845 2279 1887 2312 25

219 2341 422 2416 πατρὸς
462 2345 555 2400 καὶ
594 2347 733 2401 θεοῦ
774 2346 886 2401 τῶν
923 2342 1071 2403 ὅλων
1119 2348 1358 2415 λέγοιτο,
1409 2342 1506 2400 τὸν
1549 2346 1824 2416 μονογενῆ

218 2432 318 2484 τοῦ
357 2431 496 2485 θεοῦ
535 2426 701 2499 λόγον
740 2423 1044 2500 ὑποφαίνοι
1084 2423 1173 2500 ἂν,
1227 2426 1300 2494 ὡς
1338 2424 1409 2484 ἂν
1449 2423 1576 2483 υίόν
1628 2430 1687 2483 ἐκ
1724 2432 1822 2483 τοῦ

218 2509 423 2584 πατρὸς
463 2507 788 2584 ὑφεστῶτα,
831 2509 956 2568 ἀλλ’
1003 2508 1068 2570 οὗ
1110 2511 1246 2568 κατὰ
1286 2509 1589 2584 προβολὴν,
1621 2507 1655 2583 ἢ
1686 2508 1824 2567 κατὰ

218 2600 510 2668 διαίρεσιν,
542 2592 576 2667 ἢ
605 2594 797 2668 τομὴν,
828 2591 862 2668 ἢ
892 2602 1142 2669 μείωσιν,
1170 2592 1204 2669 ἢ
1235 2594 1373 2651 κατά
1401 2619 1453 2651 τι
1482 2598 1595 2651 τῶν
1619 2597 1679 2651 ἐν
1709 2592 1821 2650 στό-

215 2697 383 2749 μασιν
411 2677 871 2751 ὑπονοουμένων’
924 2677 1099 2752 ἀσεβῆ
1127 2677 1233 2752 γάρ
1263 2684 1436 2735 ταῦτα
1467 2680 1559 2735 καὶ
1589 2676 1819 2751 πάμπαν
1841 2697 1883 2730 30

328 2872 381 2911 23
410 2870 570 2913 Ioann.
597 2873 635 2923 1,
661 2873 698 2914 1.
