1992 3186
548 106 855 148 DEMONST.
883 106 1105 150 EVANG.
1135 108 1213 150 1v.
1246 109 1313 149 15.
1652 105 1758 157 245

144 237 327 298 χρϊσιν
359 225 689 296 ἐνομοθέτει.
738 228 818 280 12.
852 221 883 280 ὅ
911 246 975 295 γε
1004 222 1116 297 μὴν
1137 220 1348 296 ὑψηλὸς
1375 223 1468 279 καὶ
1493 225 1553 279 ἐν
1583 219 1759 295 άπορ-

143 307 325 382 ρήτοις
358 307 697 380 δηλούμενος
729 305 916 364 αὐτῶν
946 306 1134 380 λόγος,
1179 305 1251 373 ὡς
1284 305 1528 364 δυνατὸν
1560 312 1756 377 εἰπεῖν,

141 390 405 464 τοιαύτην
437 391 548 464 εἶχε
580 390 862 463 διάνοιαν,
908 392 968 448 τὸ
999 392 1171 464 μόνον
1201 389 1422 464 άγαθόν
1463 392 1554 447 καὶ
1585 389 1758 463 μόνον

143 500 216 543 ως
247 476 471 548 ἀληθῶς
516 473 723 542 εὐῶδες
766 478 858 534 καὶ
887 483 1102 550 τίμιον,
1145 479 1238 533 καὶ
1277 474 1454 548 πάσης
1485 498 1588 548 μεν
1620 478 1757 546 ζωῆς

100 583 120 615 5
145 570 342 632 αἴτιον,
374 564 507 617 πᾶσι
540 561 600 617 δὲ
631 558 739 618 σῦν
769 564 844 637 τῷ
878 560 1020 619 εἶναι
1045 564 1136 617 καὶ
1166 558 1226 617 τὸ
1253 561 1313 617 εὐ
1340 560 1482 618 εἶναι
1509 564 1755 634 δεδωρη-

139 649 335 718 μένον,
391 650 454 702 ἓν
504 644 664 702 τοῦθ’
719 644 748 701 ὁ
791 643 921 720 παρ’
969 645 1241 747 Ἑβραίοις
1281 644 1440 716 λόγος
1492 642 1758 716 ἠπίστατο

139 734 360 804 πρῶτον
390 732 502 786 τῶν
533 726 679 786 ὅλων
710 739 918 801 αἴτιον,
962 728 1133 786 αὐτὸν
1165 728 1234 800 δὴ
1272 727 1369 785 τὸν
1399 726 1636 796 ῦψιστον
1667 730 1758 784 καὶ

141 814 490 886 παμβασιλεα
519 816 632 869 τῶν
662 811 924 870 ἁπάντων
953 812 1293 921 δημιουργὸν
1323 811 1476 869 θεόν.
1525 816 1606 869 13.
1633 811 1759 869 τού-

139 921 239 954 του
273 897 341 968 δὴ
371 897 475 954 οῦν
505 896 609 968 τὴν
638 900 893 969 παναλκῆ
933 900 1026 954 καὶ
1066 896 1400 970 πανάγαθον
1431 899 1522 953 καὶ
1554 895 1758 963 παντὸς

82 1003 120 1035 ιο
144 983 318 1039 καλοῦ
346 980 584 1055 χορηγὸν
613 985 709 1053 τῆς
739 979 1003 1038 ἀνωτάτω
1035 984 1126 1038 καὶ
1156 978 1464 1054 άγεννήτου
1496 978 1759 1052 θεότητος

143 1063 386 1138 δύναμιν
415 1063 474 1121 τὸ
505 1075 667 1122 θεῖον
695 1069 914 1138 πνεῦμα
955 1072 1144 1141 οἰκείῳ
1175 1068 1266 1122 καὶ
1308 1079 1591 1139 προσφυεῖ
1620 1086 1758 1138 συμ-

140 1148 318 1221 βαλὸν
347 1154 752 1223 παραδείγματι
783 1156 969 1208 ἔλαιον
999 1153 1140 1208 θεοῦ
1169 1147 1598 1223 προσαγορεύει·
1645 1147 1758 1205 διό-

140 1255 244 1306 περ
274 1234 517 1308 Χριστὸν
546 1236 639 1291 καὶ
669 1231 1003 1307 ἠλειμμένον
1033 1233 1131 1292 τὸν
1162 1233 1331 1306 αὐτῆς
1362 1237 1593 1307 μέτοχον
1625 1229 1756 1290 άπο-

142 1325 312 1375 καλεῖ.
369 1322 449 1375 14.
483 1325 670 1376 ἔλαιον
702 1320 763 1376 δὲ
793 1318 866 1393 μὴ
897 1319 993 1376 τὸν
1016 1320 1202 1377 οἶκτον
1234 1321 1295 1375 ἐν
1324 1316 1538 1384 τούτοις
1570 1315 1757 1389 ἄκουε,

78 1420 119 1453 15
141 1403 283 1474 μηδὲ
311 1401 414 1474 τὴν
444 1404 534 1458 ἐπὶ
563 1417 676 1468 τοῖς
708 1407 1093 1477 δυσπραγοῦσι
1117 1401 1319 1475 λύπην,
1351 1399 1472 1459 ἀλλ’
1507 1400 1536 1458 ὃ
1567 1398 1594 1458 ὁ
1630 1426 1760 1472 καρ-

142 1485 244 1552 πὸς
287 1489 385 1543 τοῦ
426 1491 605 1558 φυτοῦ
651 1493 977 1559 παρίστησι,
1017 1487 1078 1544 τὸ
1126 1486 1305 1559 πάσης
1351 1485 1542 1560 ἀμιγὲς
1582 1485 1759 1559 ὑγρᾶς

147 1568 304 1641 ὕλης,
338 1570 517 1642 φωτὸς
549 1568 869 1642 αὐξητικὸν,
903 1569 1092 1628 πόνων
1122 1571 1554 1643 θεραπευτικὸν,
1587 1569 1759 1642 καμά-

141 1677 253 1711 των
292 1650 729 1726 άπαλλακτικὸν,
772 1654 831 1711 τὸ
871 1659 984 1712 τῶν
1025 1657 1482 1727 ἐπαλειψαμένων
1521 1658 1761 1726 φαιδρο-

141 1735 332 1808 ποιόν,
375 1735 556 1809 φωτὸς
602 1743 766 1810 δίκην
807 1735 1146 1811 ἀποστίλβον
1185 1753 1307 1806 ταῖς
1354 1751 1760 1813 μαρμαρυγαῖς,

78 1841 119 1873 20
144 1825 346 1893 διαυγῆ
377 1845 435 1878 τε
465 1824 557 1879 καὶ
588 1822 848 1896 λαμπράν
887 1827 999 1880 τῶν
1040 1824 1188 1900 αὐτῷ
1229 1825 1532 1898 χρωμένων
1562 1819 1762 1879 ἀποτε-

142 1908 277 1962 λοῦν
305 1904 408 1977 τὴν
445 1903 610 1978 ὄψιν,
653 1904 684 1963 ὅ
723 1925 897 1979 φησιν
926 1903 959 1979 ἡ
999 1914 1132 1965 θειά
1161 1907 1348 1982 γραφὴ
1378 1907 1520 1964 “τοῦ
1565 1908 1759 1980 ἱλαρῦ-

142 2013 236 2046 ναι
256 1988 554 2063 πρόσωπον
569 1993 630 2047 ἐν
659 1988 884 2067 ἐλαίω.”
935 1995 1016 2049 15.
1033 1990 1208 2068 τούτῳ
1232 1995 1530 2066 τοιγαροῦν
1550 1989 1579 2048 ὁ
1601 1989 1759 2062 λόγος

140 2071 242 2145 τὴν
264 2070 526 2131 ἀνωτάτω
549 2078 647 2132 τοῦ
676 2075 1055 2148 πανηγεμόνος
1080 2079 1172 2133 καὶ
1197 2079 1591 2151 παμβασιλέως
1614 2079 1754 2132 θεοῦ

143 2156 385 2231 δύναμιν
407 2158 711 2231 συμβαλών
734 2162 812 2236 τῷ
833 2166 1240 2234 παραδείγματι
1255 2208 1270 2235 ,
1301 2162 1397 2220 τὸν
1423 2164 1643 2234 πρῶτον
1667 2161 1758 2215 καὶ

80 2261 121 2294 25
142 2239 315 2314 μόνον
343 2241 454 2319 ὅλῳ
482 2242 660 2320 τούτῳ
688 2246 1020 2317 χρισθέντα,
1054 2247 1146 2301 καὶ
1168 2249 1264 2318 τῆς
1295 2249 1492 2317 θεϊκῆς
1524 2246 1615 2301 καὶ
1647 2246 1756 2299 πά-

142 2345 234 2383 σιν
264 2324 643 2398 άκοινωνήτου
674 2331 940 2401 πατρικῆς
973 2326 1210 2397 εὐωδίας
1239 2327 1632 2405 μετειληφότα,
1665 2329 1758 2383 καὶ

143 2408 315 2481 μόνον
356 2414 409 2478 ἐξ
451 2410 625 2469 αὐτοῦ
664 2415 1010 2486 γεννηθέντα
1056 2415 1197 2471 θεὸν
1233 2415 1426 2488 λόγον,
1468 2414 1667 2486 μετοχῇ
1697 2432 1756 2466 τε

143 2497 242 2550 τοῦ
273 2494 643 2567 γεννήσαντος
674 2494 981 2568 άγεννήτου
1012 2499 1104 2554 καὶ
1135 2500 1357 2571 πρώτου
1389 2500 1479 2555 καὶ
1509 2501 1756 2569 μείζονος

144 2574 282 2633 θεὸν
313 2581 373 2633 ἐκ
401 2583 540 2636 θεοῦ
571 2577 1003 2652 άποφανθέντα,
1035 2584 1279 2653 Χριστὸν
1302 2585 1393 2639 καὶ
1424 2578 1756 2653 ἠλειμμένον

81 2679 122 2714 30
145 2656 464 2719 ἀπεκάλεσε.
529 2665 614 2721 διὸ
643 2667 736 2722 καὶ
769 2667 828 2722 ἐν
866 2674 1115 2738 Ψαλμοῖς
1157 2667 1291 2739 πρὸς
1326 2663 1497 2723 αὐτὸν
1530 2661 1598 2734 δὴ
1627 2665 1758 2718 τοῦ-

258 2857 309 2896 21
342 2856 419 2898 Ps.
446 2858 540 2908 103,
566 2857 631 2899 15.
