<?xml version="1.0" encoding="UTF-8"?>
<!DOCTYPE html PUBLIC "-//W3C//DTD XHTML 1.0 Transitional//EN"
    "http://www.w3.org/TR/xhtml1/DTD/xhtml1-transitional.dtd">
<html xmlns="http://www.w3.org/1999/xhtml" xml:lang="en" lang="en">
 <head>
  <title>
</title>
<meta http-equiv="Content-Type" content="text/html;charset=utf-8" />
  <meta name='ocr-system' content='tesseract 3.04.00' />
  <meta name='ocr-capabilities' content='ocr_page ocr_carea ocr_par ocr_line ocrx_word'/>
</head>
<body>
  <div class='ocr_page' id='page_1' title='image "./operaeusebius03euseuoft_0120.png"; bbox 0 0 1946 3158; ppageno 0'>
   <div class='ocr_carea' id='block_1_1' title="bbox 193 134 1120 187">
    <p class='ocr_par' dir='ltr' id='par_1_1' title="bbox 193 134 1120 187">
     <span class='ocr_line' id='line_1_1' title="bbox 193 134 1120 187; baseline 0.002 -13"><span class='ocrx_word' id='word_1_1' title='bbox 193 135 262 187; x_wconf 77' lang='lat'><em>96</em></span> <span class='ocrx_word' id='word_1_2' title='bbox 873 134 1120 176; x_wconf 81' lang='lat' dir='ltr'>EUSEBH</span> 
     </span>
    </p>
   </div>
   <div class='ocr_carea' id='block_1_2' title="bbox 107 249 1870 2692">
    <p class='ocr_par' dir='ltr' id='par_1_2' title="bbox 194 249 1801 410">
     <span class='ocr_line' id='line_1_2' title="bbox 194 249 1801 325; baseline 0.001 -18"><span class='ocrx_word' id='word_1_3' title='bbox 194 249 518 318; x_wconf 76' lang='grc' dir='ltr'><em>ὑποθέσεως</em></span> <span class='ocrx_word' id='word_1_4' title='bbox 558 253 938 325; x_wconf 83' lang='grc' dir='ltr'><em>προφητειῶν,</em></span> <span class='ocrx_word' id='word_1_5' title='bbox 979 264 1098 317; x_wconf 77' lang='grc' dir='ltr'><em>ταῖς</em></span> <span class='ocrx_word' id='word_1_6' title='bbox 1137 257 1566 323; x_wconf 88' lang='grc' dir='ltr'><em>παρατεθείσαις</em></span> <span class='ocrx_word' id='word_1_7' title='bbox 1595 276 1801 325; x_wconf 80' lang='grc' dir='ltr'><em>μαρτυ-</em></span> 
     </span>
     <span class='ocr_line' id='line_1_3' title="bbox 195 328 1801 410; baseline 0.001 -18"><span class='ocrx_word' id='word_1_8' title='bbox 195 342 338 407; x_wconf 89' lang='grc' dir='ltr'><em>ρίαις</em></span> <span class='ocrx_word' id='word_1_9' title='bbox 349 333 816 410; x_wconf 75' lang='grc' dir='ltr'><em>ἀρκεσθησόμεθα</em></span> <span class='ocrx_word' id='word_1_10' title='bbox 830 334 1069 391; x_wconf 72' lang='grc' dir='ltr'><em>καὶκατὰ</em></span> <span class='ocrx_word' id='word_1_11' title='bbox 1091 334 1286 408; x_wconf 85' lang='grc' dir='ltr'><em>καιρὸν</em></span> <span class='ocrx_word' id='word_1_12' title='bbox 1305 328 1471 404; x_wconf 77' lang='grc' dir='ltr'><em>αὖθις</em></span> <span class='ocrx_word' id='word_1_13' title='bbox 1493 333 1801 409; x_wconf 74' lang='grc' dir='ltr'><em>ἀναλαβόν-</em></span> 
     </span>
    </p>

    <p class='ocr_par' dir='ltr' id='par_1_3' title="bbox 148 415 1870 1509">
     <span class='ocr_line' id='line_1_4' title="bbox 148 415 1800 493; baseline -0.001 -14"><span class='ocrx_word' id='word_1_14' title='bbox 148 448 171 480; x_wconf 77' lang='lat' dir='ltr'>d</span> <span class='ocrx_word' id='word_1_15' title='bbox 193 444 281 487; x_wconf 87' lang='grc' dir='ltr'><em>τες</em></span> <span class='ocrx_word' id='word_1_16' title='bbox 295 423 703 493; x_wconf 81' lang='grc' dir='ltr'><em>ἐξομαλίσομεν,</em></span> <span class='ocrx_word' id='word_1_17' title='bbox 725 415 1024 492; x_wconf 79' lang='grc' dir='ltr'><em>ἡγούμενοι</em></span> <span class='ocrx_word' id='word_1_18' title='bbox 1046 421 1180 487; x_wconf 83' lang='grc' dir='ltr'><em>τέως</em></span> <span class='ocrx_word' id='word_1_19' title='bbox 1204 422 1458 489; x_wconf 80' lang='grc' dir='ltr'><em>δαψιλέσι</em></span> <span class='ocrx_word' id='word_1_20' title='bbox 1485 434 1604 487; x_wconf 80' lang='grc' dir='ltr'><em>ταῖς</em></span> <span class='ocrx_word' id='word_1_21' title='bbox 1624 423 1800 488; x_wconf 83' lang='grc' dir='ltr'><em>λέξεσι</em></span> 
     </span>
     <span class='ocr_line' id='line_1_5' title="bbox 196 501 1801 578; baseline 0 -16"><span class='ocrx_word' id='word_1_22' title='bbox 196 507 287 562; x_wconf 82' lang='grc' dir='ltr'><em>καὶ</em></span> <span class='ocrx_word' id='word_1_23' title='bbox 317 519 436 570; x_wconf 79' lang='grc' dir='ltr'><em>ταῖς</em></span> <span class='ocrx_word' id='word_1_24' title='bbox 475 501 582 560; x_wconf 77' lang='grc' dir='ltr'><em>ἀπὸ</em></span> <span class='ocrx_word' id='word_1_25' title='bbox 622 502 835 561; x_wconf 84' lang='grc' dir='ltr'><em>τούτων</em></span> <span class='ocrx_word' id='word_1_26' title='bbox 875 510 1202 576; x_wconf 78' lang='grc' dir='ltr'><em>μαρτυρίαις</em></span> <span class='ocrx_word' id='word_1_27' title='bbox 1242 507 1565 578; x_wconf 80' lang='grc' dir='ltr'><em>κεχρημένοι</em></span> <span class='ocrx_word' id='word_1_28' title='bbox 1599 509 1801 572; x_wconf 78' lang='grc' dir='ltr'><em>ίκανώς</em></span> 
     </span>
     <span class='ocr_line' id='line_1_6' title="bbox 194 586 1845 662; baseline 0.001 -16"><span class='ocrx_word' id='word_1_29' title='bbox 194 586 612 661; x_wconf 81' lang='grc' dir='ltr'><em>ἆποδεδειχέναι</em></span> <span class='ocrx_word' id='word_1_30' title='bbox 642 588 819 661; x_wconf 72' lang='grc' dir='ltr'><em>μηδὲν</em></span> <span class='ocrx_word' id='word_1_31' title='bbox 848 589 1017 645; x_wconf 82' lang='grc' dir='ltr'><strong><em>πλέον</em></strong></span> <span class='ocrx_word' id='word_1_32' title='bbox 1049 594 1193 662; x_wconf 80' lang='grc' dir='ltr'><em>ἔχειν</em></span> <span class='ocrx_word' id='word_1_33' title='bbox 1215 591 1519 657; x_wconf 82' lang='grc' dir='ltr'><em>Ἰουδαίους</em></span> <span class='ocrx_word' id='word_1_34' title='bbox 1549 593 1662 648; x_wconf 82' lang='grc' dir='ltr'><em>τών</em></span> <span class='ocrx_word' id='word_1_35' title='bbox 1692 598 1802 647; x_wconf 86' lang='grc' dir='ltr'><em>λοι·</em></span> <span class='ocrx_word' id='word_1_36' title='bbox 1825 607 1845 640; x_wconf 86' lang='grc'>5</span> 
     </span>
     <span class='ocr_line' id='line_1_7' title="bbox 195 670 1803 748; baseline 0 -18"><span class='ocrx_word' id='word_1_37' title='bbox 195 676 317 730; x_wconf 77' lang='grc' dir='ltr'><em>πῶν</em></span> <span class='ocrx_word' id='word_1_38' title='bbox 350 675 551 730; x_wconf 79' lang='grc' dir='ltr'><em>ἐθνῶν.</em></span> <span class='ocrx_word' id='word_1_39' title='bbox 607 677 689 729; x_wconf 83' lang='lat'><em>30.</em></span> <span class='ocrx_word' id='word_1_40' title='bbox 726 681 834 729; x_wconf 80' lang='grc' dir='ltr'><em>εἴτε</em></span> <span class='ocrx_word' id='word_1_41' title='bbox 859 670 963 746; x_wconf 72' lang='grc' dir='ltr'><em>γὰρ</em></span> <span class='ocrx_word' id='word_1_42' title='bbox 991 676 1087 745; x_wconf 82' lang='grc' dir='ltr'><em>τῆς</em></span> <span class='ocrx_word' id='word_1_43' title='bbox 1110 675 1210 730; x_wconf 90' lang='grc' dir='ltr'><em>τοῦ</em></span> <span class='ocrx_word' id='word_1_44' title='bbox 1231 678 1533 747; x_wconf 80' lang='grc' dir='ltr'><em>θεοφιλοῦς</em></span> <span class='ocrx_word' id='word_1_45' title='bbox 1559 671 1803 748; x_wconf 81' lang='grc' dir='ltr'><em>Ἀβραὰμ</em></span> 
     </span>
     <span class='ocr_line' id='line_1_8' title="bbox 197 754 1805 831; baseline 0.001 -17"><span class='ocrx_word' id='word_1_46' title='bbox 197 754 452 829; x_wconf 76' lang='grc' dir='ltr'><em>εὐλογίας</em></span> <span class='ocrx_word' id='word_1_47' title='bbox 495 756 700 831; x_wconf 84' lang='grc' dir='ltr'><em>μόνους</em></span> <span class='ocrx_word' id='word_1_48' title='bbox 745 754 946 824; x_wconf 78' lang='grc' dir='ltr'><em>αὐτούς</em></span> <span class='ocrx_word' id='word_1_49' title='bbox 990 776 1163 830; x_wconf 86' lang='grc' dir='ltr'><em>φασιν</em></span> <span class='ocrx_word' id='word_1_50' title='bbox 1206 756 1680 825; x_wconf 17' lang='grc' dir='ltr'><em>εἷναιᾼκοινωνοῦς</em></span> <span class='ocrx_word' id='word_1_51' title='bbox 1713 758 1805 815; x_wconf 79' lang='grc' dir='ltr'><em>διὰ</em></span> 
     </span>
     <span class='ocr_line' id='line_1_9' title="bbox 194 839 1806 915; baseline 0.002 -17"><span class='ocrx_word' id='word_1_52' title='bbox 194 841 253 898; x_wconf 86' lang='grc' dir='ltr'><em>τὸ</em></span> <span class='ocrx_word' id='word_1_53' title='bbox 288 845 341 909; x_wconf 81' lang='grc' dir='ltr'><em>ἐξ</em></span> <span class='ocrx_word' id='word_1_54' title='bbox 373 840 545 900; x_wconf 80' lang='grc' dir='ltr'><em>αὐτοῦ</em></span> <span class='ocrx_word' id='word_1_55' title='bbox 575 839 836 914; x_wconf 75' lang='grc' dir='ltr'><em>κατάγειν</em></span> <span class='ocrx_word' id='word_1_56' title='bbox 865 840 925 898; x_wconf 89' lang='grc' dir='ltr'>τὸ</span> <span class='ocrx_word' id='word_1_57' title='bbox 956 844 1114 915; x_wconf 85' lang='grc' dir='ltr'><em>γένος</em></span> <span class='ocrx_word' id='word_1_58' title='bbox 1131 859 1148 883; x_wconf 86' lang='grc'><em>“-</em></span> <span class='ocrx_word' id='word_1_59' title='bbox 1187 839 1325 899; x_wconf 76' lang='grc' dir='ltr'><em>ἀλλὰ</em></span> <span class='ocrx_word' id='word_1_60' title='bbox 1346 844 1438 899; x_wconf 85' lang='grc' dir='ltr'><em>καὶ</em></span> <span class='ocrx_word' id='word_1_61' title='bbox 1468 856 1581 910; x_wconf 81' lang='grc' dir='ltr'><em>τοῖς</em></span> <span class='ocrx_word' id='word_1_62' title='bbox 1613 849 1806 901; x_wconf 82' lang='grc' dir='ltr'><em>ἔθνεσι</em></span> 
     </span>
     <span class='ocr_line' id='line_1_10' title="bbox 194 923 1806 1004; baseline 0.001 -21"><span class='ocrx_word' id='word_1_63' title='bbox 194 929 290 999; x_wconf 82' lang='grc' dir='ltr'><em>τῆς</em></span> <span class='ocrx_word' id='word_1_64' title='bbox 331 935 454 999; x_wconf 78' lang='grc' dir='ltr'><em>ἴσης</em></span> <span class='ocrx_word' id='word_1_65' title='bbox 494 929 571 1002; x_wconf 75' lang='grc' dir='ltr'><em>τῷ</em></span> <span class='ocrx_word' id='word_1_66' title='bbox 593 925 840 999; x_wconf 80' lang='grc' dir='ltr'><em>Ἀβραὰμ</em></span> <span class='ocrx_word' id='word_1_67' title='bbox 880 923 947 983; x_wconf 79' lang='grc' dir='ltr'><em>οὐ</em></span> <span class='ocrx_word' id='word_1_68' title='bbox 978 925 1183 1000; x_wconf 91' lang='grc' dir='ltr'><em>μόνον,</em></span> <span class='ocrx_word' id='word_1_69' title='bbox 1230 926 1369 984; x_wconf 74' lang='grc' dir='ltr'><em>ἀλλὰ</em></span> <span class='ocrx_word' id='word_1_70' title='bbox 1399 930 1490 985; x_wconf 87' lang='grc' dir='ltr'><em>καὶ</em></span> <span class='ocrx_word' id='word_1_71' title='bbox 1520 931 1601 1004; x_wconf 71' lang='grc' dir='ltr'><em>τῷ</em></span> <span class='ocrx_word' id='word_1_72' title='bbox 1623 924 1806 986; x_wconf 73' lang='grc' dir='ltr'><em>Ἰσαάκ</em></span> 
     </span>
     <span class='ocr_line' id='line_1_11' title="bbox 196 1007 1868 1089; baseline 0 -20"><span class='ocrx_word' id='word_1_73' title='bbox 196 1013 288 1069; x_wconf 88' lang='grc' dir='ltr'><em>καὶ</em></span> <span class='ocrx_word' id='word_1_74' title='bbox 310 1015 385 1088; x_wconf 80' lang='grc' dir='ltr'><em>τῷ</em></span> <span class='ocrx_word' id='word_1_75' title='bbox 412 1009 605 1083; x_wconf 77' lang='grc' dir='ltr'><em>Ἰακώβ</em></span> <span class='ocrx_word' id='word_1_76' title='bbox 628 1007 884 1083; x_wconf 76' lang='grc' dir='ltr'><em>εὐλογίας</em></span> <span class='ocrx_word' id='word_1_77' title='bbox 907 1010 1249 1084; x_wconf 79' lang='grc' dir='ltr'><em>μεταδώσειν</em></span> <span class='ocrx_word' id='word_1_78' title='bbox 1270 1010 1618 1084; x_wconf 82' lang='grc' dir='ltr'><em>ἐπήγγελται,</em></span> <span class='ocrx_word' id='word_1_79' title='bbox 1653 1017 1804 1086; x_wconf 85' lang='grc' dir='ltr'><em>διαρ-</em></span> <span class='ocrx_word' id='word_1_80' title='bbox 1827 1029 1868 1089; x_wconf 50' lang='lat'><em>{0</em></span> 
     </span>
     <span class='ocr_line' id='line_1_12' title="bbox 196 1091 1805 1169; baseline 0.002 -17"><span class='ocrx_word' id='word_1_81' title='bbox 196 1093 374 1168; x_wconf 87' lang='grc' dir='ltr'><em>ρήδην</em></span> <span class='ocrx_word' id='word_1_82' title='bbox 406 1093 888 1169; x_wconf 85' lang='grc' dir='ltr'><em>εὐλογηθήσεσθαι</em></span> <span class='ocrx_word' id='word_1_83' title='bbox 918 1091 1119 1169; x_wconf 78' lang='grc' dir='ltr'><em>ὁμοίως</em></span> <span class='ocrx_word' id='word_1_84' title='bbox 1151 1093 1336 1163; x_wconf 81' lang='grc' dir='ltr'><em>αὐτοῖς</em></span> <span class='ocrx_word' id='word_1_85' title='bbox 1358 1096 1539 1154; x_wconf 76' lang='grc' dir='ltr'><em>πάντα</em></span> <span class='ocrx_word' id='word_1_86' title='bbox 1569 1097 1635 1153; x_wconf 81' lang='grc' dir='ltr'><em>τὰ</em></span> <span class='ocrx_word' id='word_1_87' title='bbox 1665 1104 1805 1169; x_wconf 85' lang='grc' dir='ltr'><em>ἔθνη</em></span> 
     </span>
     <span class='ocr_line' id='line_1_13' title="bbox 196 1176 1807 1255; baseline 0.001 -19"><span class='ocrx_word' id='word_1_88' title='bbox 196 1180 507 1253; x_wconf 75' lang='grc' dir='ltr'><em>προειπών,</em></span> <span class='ocrx_word' id='word_1_89' title='bbox 550 1181 640 1237; x_wconf 89' lang='grc' dir='ltr'><em>καὶ</em></span> <span class='ocrx_word' id='word_1_90' title='bbox 672 1176 782 1236; x_wconf 78' lang='grc' dir='ltr'><em>ὑπὸ</em></span> <span class='ocrx_word' id='word_1_91' title='bbox 812 1187 946 1253; x_wconf 91' lang='grc' dir='ltr'><em>μίαν</em></span> <span class='ocrx_word' id='word_1_92' title='bbox 976 1182 1068 1237; x_wconf 88' lang='grc' dir='ltr'><em>καὶ</em></span> <span class='ocrx_word' id='word_1_93' title='bbox 1097 1180 1199 1253; x_wconf 90' lang='grc' dir='ltr'><em>τὴν</em></span> <span class='ocrx_word' id='word_1_94' title='bbox 1242 1177 1416 1253; x_wconf 78' lang='grc' dir='ltr'><em>αὐτὴν</em></span> <span class='ocrx_word' id='word_1_95' title='bbox 1448 1179 1807 1255; x_wconf 81' lang='grc' dir='ltr'><em>εὐφροσύνην</em></span> 
     </span>
     <span class='ocr_line' id='line_1_14' title="bbox 196 1262 1806 1338; baseline 0.001 -18"><span class='ocrx_word' id='word_1_96' title='bbox 196 1278 310 1330; x_wconf 83' lang='grc' dir='ltr'><em>τοῖς</em></span> <span class='ocrx_word' id='word_1_97' title='bbox 339 1271 629 1338; x_wconf 83' lang='grc' dir='ltr'><em>μακαρίοις</em></span> <span class='ocrx_word' id='word_1_98' title='bbox 661 1266 753 1322; x_wconf 81' lang='grc' dir='ltr'><em>καὶ</em></span> <span class='ocrx_word' id='word_1_99' title='bbox 782 1267 1072 1337; x_wconf 81' lang='grc' dir='ltr'><em>θεοφιλέσι</em></span> <span class='ocrx_word' id='word_1_100' title='bbox 1103 1267 1195 1322; x_wconf 86' lang='grc' dir='ltr'><em>καὶ</em></span> <span class='ocrx_word' id='word_1_101' title='bbox 1217 1263 1283 1322; x_wconf 73' lang='grc' dir='ltr'><em>τὰ</em></span> <span class='ocrx_word' id='word_1_102' title='bbox 1308 1265 1471 1322; x_wconf 77' lang='grc' dir='ltr'><em>λοιπὰ</em></span> <span class='ocrx_word' id='word_1_103' title='bbox 1503 1272 1643 1338; x_wconf 83' lang='grc' dir='ltr'><em>ἔθνη</em></span> <span class='ocrx_word' id='word_1_104' title='bbox 1674 1262 1806 1323; x_wconf 77' lang='grc' dir='ltr'><em>ἄνα-</em></span> 
     </span>
     <span class='ocr_line' id='line_1_15' title="bbox 197 1345 1808 1423; baseline 0.002 -19"><span class='ocrx_word' id='word_1_105' title='bbox 197 1348 534 1422; x_wconf 89' lang='grc' dir='ltr'><em>καλούμενος</em></span> <span class='ocrx_word' id='word_1_106' title='bbox 587 1348 724 1406; x_wconf 75' lang='grc' dir='ltr'><em>κατὰ</em></span> <span class='ocrx_word' id='word_1_107' title='bbox 774 1348 834 1406; x_wconf 87' lang='grc' dir='ltr'><em>τὸ</em></span> <span class='ocrx_word' id='word_1_108' title='bbox 877 1345 1277 1423; x_wconf 74' lang='grc' dir='ltr'><em>“εῦφροὲνθητε</em></span> <span class='ocrx_word' id='word_1_109' title='bbox 1327 1357 1468 1423; x_wconf 83' lang='grc' dir='ltr'><em>ε”θνη</em></span> <span class='ocrx_word' id='word_1_110' title='bbox 1524 1349 1659 1423; x_wconf 74' lang='grc' dir='ltr'><em>μετὰ</em></span> <span class='ocrx_word' id='word_1_111' title='bbox 1709 1353 1808 1408; x_wconf 85' lang='grc' dir='ltr'><em>τοῦ</em></span> 
     </span>
     <span class='ocr_line' id='line_1_16' title="bbox 198 1430 1870 1509; baseline 0.002 -19"><span class='ocrx_word' id='word_1_112' title='bbox 198 1437 339 1492; x_wconf 85' lang='grc' dir='ltr'><em>λαοῦ</em></span> <span class='ocrx_word' id='word_1_113' title='bbox 369 1430 603 1492; x_wconf 80' lang='grc' dir='ltr'><em>αὐτοῦ·”</em></span> <span class='ocrx_word' id='word_1_114' title='bbox 674 1437 757 1490; x_wconf 79' lang='grc'><em>31.</em></span> <span class='ocrx_word' id='word_1_115' title='bbox 791 1437 884 1492; x_wconf 86' lang='grc' dir='ltr'><em>καὶ</em></span> <span class='ocrx_word' id='word_1_116' title='bbox 907 1430 1205 1508; x_wconf 73' lang='grc' dir='ltr'><em>“ὂῖρχοντες</em></span> <span class='ocrx_word' id='word_1_117' title='bbox 1246 1437 1396 1492; x_wconf 78' lang='grc' dir='ltr'><em>λαῶν</em></span> <span class='ocrx_word' id='word_1_118' title='bbox 1437 1433 1806 1509; x_wconf 87' lang='grc' dir='ltr'><em>συνήχθησαν</em></span> <span class='ocrx_word' id='word_1_119' title='bbox 1829 1450 1870 1483; x_wconf 88' lang='lat'><em>15</em></span> 
     </span>
    </p>

    <p class='ocr_par' dir='ltr' id='par_1_4' title="bbox 107 1516 1869 2272">
     <span class='ocr_line' id='line_1_17' title="bbox 107 1516 1807 1595; baseline -0.001 -16"><span class='ocrx_word' id='word_1_120' title='bbox 107 1545 176 1587; x_wconf 89' lang='lat'><strong>(60)</strong></span> <span class='ocrx_word' id='word_1_121' title='bbox 197 1517 331 1592; x_wconf 76' lang='grc' dir='ltr'><em>μετὰ</em></span> <span class='ocrx_word' id='word_1_122' title='bbox 360 1523 459 1575; x_wconf 90' lang='grc' dir='ltr'><em>τοῦ</em></span> <span class='ocrx_word' id='word_1_123' title='bbox 481 1521 623 1576; x_wconf 85' lang='grc' dir='ltr'><em>θεοῦ</em></span> <span class='ocrx_word' id='word_1_124' title='bbox 645 1516 889 1592; x_wconf 75' lang='grc' dir='ltr'><em>Ἀβραάμ</em></span> <span class='ocrx_word' id='word_1_125' title='bbox 908 1516 955 1544; x_wconf 85' lang='grc'><em>·”</em></span> <span class='ocrx_word' id='word_1_126' title='bbox 1005 1529 1112 1576; x_wconf 76' lang='grc' dir='ltr'><em>εἴτε</em></span> <span class='ocrx_word' id='word_1_127' title='bbox 1138 1521 1227 1576; x_wconf 82' lang='grc' dir='ltr'><em>ἐπὶ</em></span> <span class='ocrx_word' id='word_1_128' title='bbox 1247 1525 1503 1595; x_wconf 80' lang='grc' dir='ltr'><em>βασιλεία</em></span> <span class='ocrx_word' id='word_1_129' title='bbox 1522 1523 1623 1577; x_wconf 85' lang='grc' dir='ltr'><em>τοῦ</em></span> <span class='ocrx_word' id='word_1_130' title='bbox 1648 1526 1807 1592; x_wconf 85' lang='grc' dir='ltr'><em>θεοῦ,</em></span> 
     </span>
     <span class='ocr_line' id='line_1_18' title="bbox 198 1600 1807 1678; baseline 0.001 -18"><span class='ocrx_word' id='word_1_131' title='bbox 198 1602 270 1670; x_wconf 77' lang='grc' dir='ltr'><em>ὡς</em></span> <span class='ocrx_word' id='word_1_132' title='bbox 302 1600 372 1660; x_wconf 72' lang='grc' dir='ltr'><em>ἂν</em></span> <span class='ocrx_word' id='word_1_133' title='bbox 403 1601 574 1660; x_wconf 83' lang='grc' dir='ltr'><em>αὐτοῦ</em></span> <span class='ocrx_word' id='word_1_134' title='bbox 614 1602 900 1676; x_wconf 86' lang='grc' dir='ltr'><em>γεγονότες</em></span> <span class='ocrx_word' id='word_1_135' title='bbox 942 1606 1170 1678; x_wconf 85' lang='grc' dir='ltr'><em>κλῆρος,</em></span> <span class='ocrx_word' id='word_1_136' title='bbox 1212 1603 1608 1678; x_wconf 76' lang='grc' dir='ltr'><em>φρυάττονται·</em></span> <span class='ocrx_word' id='word_1_137' title='bbox 1668 1602 1807 1661; x_wconf 76' lang='grc' dir='ltr'><em>ἀλλὰ</em></span> 
     </span>
     <span class='ocr_line' id='line_1_19' title="bbox 197 1685 1806 1760; baseline 0.001 -16"><span class='ocrx_word' id='word_1_138' title='bbox 197 1689 289 1744; x_wconf 87' lang='grc' dir='ltr'><em>καὶ</em></span> <span class='ocrx_word' id='word_1_139' title='bbox 325 1690 413 1744; x_wconf 80' lang='grc' dir='ltr'><em>ἐπὶ</em></span> <span class='ocrx_word' id='word_1_140' title='bbox 444 1686 624 1745; x_wconf 77' lang='grc' dir='ltr'><em>πάντα</em></span> <span class='ocrx_word' id='word_1_141' title='bbox 653 1687 719 1745; x_wconf 79' lang='grc' dir='ltr'><em>τὰ</em></span> <span class='ocrx_word' id='word_1_142' title='bbox 749 1686 912 1745; x_wconf 78' lang='grc' dir='ltr'><em>λοιπὰ</em></span> <span class='ocrx_word' id='word_1_143' title='bbox 935 1694 1074 1760; x_wconf 85' lang='grc' dir='ltr'><em>ἔθνη</em></span> <span class='ocrx_word' id='word_1_144' title='bbox 1107 1687 1462 1760; x_wconf 83' lang='grc' dir='ltr'><em>βασιλεύσειν</em></span> <span class='ocrx_word' id='word_1_145' title='bbox 1490 1685 1519 1746; x_wconf 85' lang='grc' dir='ltr'>ὁ</span> <span class='ocrx_word' id='word_1_146' title='bbox 1550 1688 1680 1754; x_wconf 85' lang='grc' dir='ltr'><em>θεὸς</em></span> <span class='ocrx_word' id='word_1_147' title='bbox 1710 1700 1806 1747; x_wconf 90' lang='grc' dir='ltr'><em>θε-</em></span> 
     </span>
     <span class='ocr_line' id='line_1_20' title="bbox 197 1769 1806 1846; baseline 0.002 -18"><span class='ocrx_word' id='word_1_148' title='bbox 197 1778 440 1842; x_wconf 83' lang='grc' dir='ltr'><em>σπίζεται</em></span> <span class='ocrx_word' id='word_1_149' title='bbox 472 1769 703 1830; x_wconf 58' lang='lat' dir='ltr'><em>“elatave</em></span> <span class='ocrx_word' id='word_1_150' title='bbox 747 1771 881 1846; x_wconf 76' lang='grc' dir='ltr'><em>γὰρ,</em></span> <span class='ocrx_word' id='word_1_151' title='bbox 923 1773 1124 1846; x_wconf 87' lang='grc' dir='ltr'><em>φησὶν,</em></span> <span class='ocrx_word' id='word_1_152' title='bbox 1173 1775 1234 1829; x_wconf 82' lang='grc' dir='ltr'><em>ἐν</em></span> <span class='ocrx_word' id='word_1_153' title='bbox 1273 1786 1386 1838; x_wconf 82' lang='grc' dir='ltr'><em>τοῖς</em></span> <span class='ocrx_word' id='word_1_154' title='bbox 1426 1778 1680 1846; x_wconf 77' lang='grc' dir='ltr'><em>ἔθνεσιν,</em></span> <span class='ocrx_word' id='word_1_155' title='bbox 1723 1772 1806 1831; x_wconf 81' lang='grc' dir='ltr'><em>ὅτι</em></span> 
     </span>
     <span class='ocr_line' id='line_1_21' title="bbox 197 1852 1869 1930; baseline 0.002 -17"><span class='ocrx_word' id='word_1_156' title='bbox 197 1855 386 1929; x_wconf 87' lang='grc' dir='ltr'><em>κύριος</em></span> <span class='ocrx_word' id='word_1_157' title='bbox 420 1853 812 1929; x_wconf 83' lang='grc' dir='ltr'><em>ἐβασίλευσε·”</em></span> <span class='ocrx_word' id='word_1_158' title='bbox 896 1861 979 1912; x_wconf 77' lang='grc'><em>32.</em></span> <span class='ocrx_word' id='word_1_159' title='bbox 1014 1858 1106 1912; x_wconf 85' lang='grc' dir='ltr'><em>καὶ</em></span> <span class='ocrx_word' id='word_1_160' title='bbox 1144 1855 1313 1916; x_wconf 75' lang='grc' dir='ltr'><em>πάλιν</em></span> <span class='ocrx_word' id='word_1_161' title='bbox 1345 1852 1746 1930; x_wconf 82' lang='grc' dir='ltr'><em>“ε’βασίλευσεν</em></span> <span class='ocrx_word' id='word_1_162' title='bbox 1775 1854 1869 1916; x_wconf 73' lang='lat'><strong>(320</strong></span> 
     </span>
     <span class='ocr_line' id='line_1_22' title="bbox 197 1938 1807 2016; baseline 0.002 -19"><span class='ocrx_word' id='word_1_163' title='bbox 197 1940 329 2006; x_wconf 87' lang='grc' dir='ltr'><em>θεὸς</em></span> <span class='ocrx_word' id='word_1_164' title='bbox 363 1942 450 1997; x_wconf 85' lang='grc' dir='ltr'><em>ε’πὶ</em></span> <span class='ocrx_word' id='word_1_165' title='bbox 480 1939 659 1998; x_wconf 76' lang='grc' dir='ltr'><em>πάντα</em></span> <span class='ocrx_word' id='word_1_166' title='bbox 688 1939 754 1996; x_wconf 74' lang='grc' dir='ltr'><em>τὰ</em></span> <span class='ocrx_word' id='word_1_167' title='bbox 786 1946 927 2011; x_wconf 82' lang='grc' dir='ltr'><em>ἔθνη</em></span> <span class='ocrx_word' id='word_1_168' title='bbox 942 1938 981 1965; x_wconf 83' lang='grc'><em>·”</em></span> <span class='ocrx_word' id='word_1_169' title='bbox 1032 1949 1142 1997; x_wconf 78' lang='grc' dir='ltr'><em>εἴτε</em></span> <span class='ocrx_word' id='word_1_170' title='bbox 1174 1944 1261 1998; x_wconf 84' lang='grc' dir='ltr'><em>ἐπὶ</em></span> <span class='ocrx_word' id='word_1_171' title='bbox 1281 1939 1340 1999; x_wconf 86' lang='grc' dir='ltr'>τὸ</span> <span class='ocrx_word' id='word_1_172' title='bbox 1374 1946 1686 2016; x_wconf 78' lang='grc' dir='ltr'><em>ἱερουργεῖν</em></span> <span class='ocrx_word' id='word_1_173' title='bbox 1716 1945 1807 2000; x_wconf 84' lang='grc' dir='ltr'><em>καὶ</em></span> 
     </span>
     <span class='ocr_line' id='line_1_23' title="bbox 197 2022 1808 2101; baseline 0.003 -21"><span class='ocrx_word' id='word_1_174' title='bbox 197 2028 272 2100; x_wconf 80' lang='grc' dir='ltr'><em>τῷ</em></span> <span class='ocrx_word' id='word_1_175' title='bbox 303 2027 423 2101; x_wconf 74' lang='grc' dir='ltr'><em>θεῷ</em></span> <span class='ocrx_word' id='word_1_176' title='bbox 452 2022 742 2097; x_wconf 83' lang='grc' dir='ltr'><em>λατρεύειν</em></span> <span class='ocrx_word' id='word_1_177' title='bbox 773 2027 1079 2098; x_wconf 80' lang='grc' dir='ltr'><em>ἐξειλέχθαι</em></span> <span class='ocrx_word' id='word_1_178' title='bbox 1108 2023 1310 2093; x_wconf 72' lang='grc' dir='ltr'><em>αὐτοὺς</em></span> <span class='ocrx_word' id='word_1_179' title='bbox 1341 2040 1526 2100; x_wconf 80' lang='grc' dir='ltr'><em>φαῖεν,</em></span> <span class='ocrx_word' id='word_1_180' title='bbox 1563 2030 1808 2086; x_wconf 80' lang='grc' dir='ltr'><em>δεικτέον</em></span> 
     </span>
     <span class='ocr_line' id='line_1_24' title="bbox 199 2105 1817 2185; baseline 0.003 -20"><span class='ocrx_word' id='word_1_181' title='bbox 199 2105 271 2176; x_wconf 81' lang='grc' dir='ltr'><em>ώς</em></span> <span class='ocrx_word' id='word_1_182' title='bbox 302 2110 394 2165; x_wconf 79' lang='grc' dir='ltr'><em>καὶ</em></span> <span class='ocrx_word' id='word_1_183' title='bbox 414 2123 527 2175; x_wconf 80' lang='grc' dir='ltr'><em>τοῖς</em></span> <span class='ocrx_word' id='word_1_184' title='bbox 550 2115 741 2167; x_wconf 83' lang='grc' dir='ltr'><em>ἔθνεσι</em></span> <span class='ocrx_word' id='word_1_185' title='bbox 770 2115 866 2182; x_wconf 82' lang='grc' dir='ltr'><em>τῆς</em></span> <span class='ocrx_word' id='word_1_186' title='bbox 892 2116 1012 2181; x_wconf 77' lang='grc' dir='ltr'><em>ἴσης</em></span> <span class='ocrx_word' id='word_1_187' title='bbox 1035 2105 1063 2166; x_wconf 84' lang='grc' dir='ltr'>ὁ</span> <span class='ocrx_word' id='word_1_188' title='bbox 1098 2109 1256 2182; x_wconf 89' lang='grc' dir='ltr'><em>λόγος</em></span> <span class='ocrx_word' id='word_1_189' title='bbox 1276 2110 1618 2184; x_wconf 76' lang='grc' dir='ltr'><em>μεταδώσειν</em></span> <span class='ocrx_word' id='word_1_190' title='bbox 1638 2111 1817 2185; x_wconf 62' lang='grc' dir='ltr'><em>ἐπήγ-</em></span> 
     </span>
     <span class='ocr_line' id='line_1_25' title="bbox 199 2190 1808 2272; baseline 0.002 -22"><span class='ocrx_word' id='word_1_191' title='bbox 199 2200 385 2266; x_wconf 91' lang='grc' dir='ltr'><em>γελται</em></span> <span class='ocrx_word' id='word_1_192' title='bbox 425 2200 726 2267; x_wconf 84' lang='grc' dir='ltr'><em>θεραπείας</em></span> <span class='ocrx_word' id='word_1_193' title='bbox 768 2196 946 2265; x_wconf 84' lang='grc' dir='ltr'><em>λέγων</em></span> <span class='ocrx_word' id='word_1_194' title='bbox 970 2190 1000 2213; x_wconf 79' lang='grc'><strong><em>“</em></strong></span> <span class='ocrx_word' id='word_1_195' title='bbox 1012 2197 1269 2267; x_wconf 82' lang='grc' dir='ltr'><em>ἐνέγκατε</em></span> <span class='ocrx_word' id='word_1_196' title='bbox 1299 2199 1374 2272; x_wconf 78' lang='grc' dir='ltr'><em>τῷ</em></span> <span class='ocrx_word' id='word_1_197' title='bbox 1406 2202 1582 2272; x_wconf 75' lang='grc' dir='ltr'><em>κυρίῳ</em></span> <span class='ocrx_word' id='word_1_198' title='bbox 1613 2201 1676 2254; x_wconf 75' lang='grc' dir='ltr'><em>αἱ</em></span> <span class='ocrx_word' id='word_1_199' title='bbox 1701 2219 1808 2254; x_wconf 90' lang='grc' dir='ltr'><em>πα-</em></span> 
     </span>
    </p>

    <p class='ocr_par' dir='ltr' id='par_1_5' title="bbox 155 2279 1870 2692">
     <span class='ocr_line' id='line_1_26' title="bbox 155 2279 1870 2356; baseline 0.001 -20"><span class='ocrx_word' id='word_1_200' title='bbox 155 2305 176 2337; x_wconf 88' lang='lat' dir='ltr'>b</span> <span class='ocrx_word' id='word_1_201' title='bbox 199 2280 346 2351; x_wconf 82' lang='grc' dir='ltr'><em>τριαὶ</em></span> <span class='ocrx_word' id='word_1_202' title='bbox 385 2280 496 2335; x_wconf 81' lang='grc' dir='ltr'><em>τών</em></span> <span class='ocrx_word' id='word_1_203' title='bbox 539 2280 755 2350; x_wconf 81' lang='grc' dir='ltr'><em>ε’θνών,</em></span> <span class='ocrx_word' id='word_1_204' title='bbox 799 2279 1053 2350; x_wconf 75' lang='grc' dir='ltr'><em>ἐνέγκατε</em></span> <span class='ocrx_word' id='word_1_205' title='bbox 1083 2282 1160 2356; x_wconf 74' lang='grc' dir='ltr'><em>τῷ</em></span> <span class='ocrx_word' id='word_1_206' title='bbox 1190 2286 1365 2356; x_wconf 79' lang='grc' dir='ltr'><em>κυρίῳ</em></span> <span class='ocrx_word' id='word_1_207' title='bbox 1399 2279 1566 2348; x_wconf 82' lang='grc' dir='ltr'><em>δόξαν</em></span> <span class='ocrx_word' id='word_1_208' title='bbox 1595 2283 1687 2338; x_wconf 87' lang='grc' dir='ltr'><em>καὶ</em></span> <span class='ocrx_word' id='word_1_209' title='bbox 1718 2305 1799 2337; x_wconf 88' lang='grc' dir='ltr'><em>τι-</em></span> <span class='ocrx_word' id='word_1_210' title='bbox 1829 2296 1870 2329; x_wconf 80' lang='lat'><em>‘25</em></span> 
     </span>
     <span class='ocr_line' id='line_1_27' title="bbox 199 2359 1807 2436; baseline 0.002 -17"><span class='ocrx_word' id='word_1_211' title='bbox 199 2361 323 2434; x_wconf 82' lang='grc' dir='ltr'><em>μήν.</em></span> <span class='ocrx_word' id='word_1_212' title='bbox 387 2359 553 2435; x_wconf 71' lang='grc' dir='ltr'><em>ἄρατε</em></span> <span class='ocrx_word' id='word_1_213' title='bbox 583 2367 815 2434; x_wconf 88' lang='grc' dir='ltr'><em>θυσίας,</em></span> <span class='ocrx_word' id='word_1_214' title='bbox 848 2364 939 2419; x_wconf 85' lang='grc' dir='ltr'><em>καὶ</em></span> <span class='ocrx_word' id='word_1_215' title='bbox 972 2362 1371 2436; x_wconf 84' lang='grc' dir='ltr'><em>εἰσπορεύεσθε</em></span> <span class='ocrx_word' id='word_1_216' title='bbox 1403 2371 1480 2433; x_wconf 87' lang='grc' dir='ltr'><em>εἰς</em></span> <span class='ocrx_word' id='word_1_217' title='bbox 1509 2363 1604 2431; x_wconf 75' lang='grc' dir='ltr'><em>τας</em></span> <span class='ocrx_word' id='word_1_218' title='bbox 1635 2363 1807 2432; x_wconf 74' lang='grc' dir='ltr'><em>αὐλὰς</em></span> 
     </span>
     <span class='ocr_line' id='line_1_28' title="bbox 201 2443 1807 2523; baseline 0.001 -19"><span class='ocrx_word' id='word_1_219' title='bbox 201 2443 432 2504; x_wconf 81' lang='grc' dir='ltr'><em>αῦτοῦ.”</em></span> <span class='ocrx_word' id='word_1_220' title='bbox 515 2452 598 2504; x_wconf 79' lang='lat'><em>33.</em></span> <span class='ocrx_word' id='word_1_221' title='bbox 641 2443 722 2513; x_wconf 80' lang='grc' dir='ltr'><em>οἷς</em></span> <span class='ocrx_word' id='word_1_222' title='bbox 772 2449 864 2504; x_wconf 85' lang='grc' dir='ltr'><em>καὶ</em></span> <span class='ocrx_word' id='word_1_223' title='bbox 903 2445 963 2504; x_wconf 83' lang='grc' dir='ltr'><em>τὸ</em></span> <span class='ocrx_word' id='word_1_224' title='bbox 1013 2445 1162 2521; x_wconf 73' lang='grc' dir='ltr'><em>παρά</em></span> <span class='ocrx_word' id='word_1_225' title='bbox 1201 2452 1275 2523; x_wconf 78' lang='grc' dir='ltr'><em>τῷ</em></span> <span class='ocrx_word' id='word_1_226' title='bbox 1300 2444 1496 2523; x_wconf 40' lang='grc' dir='ltr'><em>(Ησαΐα</em></span> <span class='ocrx_word' id='word_1_227' title='bbox 1539 2448 1807 2519; x_wconf 76' lang='grc' dir='ltr'><em>συνάψεις</em></span> 
     </span>
     <span class='ocr_line' id='line_1_29' title="bbox 203 2529 1808 2612; baseline 0.002 -24"><span class='ocrx_word' id='word_1_228' title='bbox 203 2529 392 2604; x_wconf 91' lang='grc' dir='ltr'><em>λόγιον</em></span> <span class='ocrx_word' id='word_1_229' title='bbox 430 2529 489 2589; x_wconf 87' lang='grc' dir='ltr'>τὸ</span> <span class='ocrx_word' id='word_1_230' title='bbox 531 2536 718 2606; x_wconf 83' lang='grc' dir='ltr'><em>φῆσαν</em></span> <span class='ocrx_word' id='word_1_231' title='bbox 748 2530 939 2589; x_wconf 59' lang='lat' dir='ltr'><em>“gatae</em></span> <span class='ocrx_word' id='word_1_232' title='bbox 969 2531 1373 2605; x_wconf 86' lang='grc' dir='ltr'><em>θυσιαστήριον</em></span> <span class='ocrx_word' id='word_1_233' title='bbox 1412 2537 1488 2610; x_wconf 76' lang='grc' dir='ltr'><em>τῷ</em></span> <span class='ocrx_word' id='word_1_234' title='bbox 1528 2541 1705 2612; x_wconf 73' lang='grc' dir='ltr'><em>κυρίῳ</em></span> <span class='ocrx_word' id='word_1_235' title='bbox 1747 2539 1808 2592; x_wconf 84' lang='grc' dir='ltr'><em>ἐν</em></span> 
     </span>
     <span class='ocr_line' id='line_1_30' title="bbox 203 2614 1807 2692; baseline 0.003 -20"><span class='ocrx_word' id='word_1_236' title='bbox 203 2614 354 2692; x_wconf 78' lang='grc' dir='ltr'><em>χώρᾳ</em></span> <span class='ocrx_word' id='word_1_237' title='bbox 388 2615 706 2690; x_wconf 84' lang='grc' dir='ltr'><em>Αἰγύπτου,</em></span> <span class='ocrx_word' id='word_1_238' title='bbox 740 2665 749 2674; x_wconf 92' lang='grc'><strong>.</strong></span> <span class='ocrx_word' id='word_1_239' title='bbox 788 2666 797 2674; x_wconf 95' lang='grc'><strong>.</strong></span> <span class='ocrx_word' id='word_1_240' title='bbox 835 2665 844 2674; x_wconf 94' lang='grc'><strong>.</strong></span> <span class='ocrx_word' id='word_1_241' title='bbox 882 2665 891 2674; x_wconf 92' lang='grc'><strong>.</strong></span> <span class='ocrx_word' id='word_1_242' title='bbox 936 2619 1027 2674; x_wconf 87' lang='grc' dir='ltr'><em>καὶ</em></span> <span class='ocrx_word' id='word_1_243' title='bbox 1068 2615 1375 2690; x_wconf 75' lang='grc' dir='ltr'><em>γνώσονται</em></span> <span class='ocrx_word' id='word_1_244' title='bbox 1420 2622 1477 2675; x_wconf 76' lang='grc' dir='ltr'><em>οἱ</em></span> <span class='ocrx_word' id='word_1_245' title='bbox 1512 2617 1807 2692; x_wconf 79' lang='grc' dir='ltr'><em>Αἰγύπτιοι</em></span> 
     </span>
    </p>
   </div>
   <div class='ocr_carea' id='block_1_3' title="bbox 207 2754 526 2761">
    <p class='ocr_par' dir='ltr' id='par_1_6' title="bbox 207 2754 526 2761">
     <span class='ocr_line' id='line_1_31' title="bbox 207 2754 526 2761; baseline 0 397"><span class='ocrx_word' id='word_1_246' title='bbox 207 2754 526 2761; x_wconf 95' lang='lat' dir='ltr'><em> </em></span> 
     </span>
    </p>
   </div>
   <div class='ocr_carea' id='block_1_4' title="bbox 203 2838 1804 2948">
    <p class='ocr_par' dir='ltr' id='par_1_7' title="bbox 203 2838 1804 2948">
     <span class='ocr_line' id='line_1_32' title="bbox 318 2838 1804 2890; baseline 0.003 -14"><span class='ocrx_word' id='word_1_247' title='bbox 318 2839 371 2876; x_wconf 88' lang='lat'><em>14</em></span> <span class='ocrx_word' id='word_1_248' title='bbox 400 2838 536 2877; x_wconf 77' lang='lat' dir='ltr'><strong>Deut.</strong></span> <span class='ocrx_word' id='word_1_249' title='bbox 558 2841 626 2890; x_wconf 76' lang='lat'><em>32,</em></span> <span class='ocrx_word' id='word_1_250' title='bbox 650 2840 717 2880; x_wconf 87' lang='lat'><em>43.</em></span> <span class='ocrx_word' id='word_1_251' title='bbox 939 2840 990 2879; x_wconf 84' lang='lat'><em>15</em></span> <span class='ocrx_word' id='word_1_252' title='bbox 1023 2840 1095 2881; x_wconf 87' lang='lat' dir='ltr'><em>Ps.</em></span> <span class='ocrx_word' id='word_1_253' title='bbox 1119 2841 1186 2890; x_wconf 83' lang='lat'><em>47,</em></span> <span class='ocrx_word' id='word_1_254' title='bbox 1211 2842 1252 2880; x_wconf 85' lang='lat'><em>9.</em></span> <span class='ocrx_word' id='word_1_255' title='bbox 1464 2843 1514 2882; x_wconf 87' lang='lat'><em>19</em></span> <span class='ocrx_word' id='word_1_256' title='bbox 1546 2843 1622 2883; x_wconf 87' lang='lat' dir='ltr'><em>Ps.</em></span> <span class='ocrx_word' id='word_1_257' title='bbox 1644 2843 1712 2890; x_wconf 84' lang='lat'><em>96,</em></span> <span class='ocrx_word' id='word_1_258' title='bbox 1739 2843 1804 2882; x_wconf 91' lang='grc'><em>10.</em></span> 
     </span>
     <span class='ocr_line' id='line_1_33' title="bbox 203 2893 1531 2948; baseline 0.005 -16"><span class='ocrx_word' id='word_1_259' title='bbox 203 2894 257 2933; x_wconf 76' lang='lat'><em>20</em></span> <span class='ocrx_word' id='word_1_260' title='bbox 289 2893 363 2936; x_wconf 88' lang='lat' dir='ltr'><em>Ps.</em></span> <span class='ocrx_word' id='word_1_261' title='bbox 387 2895 456 2944; x_wconf 83' lang='lat'><em>47,</em></span> <span class='ocrx_word' id='word_1_262' title='bbox 481 2894 520 2935; x_wconf 85' lang='lat'><em>8.</em></span> <span class='ocrx_word' id='word_1_263' title='bbox 695 2896 749 2935; x_wconf 78' lang='lat'><em>24</em></span> <span class='ocrx_word' id='word_1_264' title='bbox 779 2895 853 2939; x_wconf 79' lang='lat' dir='ltr'><em>Ps,</em></span> <span class='ocrx_word' id='word_1_265' title='bbox 878 2896 947 2942; x_wconf 83' lang='lat'><em>96,</em></span> <span class='ocrx_word' id='word_1_266' title='bbox 972 2898 1010 2936; x_wconf 82' lang='lat'><em>7.</em></span> <span class='ocrx_word' id='word_1_267' title='bbox 1185 2897 1238 2936; x_wconf 82' lang='lat'><em>28</em></span> <span class='ocrx_word' id='word_1_268' title='bbox 1269 2897 1346 2937; x_wconf 72' lang='lat' dir='ltr'><em>Es.</em></span> <span class='ocrx_word' id='word_1_269' title='bbox 1373 2899 1439 2948; x_wconf 84' lang='lat'><em>19,</em></span> <span class='ocrx_word' id='word_1_270' title='bbox 1467 2899 1531 2938; x_wconf 90' lang='grc'><em>19.</em></span> 
     </span>
    </p>
   </div>
  </div>
 </body>
</html>
