1992 3186
556 156 861 197 DEMONST.
891 156 1112 198 EVA-NG.
1143 157 1219 199 VI.
1253 159 1320 196 20.
1636 153 1741 206 405

128 273 255 342 τούς
285 296 344 330 τε
374 272 543 329 πάλαι
577 275 636 328 ἐν
667 270 852 337 αὐτοῖς
885 271 1059 328 πολλὰ
1085 273 1433 343 δυναμένους
1459 274 1739 344 ἐγγαστρι-

131 357 379 432 μύθους,
422 354 591 414 οῦδέν
633 380 686 412 τι
726 359 894 413 πλέον
938 359 990 423 ἐξ
1033 353 1218 412 αὐτῶν
1265 361 1464 428 ἔχουσι.
1539 359 1618 412 19.
1656 354 1740 411 διό

133 461 305 516 φησιν
335 438 364 498 ὁ
395 440 554 512 λόγος
580 436 708 497 “nal
745 439 1153 513 ἐπερωτήσουσι
1184 439 1312 506 τοὺς
1352 439 1520 505 θεοὺς
1557 435 1743 496 αὐτῶν

132 529 222 584 καὶ
253 524 319 583 τὰ
349 523 634 598 ἀγάλματα
666 521 853 581 αὐτῶν
901 527 992 581 καὶ
1032 523 1163 590 τοὺς
1205 521 1739 596 ἐγγαστριμύθους.”

89 637 108 668 5
131 608 252 668 ἀλλ’
287 609 549 682 οὐδεμιᾶς
581 608 714 682 γάρ,
748 611 915 682 φησὶ,
949 608 1232 677 τεύξονται
1263 615 1530 680 βοηθείας
1569 613 1626 665 οἱ
1655 610 1744 665 ἐπὶ

131 695 257 761 τοὺς
310 699 742 767 πεπλανημένως
797 698 1098 759 δοκοῦντας
1143 690 1330 748 αὐτῶν
1383 693 1524 749 εἶναι
1573 692 1743 758 θεοὺς

133 778 606 852 καταφεύγοντες,
637 778 757 835 τότε
788 776 1021 849 μάλιστα
1052 774 1256 842 αὐτοῦς
1286 781 1382 833 τοῦ
1413 780 1556 834 θεοῦ
1585 783 1743 849 κυρί-

74 895 77 901 ’
132 889 212 927 οις
253 871 509 934 σκληροῖς
552 865 642 918 καὶ
685 867 972 933 βασιλεῦσι
1014 859 1446 935 παραδιδόντος,
1502 860 1592 918 ὅτε
1631 874 1744 927 τοῖς

134 954 391 1020 δαίμοσιν
421 945 610 1003 αὑτῶν
639 945 966 1019 πειθόμενοι
1008 948 1098 1002 καὶ
1133 942 1226 1001 ὑπ’
1266 943 1452 1003 αὐτῶν
1486 944 1743 1017 ἐνεργού-

69 1057 109 1088 10
134 1056 289 1106 μενοι
337 1029 463 1097 τοῦς
506 1029 642 1087 κατὰ
679 1035 774 1103 τῆς
818 1034 1107 1103 ἐκκλησίας
1147 1033 1244 1087 τοῦ
1288 1033 1430 1087 θεοῦ
1471 1029 1744 1102 διωγμοὺς

135 1121 531 1188 ἐπεγείρουσιν.
585 1120 669 1177 20.
703 1122 844 1172 ἔνθα
868 1139 958 1187 μοι
983 1113 1079 1171 τὸν
1102 1119 1241 1171 νοῦν
1267 1113 1596 1186 ἐπιστήσεις,
1621 1121 1746 1170 τίνα

134 1199 338 1271 τρόπον
368 1203 524 1272 μέχρι
555 1200 658 1272 μὲν
688 1203 781 1271 τῆς
812 1206 910 1256 τοῦ
942 1204 1185 1271 σωτῆρος
1216 1197 1374 1271 ἡμῶν
1398 1196 1579 1271 Ἰησοῦ
1611 1207 1747 1271 Χρι-

135 1287 267 1340 στοῦ
310 1288 634 1355 ἐπιφανείας
675 1290 897 1349 οἰκείοις
939 1289 1266 1355 βασιλεῦσιν
1299 1288 1454 1349 ἰδίως
1486 1284 1577 1340 καὶ
1609 1281 1740 1339 καθ’

138 1366 343 1438 ἑαυτὴν
374 1372 522 1424 πᾶσα
556 1378 830 1439 Αἴγυπτος
862 1371 1119 1441 κέχρητο,
1154 1371 1214 1424 ἐν
1237 1365 1544 1443 αὐτονομίᾳ
1567 1391 1624 1424 τε
1656 1369 1747 1423 καὶ

73 1478 112 1508 ι5
139 1457 198 1509 ἐν
230 1456 525 1526 ἐλευθερία
556 1457 749 1524 διῆγον
779 1456 836 1508 οἰ
863 1452 1160 1524 Αἰγύπτιοι
1179 1496 1192 1523 ,
1228 1457 1531 1508 δυναστεία
1555 1452 1615 1508 δὲ
1647 1449 1750 1508 αῦ-

135 1541 246 1593 τῶν
279 1539 331 1603 ἐξ
364 1542 563 1601 αἰῶνος
593 1535 775 1609 μακρά
805 1560 884 1602 τις
915 1539 1008 1592 καὶ
1038 1535 1212 1607 πολλὴ
1236 1535 1498 1608 βεβόητο,
1534 1539 1586 1604 ἐξ
1614 1539 1748 1591 ἐκεί-

137 1644 239 1677 νου
270 1644 326 1677 τε
358 1618 581 1689 πρώτου
603 1619 885 1692 Ῥωμαίων
916 1617 1277 1691 Αὐγούστου,
1320 1617 1451 1675 καθ’
1496 1617 1563 1676 ὃν
1591 1616 1620 1675 ὁ
1653 1618 1748 1675 κύ-

138 1728 254 1775 ριος
292 1700 450 1776 ἡμῶν
490 1707 820 1776 γεγέννητο,
867 1706 1278 1777 χειρωσαμένου
1308 1702 1410 1775 τὴν
1442 1713 1750 1775 Αἴγυπτον,

136 1786 372 1859 ὑστάτης
411 1811 469 1844 τε
520 1794 634 1845 τῶν
674 1796 1038 1861 Πτολεμαίων
1087 1786 1444 1858 Κλεοπάτρας
1488 1785 1749 1859 ἁλούσης,

76 1896 116 1928 20
138 1868 246 1928 ὑπὸ
286 1871 387 1944 τὴν
420 1868 699 1945 Ῥωμαίων
742 1871 1038 1944 γεγόνασιν
1079 1875 1335 1940 ἐξουσίαν
1374 1868 1484 1928 ὑπό
1523 1895 1580 1928 τε
1623 1870 1750 1938 τοῦς

139 1953 325 2013 αὐτῶν
365 1955 568 2029 νόμους
608 1958 700 2012 καὶ
744 1955 1108 2030 ἐπιτάγματα,
1149 1962 1244 2028 τῆς
1287 1958 1552 2029 προτέρας
1585 1954 1751 2012 αὐτο-

139 2046 332 2112 νομίας
363 2043 454 2096 καὶ
489 2044 812 2112 ἐλευθερίας
843 2039 1214 2116 ἀφῃρημένοι·
1257 2036 1328 2107 ως
1360 2042 1451 2097 καὶ
1478 2044 1539 2097 ἐν
1570 2038 1747 2116 τούτῳ

140 2122 198 2180 τὸ
230 2123 573 2197 προφητικὸν
605 2124 974 2196 ἐπαληθεύειν
1005 2124 1221 2198 λόγιον,
1254 2127 1380 2197 περὶ
1404 2125 1506 2198 μὲν
1530 2128 1642 2182 τῶν
1676 2131 1751 2191 εἰς

139 2206 264 2275 τούς
306 2207 506 2275 τόπους
548 2212 977 2282 ἐκπεμπομένων
1017 2207 1329 2281 ἐπιτρόπων
1368 2233 1426 2265 τε
1468 2212 1558 2265 καὶ
1587 2207 1750 2282 ἡγου-

79 2313 120 2344 25
142 2295 325 2365 μένων
365 2295 455 2349 καὶ
497 2295 623 2365 περὶ
667 2298 779 2350 τῶν
809 2297 1018 2351 λοιπῶν
1052 2297 1111 2350 ἐν
1140 2295 1295 2367 μέρει
1327 2290 1612 2366 ἀρχόντων
1642 2292 1753 2364 φά-

143 2394 278 2433 σκον
300 2373 431 2433 “καὶ
447 2376 777 2451 »παραδώσω
805 2386 1094 2450 Αἴγυπτον
1119 2384 1194 2443 εἰς
1221 2391 1406 2451 χεῖρας
1430 2375 1753 2448 ἀνθρώπων

145 2466 356 2532 κυρίων
397 2460 706 2561 σκληρων,”
756 2464 881 2534 περὶ
923 2463 982 2518 δε
1021 2486 1134 2518 των
1154 2461 1264 2563 ,τὴν
1305 2458 1437 2518 καθ’
1470 2459 1603 2516 ολου
1638 2465 1751 2516 διε-

146 2541 365 2599 πόντων
405 2541 579 2618 ἀρχὴν
618 2545 678 2602 τὸ
720 2548 853 2617 ἑξῆς.
914 2551 996 2603 21.
1031 2542 1167 2602 ἀνθ’
1202 2537 1268 2601 οὗ
1298 2541 1583 2608 ὁἈκύλας
1613 2546 1751 2616 φησὶ

138 2621 268 2680 “nal
299 2628 558 2697 βασιλεὺς
582 2633 1052 2703 κεκραταιωμένος
1079 2626 1382 2696 ἐξουσιασει
1416 2631 1475 2684 ἐν
1499 2625 1707 2692 αὐτοῖς

83 2731 124 2764 30
146 2704 175 2765 ὁ
210 2709 268 2765 δε
300 2708 649 2784 Σύμμαχος“
659 2715 749 2768 καὶ
782 2713 1040 2784 βασιλεὺς
1073 2711 1293 2785 ἰσχυρὸς
1321 2710 1624 2779 ἐξουσιασει
1657 2708 1750 2768 αύ-

146 2790 315 2850 τῶν.”
393 2791 535 2851 οὕτω
590 2794 657 2868 δὴ
695 2796 797 2867 τὴν
827 2797 1108 2869 Ῥωμαίων
1159 2793 1396 2868 ἡγοῦμαι
1449 2802 1753 2868 κεκλῆσθαι

148 2882 463 2949 βασιλείαν,
494 2875 593 2950 ὑφ’
629 2871 692 2951 ἧς
724 2877 910 2952 ὥσπερ
940 2884 1144 2955 χαλινῷ
1176 2881 1265 2935 καὶ
1301 2884 1484 2957 δεσμῷ
1514 2886 1750 2951 πεπεδη-

1777 2064 1799 2096 d
