1992 3186
508 117 818 162 DEMONST.
846 117 1065 162 EVANG.
1099 118 1200 160 VII.
1232 120 1271 158 2.
1305 121 1345 159 3.
1643 117 1747 170 473

143 234 194 292 δ’
230 232 301 292 ἄν
341 232 619 308 σύμφωνα
660 236 834 291 ταῦτα
863 246 981 301 ταῖς
1011 228 1183 299 οὕτως
1219 230 1472 306 ἐχούσαις
1511 232 1748 308 προρρή-

142 335 313 376 σεσιν.

311 525 443 586 Ἀπὸ
475 531 570 601 τῆς
604 529 865 600 δευτέρας
895 533 1009 585 τῶν
1038 529 1564 601 Παραλειπομένων.
1771 524 1800 582 (ι’

265 654 368 712 ΠΙ..
405 651 462 712 ‘0
504 652 694 726 κύριος
736 652 827 710 διὰ
856 651 1068 711 Νάθαν
1107 659 1204 710 τοῦ
1243 652 1533 727 προφήτου
1577 654 1749 710 ταῦτα

95 769 114 801 5
137 743 212 817 τῷ
243 741 432 810 Δαβὶδ
460 745 711 807 θεσπίζει
742 740 801 795 ἐν
836 739 1068 813 δευτέρᾳ
1091 740 1597 811 Παραλειπομένων
1618 735 1750 795 “ocal

138 829 308 894 ἔσται,
342 822 438 880 ἐὰν
461 824 840 895 πληρωθῶσιν
864 825 926 878 αἰ
943 820 1140 894 ἡμέραι
1163 838 1286 894 σου,
1317 824 1410 878 καὶ
1433 819 1747 896 κοιμηθήσῃ

136 907 271 981 μετὰ
301 913 413 965 τῶν
442 908 697 981 πατέρων
727 926 849 977 σου,
882 907 974 962 καὶ
996 903 1290 978 ἀναστήσω
1320 907 1380 963 τὸ
1403 908 1621 980 σπέρμα
1646 924 1748 964 σου

138 1015 273 1065 μετα
317 992 406 1063 σε,
448 988 507 1057 ὃς
538 997 690 1047 ἔσται
724 991 783 1046 ἐκ
813 992 909 1061 τῆς
938 996 1148 1056 κοιλίας
1179 1007 1310 1063 σου,
1353 993 1446 1047 καὶ
1479 988 1747 1063 ἕτοιμασω

137 1076 239 1148 τὴν
278 1080 568 1147 βασιλείαν
609 1072 797 1131 αὐτοῦ.
868 1072 1032 1140 αὐτὸς
1073 1073 1423 1147 οἰκοδομήσει
1464 1098 1555 1147 μοι
1596 1097 1748 1130 οικον
1771 1095 1859 1137 [⁹181

74 1187 114 1219 10
138 1162 215 1236 τῷ
254 1157 489 1232 ὀνόματί
522 1183 659 1231 μου,
700 1159 792 1215 καὶ
832 1156 1141 1231 ἀνορθώσω
1185 1157 1283 1215 τὸν
1321 1156 1533 1229 θρόνον
1577 1155 1748 1215 αὐτοῦ

139 1218 215 1310 εἰς
246 1242 343 1301 τὸν
374 1248 567 1301 αἰῶνα.
617 1241 724 1315 ἐγώ
749 1247 941 1314 ἔσομαι
971 1241 1123 1320 αὐτῷ
1154 1248 1230 1310 εἰς
1260 1244 1488 1317 πατέρα,
1520 1244 1612 1299 καὶ
1644 1239 1748 1299 αὐ-

137 1327 231 1396 τὸς
262 1333 414 1385 ἔσται
443 1350 535 1400 μοι
567 1332 644 1393 εἰς
674 1323 857 1384 υἰόν.”
1770 1350 1864 1390 (351)

265 1416 314 1469 2.
346 1413 458 1468 Καὶ
490 1414 550 1467 ἐν
579 1407 760 1486 ὀγδόῳ
793 1411 854 1466 δὲ
884 1412 976 1466 καὶ
998 1408 1350 1486 ὀγδοηκοστῷ
1382 1414 1591 1487 Ψαλμςό
1622 1412 1750 1484 περὶ

138 1502 236 1553 τοῦ
268 1494 469 1566 αὐτοῦ,
502 1490 574 1561 ῶς
605 1497 732 1567 περὶ
755 1496 974 1566 Δαβὶδ,
1003 1493 1138 1551 τάδε
1162 1503 1372 1567 εἴρηται
1398 1490 1603 1560 “αὕτός
1635 1498 1749 1550 ἐπι-

76 1605 115 1637 15
138 1581 438 1637 καλέσεταί
461 1602 555 1652 με,
587 1576 769 1652 πατήρ
800 1601 907 1651 μου
939 1577 990 1635 εἶ
1019 1575 1119 1649 σύ,
1149 1576 1282 1644 θεός
1311 1601 1447 1651 μου,
1479 1579 1572 1634 καὶ
1602 1574 1749 1634 ἀντι-

138 1663 360 1736 λη’πτωρ
382 1666 477 1735 τῆς
499 1669 771 1736 σωτηρίας
795 1686 921 1735 μου,
952 1659 1103 1734 κάγὼ
1126 1660 1474 1735 πρωτότοκον
1502 1659 1749 1734 θήσομαι

139 1746 341 1820 αὐτὸν,
373 1743 592 1819 υψηλόν
622 1767 770 1818 παρα
799 1760 914 1813 τοῖς
946 1749 1234 1818 βασιλεῦσι
1262 1748 1358 1817 τῆς
1388 1748 1512 1817 γῆς
1547 1751 1624 1811 εἰς
1653 1743 1750 1803 τὸν

140 1835 316 1890 αἰῶνα
367 1828 594 1903 φυλαξω
646 1827 796 1906 αυτῷ
835 1828 896 1886 τὸ
939 1827 1088 1896 ἔλεός
1126 1854 1262 1932 μου,
1303 1830 1396 1885 καὶ
1438 1825 1472 1900 ἡ
1507 1827 1749 1901 διαθήκη

139 1941 245 1989 μου
274 1913 440 1988 πιστὴ
485 1911 692 1991 αὐτῷ.”
763 1917 811 1971 3.
845 1915 936 1971 καὶ
980 1905 1193 1980 ανθις
1197 1909 1409 1986 ὤμοσα
1440 1915 1629 1985 Δαβὶδ
1672 1918 1748 1969 τῶ

76 2024 117 2056 20
143 1997 324 2075 δούλω
354 2023 482 2072 μου,
513 2002 616 2065 ἕως
648 2001 846 2064 αἰῶνος
872 1996 1142 2072 ἑτοιμασω
1175 1995 1233 2054 τὸ
1256 2000 1472 2071 σπέρμα
1503 2014 1625 2070 σου,
1658 1999 1751 2053 καὶ

140 2081 486 2156 οἰκοδομήσω
519 2088 596 2149 εἰς
625 2080 826 2155 γενεὰν
856 2084 950 2139 καὶ
991 2105 1192 2155 γενεαν
1220 2081 1316 2138 τὸν
1345 2079 1559 2155 θρόνον
1589 2077 1745 2138 σου.”

139 2171 187 2225 4.
222 2169 314 2224 καὶ
359 2164 527 2224 πάλιν
549 2162 730 2234 “ὖι’παξ
777 2163 965 2240 ὤμοσα
1008 2169 1067 2224 ἐν
1106 2169 1182 2243 τῷ
1222 2163 1363 2242 ἁγίῳ
1403 2189 1539 2238 μου,
1586 2170 1635 2222 εἰ
1675 2169 1750 2242 τῷ
1777 2186 1798 2217 ι)

142 2253 332 2324 Δαβὶδ
372 2249 674 2324 ψεύσομαι,
726 2249 787 2307 τὸ
841 2253 1056 2326 σπέρμα
1097 2247 1268 2308 αὐτοῦ
1322 2255 1399 2316 εἰς
1438 2247 1535 2307 τὸν
1574 2251 1751 2307 αἰῶνα

141 2347 325 2407 μενεῖ,
357 2337 450 2391 καὶ
479 2333 508 2392 ὁ
539 2332 744 2408 θρόνος
776 2332 948 2391 αὐτοῦ
982 2333 1054 2401 ῶς
1083 2330 1112 2391 6
1155 2331 1305 2408 ἥλιος
1337 2336 1593 2390 ἐναντίον
1622 2355 1748 2404 μου,

80 2440 120 2473 25
143 2420 236 2474 καὶ
266 2414 338 2484 ῶς
367 2414 401 2489 ἡ
432 2417 637 2491 σελήνη
667 2420 1068 2492 κατηρτισμένη
1093 2424 1170 2484 εἰς
1192 2418 1290 2475 τὸν
1305 2413 1532 2473 αἰῶνα.”
1576 2418 1624 2471 5.
1658 2416 1751 2471 καὶ

145 2493 310 2566 αὖθις
347 2497 479 2558 “noel
515 2499 761 2575 θήσομαι
814 2507 892 2569 εἰς
942 2501 1039 2559 τὸν
1090 2504 1266 2558 αἰῶνα
1306 2503 1402 2557 τοῦ
1447 2501 1647 2564 αἰῶνος
1690 2495 1751 2554 τὸ

145 2587 363 2657 σπέρμα
393 2583 619 2642 αὐτοῦ.”
691 2583 852 2659 ὅμοια
895 2583 948 2643 δ’
982 2582 1052 2642 ἂν
1084 2594 1168 2656 εἴη
1199 2581 1411 2650 τούτοις
1450 2583 1542 2639 καὶ
1572 2580 1638 2639 τὰ
1671 2578 1745 2638 δι’

261 2807 286 2845 5
320 2807 359 2844 1.
381 2804 485 2846 Par.
509 2806 576 2855 17,
602 2806 667 2845 11.
886 2807 939 2845 14
967 2805 1043 2846 Ps.
1066 2806 1134 2857 88,
1157 2806 1224 2845 26.
1438 2806 1490 2845 19
1521 2804 1596 2845 Ps.
1618 2803 1686 2854 88,
1708 2805 1748 2842 4.

147 2863 199 2900 22
230 2860 307 2901 Ps.
334 2860 402 2912 88,
427 2860 495 2902 35.
670 2861 723 2901 26
754 2860 828 2900 ΡΒ.
854 2862 922 2914 88,
947 2862 1014 2903 29.
