1946 3158
320 828 756 890 ΕΤΣΕΒΙΟΤ
813 829 990 890 TOT
1045 829 1516 891 ΠΑΜΦΙΛΟΤ
1715 830 1836 906 έὲιῑῑὲ·

199 989 1653 1050 ΕΥΑΓΓΕΔΙΚΗΣΑΠΟΔΕΙΞΕΩΣ

642 1142 896 1183 BIBAION
929 1142 1199 1183 ΠΡΩΤΟΝ.

147 1351 167 1361 -
236 1283 378 1344 Ἰδού
412 1287 480 1358 δή
511 1307 630 1357 σοι,
671 1296 835 1344 θεῖον
880 1285 1194 1343 ἐπισκόπων
1235 1289 1444 1359 χρῆμα,
1490 1284 1726 1343 Θεόδοτε

69 1397 94 1428 5
119 1370 230 1442 ἱερὲ
265 1373 406 1426 θεοῦ
445 1368 740 1444 ἄνθρωπε,
782 1371 888 1428 σὺν
926 1377 1044 1447 θεῷ
1084 1373 1177 1427 καὶ
1219 1369 1325 1428 σὺν
1364 1370 1512 1447 αὐτῷ
1558 1395 1619 1443 γε
1649 1374 1727 1447 τῷ

117 1457 321 1527 σωτῆρι
362 1449 519 1526 ἡμῶν
557 1458 631 1529 τῷ
670 1452 780 1511 τοῦ
807 1458 948 1512 θεοῦ
986 1453 1130 1531 λόγῳ
1182 1453 1317 1528 μετὰ
1358 1453 1460 1528 τὴν
1500 1453 1725 1528 πρώτην

117 1538 598 1610 Προπαρασκευὴν
619 1542 714 1609 τῆς
731 1535 1109 1612 Εὐαγγελικῆς
1125 1535 1467 1611 ὑποθέσεως,
1497 1543 1556 1596 ἐν
1579 1537 1724 1605 ολοις

115 1627 510 1679 πεντεκαίδεκα
573 1621 963 1696 συγγράμμασι
1025 1625 1510 1696 διαπεπονημένην
1571 1619 1725 1723 ἡμῖν,
1751 1637 1794 1678 3)

114 1708 251 1777 μέγα
269 1708 450 1763 τοῦτο
496 1704 633 1778 πρὸς
675 1705 832 1778 ἡμῶν
873 1705 1172 1774 ἐξανύεται.
1258 1709 1420 1780 δέχου
1472 1712 1637 1780 δῆτα,
1682 1731 1724 1763 ω

52 1817 93 1848 10
115 1796 249 1862 φίλη
281 1787 511 1862 κεφαλὴ,
543 1790 646 1862 τὴν
676 1800 912 1862 αἴτησιν,
945 1794 1037 1848 καὶ
1059 1805 1178 1857 ταις
1210 1788 1396 1864 ευχαϊς
1427 1790 1559 1865 ἡμῖν
1590 1811 1725 1864 συμ-

114 1873 268 1931 πόνει
300 1874 402 1947 τὴν
432 1871 820 1948 Εὐαγγελικὴν
844 1873 1154 1943 Ἀπόδειξιν
1177 1873 1284 1948 ἤδη
1309 1875 1501 1933 λοιπὸν
1527 1880 1585 1932 ἐκ
1614 1880 1726 1933 τῶν

111 1958 391 2016 ἀνέκαθεν
443 1958 575 2033 παρ’
611 1955 881 2034 Ἑβραίοις
934 1958 1314 2033 ἀνακειμένων
1365 1959 1726 2034 προρρήσεων

114 2042 578 2116 παραστήσασθαι
619 2047 995 2119 πειρωμένοις.
1084 2049 1132 2102 2.
1176 2049 1292 2111 πῶς
1344 2043 1411 2117 δὴ
1458 2047 1549 2102 καὶ
1601 2052 1725 2102 τίνα

112 2125 347 2200 τρόπον;
389 2129 517 2195 τούς
558 2132 843 2202 θεοφιλεῖς
876 2133 1148 2202 ἐκείνους,
1182 2129 1351 2187 οἶσθα
1385 2128 1565 2201 δήπου
1596 2129 1724 2197 τοὺς

226 2353 253 2389 4
280 2340 405 2390 Ἰδοὺ
425 2347 500 2404 ——]
526 2350 712 2390 Initium
734 2352 884 2404 operis
909 2349 969 2404 (p
985 2353 1023 2405 1,
1048 2353 1187 2393 4—17
1194 2351 1302 2405 ,.18>
1340 2344 1465 2393 Ἰδοὺ
1489 2375 1537 2380 —-
1562 2344 1584 2393 ὁ
1609 2354 1723 2397 παῖς

114 2417 198 2446 σου
220 2404 301 2447 καὶ
333 2419 388 2446 ex
418 2406 574 2446 codice
604 2407 950 2448 Mauroeordati
978 2407 1170 2460 primum
1194 2408 1336 2448 edidit
1356 2409 1392 2448 Ι.
1409 2409 1461 2448 A.
1481 2410 1517 2448 Ι
1526 2408 1725 2448 abrioius

114 2462 161 2500 in
190 2461 432 2503 Delectu
455 2467 910 2516 argumentorum
944 2467 997 2503 et
1028 2464 1255 2516 syllabo
1287 2465 1628 2517 scriptorum
1660 2464 1722 2502 de

113 2519 368 2558 veritate
399 2518 707 2572 religionis
740 2519 1113 2561 Christianae
1144 2535 1186 2574 p,
1214 2523 1365 2560 ,ἰή-22.
1409 2521 1538 2560 cuius
1562 2520 1723 2559 editio—

115 2575 186 2614 nis
233 2575 505 2626 paginarum
550 2588 763 2616 numeros
811 2577 858 2616 in
904 2577 1111 2629 margine
1159 2578 1409 2629 posuimus.
1484 2576 1722 2616 Editiones

114 2631 306 2670 Roberti
329 2631 554 2683 Stephani
579 2630 637 2684 (a.
665 2633 787 2674 1545.
795 2632 809 2684 )
839 2635 884 2673 et
905 2633 1119 2673 Parisina
1143 2646 1184 2676 a.
1198 2634 1319 2682 1628,
1344 2645 1462 2684 quae
1487 2646 1543 2673 ex
1565 2632 1722 2673 codice

113 2685 325 2726 Parisino
355 2688 460 2737 469,
493 2688 670 2751 aliquot
702 2689 758 2728 ab
788 2689 919 2729 initio
944 2689 1067 2729 foliis
1090 2689 1295 2739 defecto,
1327 2689 1577 2740 fluxerunt,
1608 2689 1723 2728 inei-

115 2742 246 2793 piunt
282 2743 338 2782 ab
382 2745 537 2784 verbis
574 2738 602 2795 ἡ
642 2743 873 2810 παιδίσκη
913 2742 995 2785 καὶ
1043 2739 1066 2785 ὁ
1106 2720 1398 2798 προσήλυτος
1436 2742 1495 2798 (p.
1529 2744 1720 2798 17,18).

60 2841 63 2844 ,
114 2798 291 2839 Halum
330 2799 578 2840 editionum
607 2802 881 2866 paginaium
920 2814 1129 2842 numeros
1169 2802 1292 2854 ipsos
1323 2815 1500 2854 quoque
1531 2803 1578 2841 in
1606 2814 1723 2841 mar-

115 2855 222 2906 gine
256 2857 596 2909 annotavimus,
629 2858 793 2910 prioris
824 2858 956 2898 uncis
981 2858 1216 2910 quadratis
1242 2855 1256 2910 [
1315 2855 1328 2911 ]
1355 2859 1581 2908 inclusos,
1608 2858 1724 2897 alte-

115 2911 210 2950 iius
240 2911 447 2951 rotundis
480 2910 495 2963 (
555 2914 610 2961 ).

200 2993 432 3022 EUSEssms
465 2995 538 3024 111.
1469 2986 1494 3034 1
