1992 3186
595 94 898 137 DEMONST.
937 96 1155 138 EVANG.
1187 96 1243 139 X.
1276 98 1314 135 1.
1646 94 1747 146 631

141 209 311 270 αὐτὸν
339 207 685 283 ὑπισχνεῖτο,
727 213 854 283 περὶ
886 201 965 267 cSv
994 207 1111 283 μετ’
1149 208 1334 268 αὐτῶν
1366 213 1596 269 ἐκείνων
1629 215 1749 280 ἐψι-

140 295 348 368 θύριζε.
413 293 500 352 διό
529 314 701 368 φησιν
723 293 1115 369 “ἐξεπορεύετο
1159 298 1280 367 ἔξω,
1322 297 1414 352 καὶ
1447 294 1626 352 ἐλάλει
1662 299 1750 353 ἐπὶ

140 379 199 438 τὸ
231 377 380 437 αὐτό.
424 378 543 438 κατ’
583 382 715 452 ἐμοῦ
747 379 1067 452 ἐψιθύριζον
1098 378 1298 446 πάντες
1329 384 1387 436 οἱ
1406 384 1602 454 ἐχθροί
1620 405 1748 453 μου,

142 461 262 521 κατ’
299 467 432 536 ἐμοῦ
465 468 768 536 ἐλογίζοντο
799 462 940 521 κακά
969 487 1076 536 μοι.
1117 469 1200 522 32.
1235 463 1401 537 λόγον
1424 463 1750 539 παράνομον

97 551 441 606 5κατέθεντο
483 546 602 605 κατ’
651 546 831 621 ἐμοῦ.”
898 554 1039 606 ἔοικε
1080 549 1141 604 δὲ
1182 548 1286 620 τὴν
1325 547 1609 622 συνταγὴν
1646 549 1749 622 τὴν

139 635 267 707 περὶ
305 636 417 690 τῶν
456 630 740 707 ἀργυρίων
779 631 945 704 λόγον
988 631 1311 705 παράνομον
1350 630 1442 690 διὰ
1480 636 1578 706 τῆς
1617 656 1749 708 προ·
1774 667 1792 690 e

139 724 369 790 φητείας
409 714 722 790 ὀνομάζειν,
776 713 811 789 ἢ
851 719 942 774 καὶ
980 715 1063 774 ὅτι
1104 713 1281 789 άσεβῆ
1320 720 1410 774 καὶ
1456 717 1750 792 παράνομα

139 800 263 858 κατ’
311 800 484 859 αὐτοῦ
527 804 871 873 διενοοῦντο,
926 798 998 867 ὡς
1043 798 1113 858 ἂν
1157 804 1615 875 σβεσθησομένου
1656 805 1750 860 καὶ

142 888 670 959 διαφθαρησομένου
709 885 844 959 μετὰ
881 884 979 944 τὸν
1019 883 1294 957 θάνατον,
1328 888 1418 943 καὶ
1464 884 1653 960 μηκέτ’
1690 891 1750 944 ἐν

74 991 116 1023 10
141 974 303 1039 ζῶσιν
354 973 876 1079 ἐξετασθησομένου.
955 975 1037 1028 33.
1094 974 1345 1028 τοιοῦτον
1388 969 1492 1044 γάρ
1538 975 1651 1028 ἐστι
1689 970 1750 1028 τὸ

130 1050 240 1127 “μὴ
282 1051 311 1111 5
352 1054 689 1127 κοιμώμενος
731 1051 856 1156 ουχὶ
894 1053 1205 1129 προσθήσει
1243 1058 1341 1112 τοῦ
1372 1052 1745 1129 ἀναστῆναι;”

1606 1136 1635 1159 (Ε

136 1137 272 1210 ὅπερ
303 1137 632 1213 λευκότερον
670 1135 698 1196 5
742 1137 1042 1212 Σύμμαχος
1085 1141 1350 1212 ἐξέφηνεν
1393 1139 1566 1197 εἰπών
1653 1142 1746 1197 καὶ
1773 1163 1860 1205 [292]

135 1222 325 1282 πεσών
353 1220 536 1281 οὐκέτ’
562 1221 954 1295 ἀναστήσεται·
967 1221 999 1243 ”
1031 1219 1060 1281 5
1086 1225 1148 1280 δε
1167 1221 1396 1290 Ἀκύλας
1421 1226 1596 1296 φησὶν
1618 1220 1747 1281 “nal

135 1303 195 1374 ὃς
226 1305 296 1365 ἂν
326 1312 598 1383 κοιμηθῇ,
646 1305 713 1365 οὐ
753 1307 1063 1380 προσθήσει
1102 1314 1201 1365 τοῦ
1231 1306 1574 1382 άναστηναιῖ
1656 1310 1747 1365 καὶ

74 1413 115 1446 15
138 1399 311 1449 ταῦτα
342 1400 420 1450 ἔτι
451 1395 650 1459 κοινῶς
681 1395 806 1465 περὶ
837 1391 1062 1450 πάντων
1095 1402 1305 1465 εἴρηται
1343 1398 1456 1450 τῶν
1485 1393 1622 1450 κατὰ
1653 1391 1750 1450 τὸν
1774 1414 1796 1445 d

138 1475 331 1549 καιρὸν
370 1480 470 1534 τοῦ
509 1476 728 1543 πάθους
775 1476 1319 1549 ἐπιβεβουλευκότων
1363 1475 1539 1554 αὐτῷ,
1592 1482 1748 1544 ἰδίως

139 1562 201 1618 δὲ
241 1560 409 1619 πάλιν
447 1564 575 1635 περὶ
613 1566 711 1618 τοῦ
742 1560 1044 1635 προδότου,
1092 1557 1164 1627 ὥς
1195 1558 1265 1619 ἂν
1304 1563 1431 1634 περὶ
1468 1571 1747 1634 μαθητευ-

135 1648 334 1711 θέντος
374 1644 555 1722 αὐτῷ,
607 1648 728 1718 ἑξῆς
771 1647 1018 1720 ἐπιφέρει
1058 1648 1236 1717 λέγων
1268 1641 1406 1702 “uvel
1447 1643 1551 1718 γὰρ
1591 1644 1620 1702 5
1652 1643 1748 1703 ‹322›-

136 1740 363 1801 θρωπος
393 1733 486 1803 τῆς
528 1728 748 1803 εἰρήνης
779 1754 913 1803 μου,
958 1727 1050 1803 ἐφ’
1084 1727 1150 1787 ὃν
1187 1728 1424 1802 ἤλπισα,
1464 1728 1492 1786 5
1537 1732 1748 1788 ἐσθίων

71 1834 114 1866 20
136 1811 334 1883 ἄρτους
351 1838 478 1887 μου,
508 1812 843 1887 ἐμεγάλυνεν
862 1812 941 1870 ἐπ’
969 1815 1059 1887 ἐμὲ
1083 1812 1466 1887 πτερνισμόν.”
1499 1818 1583 1871 34.
1611 1811 1746 1872 ἄνθ’

136 1922 203 1955 ου
246 1898 416 1956 πάλιν
456 1894 485 1956 5
527 1897 891 2000 Σύμμαχος“
909 1901 999 1956 καὶ
1041 1895 1378 1971 άνθρωπος”
1436 1901 1608 1971 φησὶν
1642 1894 1750 1965 “ὃς

139 1981 395 2054 εἰρήνευέ
430 2007 550 2056 μοι,
599 1983 640 2059 ςὸ
685 1986 1038 2056 ἐπεποίθειν,
1085 1990 1407 2040 συνεσθίων
1445 2007 1536 2055 μοι
1578 1981 1748 2055 άρτον

139 2066 298 2139 ἐμὸν,
343 2066 799 2140 κατεμεγαλύνθη
842 2064 982 2141 μου.’
1067 2074 1336 2168 χείριστος
1380 2065 1484 2140 γὰρ
1523 2064 1749 2139 άληθως

135 2149 398 2209 ἁπάντων
437 2154 527 2209 καὶ
573 2154 930 2225 ἐναγέστατος
969 2147 998 2208 5
1038 2176 1174 2225 μετα
1225 2145 1422 2225 κοινὴν
1471 2150 1748 2225 τράπεζαν

71 2254 115 2287 25
137 2236 228 2292 καὶ
280 2234 382 2308 τὴν
435 2239 494 2293 ἐν
534 2235 714 2310 λόγοις
754 2241 852 2293 τοῦ
896 2234 1234 2294 διδασκάλου
1282 2235 1498 2309 τροφὴν
1541 2238 1629 2292 ἐπὶ
1681 2235 1748 2292 τὰ

136 2326 302 2392 χείρω
332 2323 560 2392 τραπεὶς
605 2323 696 2378 καὶ
738 2334 850 2386 τοῖς
883 2323 1154 2386 ἐναντίοις
1191 2319 1288 2377 τὸν
1321 2317 1616 2392 εὐεργέτην
1646 2317 1748 2375 ἀν-

136 2403 555 2476 ταμειψάμενος.
633 2408 716 2460 35.
775 2400 899 2459 ἀλλ’
949 2402 1246 2475 ἐπειδήπερ
1290 2401 1746 2475 ἐπιβουλεύοντες

137 2490 195 2543 οἰ
233 2490 424 2558 ἐχθροὶ
464 2493 653 2558 ἔλεγον
688 2483 719 2506 “
736 2485 868 2543 πότε
911 2482 1281 2544 ἀποθανεῖται
1326 2489 1417 2543 καὶ
1461 2483 1748 2544 ἀπολεῖται

137 2567 197 2626 τὸ
227 2567 400 2643 ὄνομα
431 2567 667 2640 αὐτοῦ;”
717 2567 890 2646 ᾤοντό
919 2594 978 2627 τε
1008 2573 1346 2644 κοιμηθέντα
1384 2569 1569 2644 μηκέτ’
1614 2567 1747 2628 άνα-

74 2674 116 2706 30
140 2652 474 2726 στήσεσθαι,
519 2653 717 2712 τούτου
757 2652 918 2728 χάριν
958 2651 1122 2722 αὐτὸς
1151 2650 1179 2711 5
1212 2653 1394 2727 σωτὴρ
1431 2657 1525 2711 καὶ
1555 2653 1744 2727 κύριος
1768 2676 1859 2718 (470)

137 2736 296 2811 ἡμῶν
325 2735 592 2796 τάναντία
620 2737 832 2805 τούτοις
873 2737 1194 2812 εὐχόμενος,
1235 2741 1327 2796 καὶ
1366 2742 1459 2812 τῆς
1504 2737 1748 2797 ἀναστά-

139 2840 277 2889 σεως
293 2819 586 2891 ἀκωλύτως
604 2837 793 2897 τυχεῖν
816 2821 986 2892 ἀξιῶν
1008 2823 1105 2881 τὸν
1127 2825 1353 2899 πατέρα,
1377 2826 1515 2897 φησὶ
1531 2822 1561 2844 “
1571 2825 1642 2881 σὺ
1663 2825 1743 2898 δὲ,
