1946 3158
199 123 270 175 40
872 122 1121 165 EUSEBH

205 246 349 314 ἔχειν
383 244 595 312 δοκεῖν,
637 242 924 311 γεγονέναι
968 239 1026 295 δὲ
1068 263 1204 296 κατα
1243 238 1422 296 πάντα
1461 238 1683 313 ὁμοίους
1714 239 1810 297 αύ-

203 339 348 398 τοῖς,
390 322 526 380 κατά
564 347 623 381 τε
663 322 765 396 τὴν
794 327 907 380 τῶν
949 320 1198 380 εἰδώλων
1228 322 1474 397 πλάνην,
1518 331 1579 381 ἒν
1609 348 1667 381 τε
1695 340 1810 391 τοῖς

154 431 177 463 b
204 407 388 474 ἄλλοις
422 406 839 482 ἐγχειρήμασιν·
904 406 1155 479 εἰκότως,
1189 406 1374 480 ὥσπερ
1408 411 1466 465 ἐκ
1497 413 1681 480 βυθοῦ
1712 434 1812 465 κα-

204 496 320 550 κών
359 491 705 566 ἀνιμώμενος
745 489 948 559 αὐτοὺς
988 488 1017 548 ὃ
1049 495 1290 564 Μωσῆς,
1338 492 1544 565 ἀφίστη
1584 494 1687 566 μὲν
1716 499 1811 566 τῆς

203 574 380 635 ἀθέου
411 583 732 650 πολυθεΐας,
763 575 935 649 ἀνῆγε
962 577 1022 633 δὲ
1054 579 1142 633 ε’πὶ
1161 575 1260 633 τὸν
1291 575 1515 634 πάντων
1548 582 1813 651 δημιουρ-
1835 599 1858 632 5

205 663 306 734 γόν
336 661 505 734 θεὸν,
548 664 769 735 πρώτον
811 665 1025 718 ἐκεῖνον
1065 661 1288 734 βαθμὸν
1331 658 1618 733 εὐσεβείας
1650 658 1722 727 ὦς
1756 665 1815 718 ἐν

207 752 535 818 εἰσαγωγαῖς
575 748 666 802 καὶ
718 744 1024 820 προθύροις
1071 769 1180 803 των
1223 748 1573 820 τελεωτέρων
1612 752 1817 819 προβε-

206 833 493 903 βλημένος,
556 835 639 887 33.
674 837 860 887 ἔπειτα
890 827 956 887 ού
987 826 1377 903 φονεύειν,ού
1408 827 1814 903 μοιχεύειν,ού

206 918 488 987 κλέπτειν,
530 911 632 971 οὐκ
677 917 981 989 ἐπιορκεῖν,
1023 912 1126 971 οὐκ
1171 912 1407 988 ἀρρενας
1439 912 1664 989 ἀρρεσιν
1699 917 1817 971 ἐπι-

206 1005 538 1073 μαίνεσθαι,
581 996 646 1056 ού
686 998 986 1073 μητράσιν,
1033 996 1136 1055 οὐκ
1175 997 1476 1072 ἀδελφαῖς,
1527 995 1593 1055 ού
1634 1009 1816 1072 θυγα-
1839 1022 1882 1054 10

205 1082 401 1156 τράσιν
448 1088 846 1156 ἐπιμίγνυσθαι
861 1129 876 1156 ,
932 1079 1059 1141 οὐδ’
1106 1082 1207 1140 ὅσα
1261 1087 1486 1140 τοιαῦτα
1539 1097 1652 1150 τοῖς
1697 1083 1818 1141 τότε

208 1167 467 1238 πράττειν
511 1171 636 1240 ἐξῆν
677 1165 931 1241 ἀφόβως,
973 1166 1289 1241 συνεχώρει.
1356 1171 1444 1226 34.
1479 1170 1819 1242 παραλαβών

211 1255 271 1309 δὲ
306 1256 357 1320 ἐξ
389 1250 670 1326 ἀνημέρου
701 1255 793 1309 καὶ
820 1249 1141 1326 θηριώδους
1173 1259 1300 1325 βίου
1325 1256 1697 1324 λογικωτέραν
1726 1255 1819 1309 καὶ

162 1368 181 1391 c
213 1335 449 1410 εὔνομον
497 1341 556 1394 ἐν
600 1352 713 1404 τοῖς
759 1335 879 1394 τότε
920 1335 1136 1410 χρόνοις
1170 1342 1454 1394 πολιτείαν
1485 1343 1699 1411 πρῶτος
1731 1339 1819 1394 ἐπὶ

209 1424 309 1494 γῆς
344 1420 435 1477 διά
473 1425 690 1494 γραφῆς
730 1420 1137 1493 συνεστήσατο,
1180 1419 1335 1477 οὔπω
1365 1419 1487 1478 τότε
1518 1424 1687 1478 πᾶσιν
1718 1418 1820 1478 ἀν-
1841 1441 1885 1474 15

210 1504 459 1577 θρώποις
507 1509 781 1578 ἐκφανοῦς
827 1506 983 1572 ’ὄντος
1029 1502 1160 1562 οὐδὲ
1205 1510 1302 1561 τοῦ
1341 1510 1554 1562 τοιουδὶ
1596 1504 1817 1579 τρόπου.

211 1594 297 1646 35.
333 1591 447 1646 εἶτα
490 1590 552 1646 δὲ
595 1586 666 1657 ὡς
710 1586 781 1647 ἂν
819 1588 1070 1647 ἀτελέσιν
1114 1586 1366 1647 ἀπειπών
1395 1590 1498 1662 τὴν
1530 1594 1818 1646 εἰδωλολα-

212 1682 373 1749 τρίαν
392 1719 406 1746 ,
440 1681 667 1741 θυσίαις
699 1681 798 1731 καί
822 1693 932 1731 τισι
962 1677 1432 1746 σωματικωτέροις
1472 1671 1569 1731 τὸν
1599 1677 1697 1730 ἕνα
1728 1676 1819 1730 καὶ

213 1762 303 1816 ε’πὶ
333 1757 558 1816 πάντων
588 1757 728 1816 θεὸν
757 1757 1099 1832 θεραπεύειν
1130 1760 1493 1831 παρεκέλευε,
1529 1757 1620 1814 διά
1649 1782 1820 1815 τινων

212 1841 668 1916 ἀπορρητοτέρων
700 1848 818 1899 ἰδία
849 1841 1146 1914 συμβόλων
1176 1846 1278 1913 τὴν
1308 1840 1430 1899 κατ’
1479 1839 1649 1899 αὐτὸν
1679 1853 1818 1918 θρη-
1842 1864 1886 1897 20

213 1934 406 1983 σκείαν
432 1930 702 1984 ἐπιτελεῖν
725 1925 1130 1999 νομοθετήσας,
1163 1922 1234 1998 ἣν
1264 1928 1355 1982 καὶ
1386 1934 1715 1999 θαυμασίως
1746 1931 1821 2004 τῷ

213 2019 353 2068 θείω
387 2010 657 2083 πνεύματι
689 2009 938 2067 συνιδων
977 2008 1079 2067 οὐκ
1112 2016 1188 2077 είς
1220 2008 1450 2084 ἀπειρον
1483 2016 1605 2068 δεῖν
1636 2016 1823 2085 περιέ-

167 2115 189 2146 d
213 2118 367 2168 πειν,
410 2091 510 2165 υφ’
548 2098 645 2152 ε’να
674 2094 845 2151 τόπον
885 2099 1282 2169 περιέγραψεν,
1327 2092 1518 2169 ὁρίσας
1547 2094 1620 2168 μὴ
1651 2096 1822 2152 ἀλλα-

213 2178 341 2253 χόσε
371 2187 661 2236 συντελεῖν
690 2203 755 2234 τα
786 2177 904 2235 κατ’
943 2175 1111 2235 αὐτὸν
1139 2178 1362 2252 νόμιμα,
1394 2204 1427 2251 η
1461 2184 1520 2236 ἐν
1550 2179 1703 2256 μόνῳ
1737 2182 1822 2237 ἑνὶ

212 2263 392 2341 τόπω,
425 2256 582 2330 οὗτος
615 2262 668 2320 δ’
704 2254 776 2335 ῆν
806 2261 835 2320 ὁ
869 2267 929 2319 ἐν
949 2261 1363 2337 Ιεροσολύμοις,
1397 2266 1498 2332 ἔξω
1531 2265 1592 2320 δε
1620 2261 1820 2321 τούτου
1843 2285 1887 2316 25

213 2350 417 2422 μηκέτι.
479 2352 564 2404 36.
597 2348 734 2405 ὅθεν
775 2354 853 2414 εἰς
885 2354 963 2404 ἔτι
1003 2349 1094 2404 καὶ
1127 2352 1293 2421 δεῦρο
1334 2350 1527 2405 παισὶν
1547 2346 1821 2421 Εβραίων

214 2432 281 2491 οὗ
332 2432 563 2506 θεμιτὸν
614 2431 813 2488 ἄλλοσε
865 2429 1014 2498 ε’κτὸς
1037 2436 1152 2504 τῆς
1200 2422 1597 2533 καθηρημένῆς
1637 2430 1822 2489 αὐτων

215 2516 600 2591 μητροπόλεως
631 2515 759 2574 οὔτε
788 2515 956 2574 θύειν
995 2540 1131 2573 κατα
1160 2515 1256 2574 τὸν
1285 2516 1484 2589 νόμον,
1513 2514 1640 2573 οὔτε
1671 2514 1822 2587 ἱερὸν

216 2599 344 2659 οὔτε
374 2601 778 2674 θυσιαστήριον
820 2604 1079 2675 ἐγείρειν,
1122 2598 1247 2657 οὔτε
1280 2607 1456 2673 χρίειν
1489 2603 1666 2671 ἱερέας
1696 2598 1822 2664 οὔτε

218 2691 496 2758 βασιλέας,
528 2686 654 2743 οὔτε
683 2679 778 2752 τάς
810 2684 946 2742 κατὰ
967 2689 1179 2742 Μωσέα
1210 2683 1547 2758 πανηγύρεις
1579 2688 1670 2741 καὶ
1702 2688 1819 2760 ἑορ-
1841 2705 1886 2736 30

216 2768 311 2836 τοὶς
345 2773 614 2841 ἐκτελεῖν,
657 2768 722 2827 ού
762 2773 1005 2843 μιασμοῦ
1035 2777 1439 2841 καθαίρεσθαι,
1482 2769 1546 2826 οὐ
1579 2778 1820 2842 πλημμε-

217 2860 369 2920 λείας
400 2851 764 2926 ἀπολύεσθαι,
796 2851 864 2911 ού
900 2857 1051 2928 δῶρα
1079 2858 1154 2930 τῷ
1187 2858 1300 2931 θεῷ
1332 2856 1689 2928 προσφέρειν,
1720 2850 1821 2926 οὐχ
