1992 3186
568 124 874 166 DEMONST.
900 124 1117 165 EVANG.
1148 124 1249 166 VII.
1282 125 1319 164 1.
1634 122 1736 173 441

134 237 166 313 ἡ
198 238 366 296 πάλαι
398 238 700 312 σεμνοτάτη
734 238 909 295 αὐτοῦ
941 239 1008 310 δὴ
1040 243 1136 295 τοῦ
1179 241 1333 311 ίεροῦ
1363 236 1548 295 αὐτῶν
1579 235 1739 311 ἁγιά-

133 344 333 397 σματος
367 321 508 396 ὅρα,
557 326 646 379 καὶ
694 329 745 379 εἰ
773 323 846 396 μὴ
879 321 1272 397 εἰδωλολάτραι
1302 320 1608 432 ἀκάθαρτοι
1639 321 1739 380 ἅν-

133 415 260 483 δρες
277 453 292 480 ,
337 412 394 464 οἵ
429 431 487 464 τε
519 410 767 480 πολέμιοι
799 405 982 464 αὐτῶν
1021 405 1156 504 μετὰ
1199 411 1396 480 βέλους
1427 410 1518 464 καὶ
1551 406 1740 475 τοξεύ-

131 517 298 566 ματος
331 490 688 563 ἐπελθόντες,
730 488 830 548 ὑπ’
865 489 1040 548 αύτου
1079 514 1142 562 γε
1171 497 1270 548 τοῦ
1301 498 1499 565 κυρίου
1530 515 1740 566 παρορ-

88 601 108 633 5
131 601 213 650 μη
208 580 401 643 θεντες
429 580 486 633 ἐκ
509 580 604 648 τῆς
635 574 950 647 ἀλλοδαπῆς
975 575 1333 648 ἐληλύθασιν,
1352 574 1740 634 ἀνεπαύσαντό

131 685 190 718 τε
222 665 282 718 ἐν
311 674 429 727 ταῖς
460 659 660 734 χώραις
693 659 876 716 αὐτῶν
907 659 1086 716 πάντα
1114 659 1285 717 τόπον
1316 663 1408 716 καὶ
1439 659 1615 728 πάσας
1646 683 1740 727 τας

133 744 317 812 πόλεις
357 744 543 801 αὐτῶν
586 744 1082 816 ἰδιοποιησάμενοι·
1141 747 1232 800 καὶ
1274 751 1534 818 ἔμπαλιν,
1578 752 1630 802 εί
1666 745 1738 818 μὴ
1764 777 1782 799 e

132 828 240 886 ἀπὸ
273 832 472 902 χέρσου
503 831 595 885 καὶ
626 826 877 900 ἀκάνθης
907 831 1001 899 τῆς
1032 829 1166 901 πρὶν
1189 827 1496 902 ἀγεωργίας
1525 829 1615 885 διὰ
1645 835 1741 901 τῆς

131 918 229 970 τοῦ
271 919 514 988 σωτῆρος
553 912 709 986 ἡμῶν
749 917 1112 978 διδασκαλίας
1142 912 1521 984 μεταβαλόντα
1562 912 1741 970 πάντα

70 1023 110 1054 10
133 996 198 1054 τα
231 1004 307 1063 εἰς
339 995 510 1053 αὐτὸν
541 994 940 1052 πεπιστευκότα
973 1002 1112 1067 ε’·’θνη
1135 995 1236 1068 τὴν
1260 994 1463 1068 εὐσεβῆ
1488 1000 1577 1054 καὶ
1605 993 1740 1054 κατά

131 1080 269 1138 θεὸν
309 1079 536 1153 λογικὴν
577 1079 852 1152 ἀπείληφε
893 1087 1303 1152 καρποφορίαν·
1362 1083 1456 1136 καὶ
1501 1084 1588 1138 ἐπὶ
1620 1081 1741 1138 τού-

131 1190 271 1236 τοις,
306 1172 356 1221 εἰ
384 1163 457 1238 μὴ
487 1162 802 1238 ὀφθαλμοῖς
833 1164 929 1220 τὸν
958 1164 1198 1237 Χριστὸν
1238 1163 1450 1232 ἰδόντες
1490 1163 1591 1222 οὐκ
1623 1169 1744 1222 ε’πί-

132 1268 403 1320 στευσαν,
443 1254 536 1306 καὶ
580 1247 938 1315 διδάσκοντος
978 1247 1317 1314 ἀκούσαντες
1361 1256 1411 1306 εἰ
1448 1248 1522 1322 μὴ
1563 1248 1744 1323 παρή-

133 1351 372 1406 κουσαν,
414 1336 505 1389 καὶ
539 1339 589 1390 εἰ
616 1331 690 1406 μὴ
719 1332 785 1389 τὰ
825 1333 988 1389 λοιπὰ
1018 1337 1112 1405 τῆς
1145 1341 1483 1407 προφητείας
1518 1337 1743 1407 ἐναργέ-

70 1442 110 1473 15
134 1437 301 1474 στατα
341 1419 531 1483 τέλους
584 1415 819 1489 τυχόντα
866 1415 973 1473 ἀπὸ
1015 1420 1126 1474 τῶν
1173 1417 1391 1490 χρόνων
1426 1417 1608 1490 Ἰησοῦ
1647 1423 1746 1474 τοῦ

133 1504 376 1574 σωτῆρος
407 1498 563 1574 ἡμῶν
596 1506 897 1571 δείκνυται,
929 1498 1031 1556 οὐκ
1062 1498 1131 1557 ἂν
1156 1511 1241 1573 εἴη
1273 1500 1436 1568 αὐτὸς
1467 1502 1495 1559 ὁ
1527 1525 1747 1574 προφη-

133 1585 441 1658 τευόμενος.
504 1590 586 1642 92.
623 1591 674 1641 εί
703 1586 762 1641 δὲ
794 1587 885 1640 καὶ
914 1588 1135 1660 τυφλῷ,
1184 1583 1255 1650 ὥς
1295 1605 1460 1657 φασι,
1507 1591 1648 1657 δῆλα
1678 1585 1745 1643 τά

133 1676 244 1726 τῶν
290 1669 470 1742 λόγων
514 1666 953 1741 ἀποτελέσματα,
1010 1667 1112 1725 οὐκ
1156 1668 1350 1726 ἄλλοτε
1403 1667 1436 1741 ἢ
1482 1668 1588 1726 ἀπὸ
1633 1673 1746 1727 τῶν

133 1753 350 1826 χρόνων
380 1759 476 1825 τῆς
510 1757 833 1824 ἐπιφανείας
872 1751 1044 1809 αὐτοῦ
1082 1758 1515 1827 πεπληρωμένα,
1558 1761 1615 1810 τί
1642 1754 1744 1828 χρὴ
1770 1773 1792 1804 d

0 1829 1 1882 Ϊ
70 1860 112 1892 20
136 1836 329 1894 λοιπὸν
373 1840 463 1894 καὶ
504 1839 630 1910 περὶ
678 1842 773 1909 τῆς
822 1840 880 1893 ἐκ
925 1840 1214 1909 παρθένου
1259 1840 1526 1909 γενέσεως
1572 1837 1743 1914 αὐτοῦ
1769 1855 1859 1898 [2031

134 1920 454 1995 ἀμφιβόλως
499 1929 672 1994 ἔχειν,
719 1923 843 1994 οὐχὶ
891 1922 951 1978 δε
994 1945 1308 2028 ευγνωμονι
1354 1926 1597 1999 λογισμω
1638 1919 1744 1979 ἀπὸ

134 2010 247 2062 τῶν
281 2010 445 2062 εἰσέτι
467 2009 574 2062 νῦν
597 2004 895 2079 ὁρωμένων
919 2008 1011 2062 καὶ
1041 2004 1144 2077 τὴν
1164 2030 1443 2079 καταρχην
1462 2010 1574 2063 τῶν
1604 2030 1746 2079 πρα-

135 2088 359 2162 γμάτων
389 2094 754 2158 πιστοῦσθαι;
798 2086 1053 2164 ὁρώμενα
1095 2091 1155 2147 δε
1188 2093 1352 2147 εἰσέτι
1383 2095 1490 2147 νῦν
1519 2097 1644 2147 τίνα
1676 2087 1747 2148 άν

136 2183 220 2246 εἴη
262 2171 381 2230 ἀλλ’
427 2171 460 2245 ἢ
502 2172 535 2246 ἡ
571 2171 858 2231 Ἰουδαίων
900 2181 977 2240 εἰς
1008 2172 1178 2231 αὐτὸν
1209 2172 1460 2248 ἀπιστία,
1504 2178 1747 2248 ἐναργως

71 2278 112 2337 25
137 2282 271 2314 κατα
312 2256 408 2314 τὸν
448 2261 696 2332 χρησμὸν
735 2261 1092 2331 πληρουμένη
1132 2258 1230 2316 τὸν
1259 2257 1545 2331 φάσκοντα
1568 2257 1746 2331 “άκοῇ

135 2340 430 2414 ἀκούσετε,
462 2346 554 2399 καὶ
584 2341 650 2399 οὐ
680 2340 754 2415 μὴ
786 2345 1009 2415 συνῆτε,
1043 2345 1133 2399 καὶ
1166 2346 1463 2415 βλέποντες
1494 2346 1745 2414 βλέψετε,

139 2427 228 2480 καὶ
274 2424 341 2481 οὐ
386 2426 458 2498 μὴ
507 2432 682 2498 ἰ’δητε’
739 2431 821 2482 93.
857 2419 1146 2499 ἐπαχύνθη
1191 2427 1296 2498 γὰρ
1343 2423 1376 2498 ἡ
1417 2431 1619 2498 καρδία
1649 2429 1746 2482 τοῦ

141 2512 278 2563 λαοῦ
308 2507 564 2580 τούτου,”
599 2513 691 2567 καὶ
720 2509 753 2581 ἡ
786 2516 1076 2583 πολιορκία
1117 2513 1212 2582 τῆς
1237 2507 1622 2582 Ἰερουσαλὴμ,
1655 2512 1747 2565 καὶ

140 2594 239 2647 τοῦ
278 2591 445 2648 πάλαι
486 2591 672 2650 αὐτῶν
712 2593 1046 2666 ἁγιάσματος
1086 2592 1119 2666 ἡ
1152 2592 1423 2665 παντελὴς
1456 2592 1745 2665 ἐρήμωσις,

76 2690 118 2724 30
140 2677 251 2731 τῶν
281 2698 338 2730 τε
358 2674 691 2749 ἀλλοφύλων
716 2680 901 2734 ἐθνῶν
926 2679 1014 2733 ἐπὶ
1035 2681 1130 2748 τῆς
1154 2676 1332 2750 χώρας
1356 2675 1538 2735 αὐτῶν
1563 2684 1747 2734 κατοί-

255 2870 308 2908 25
338 2869 415 2908 Es.
441 2870 479 2918 6,
503 2870 543 2908 9.
