1992 3186
223 118 329 171 520
904 118 1152 160 EUSEBII

225 227 329 293 οῦν
360 231 523 302 αὐτὸς
554 230 581 290 ὁ
612 237 711 291 τοῦ
749 237 889 291 θεοῦ
921 231 1080 306 λόγος
1122 232 1344 300 αἰώνιος
1378 233 1730 308 δικαιοσύνη,
1772 233 1833 303 ὃς

227 318 468 393 ἐγενήθη
508 327 679 390 σοφία
718 315 852 390 ἡμῖν
893 316 999 374 ἀπὸ
1039 320 1211 390 θεοῦ,
1266 317 1590 392 δικαιοσύνη
1642 344 1700 377 τε
1739 322 1833 376 καὶ

223 401 488 476 ἁγιασμὸς
513 404 603 459 καὶ
627 400 1029 475 ἀπολύτρωσις,
1053 401 1190 459 κατά
1214 401 1311 460 τὸν
1333 401 1654 461 ἀπόστολον.
1687 401 1834 476 πλὴν

224 486 361 544 ἀλλά
403 486 510 543 σῦν
551 488 618 561 τῇ
651 488 852 544 ἑαυτοῦ
883 492 1159 562 παρουσίᾳ
1192 488 1284 544 καὶ
1314 489 1484 545 πᾶσιν
1513 485 1833 563 ἀνθρώποις

223 573 564 644 προυξένησε
605 568 996 643 δικαιοσύνην,
1051 576 1231 645 ἔργοις
1286 574 1560 639 ἐπιδείξας
1605 569 1687 630 ὅτι
1720 569 1878 645 “mh

112 681 198 721 (386)
226 654 397 729 μόνον
421 654 711 713 Ἰουδαίων
743 658 894 712 ἐστὶν
916 651 944 712 ὁ
968 654 1120 727 θεὸς,
1151 653 1289 714 ἀλλὰ
1315 658 1406 712 καὶ
1436 659 1652 728 ἐθνῶν,
1685 660 1837 714 ἐπεί-

224 763 328 812 περ
361 736 438 806 εἷς
478 736 506 797 ὁ
537 738 697 812 θεὸς,
738 737 797 806 ὃς
830 738 1113 797 δικαιώσει
1154 740 1455 813 περιτομὴν
1499 743 1558 797 ἐκ
1597 747 1834 807 πίστεως

224 827 315 882 καὶ
355 823 732 897 ἀκροβυστίαν
779 822 871 880 διά
909 829 1005 897 τῆς
1046 822 1342 891 πίστεως.”
1413 829 1497 882 27.
1531 824 1669 882 ὅθεν
1707 822 1836 892 τοῦς

224 908 366 982 ἀμφὶ
395 907 491 966 τὸν
515 907 828 981 Κορνήλιον
850 911 950 965 τοῦ
977 905 1139 981 ἁγίου
1163 908 1471 982 πνεύματος
1500 906 1837 983 ἠξιωμένους

223 991 628 1067 ἀποθαυμάσας
670 989 698 1050 ὁ
730 995 941 1067 Πέτρος
965 989 1086 1050 “ε’π’
1128 991 1423 1066 ἀληθείας,
1474 997 1675 1066 φησὶν,
1708 993 1836 1051 οἶδα
1858 1021 1901 1052 10

226 1077 308 1135 ὅτι
350 1076 454 1135 οὐκ
501 1084 615 1135 ἔστι
646 1075 1118 1152 προσωπολήπτης
1149 1077 1177 1135 ὁ
1208 1076 1340 1145 θεὸς
1360 1124 1373 1150 ,
1417 1076 1542 1135 ἀλλ’
1581 1081 1642 1136 ἐν
1671 1080 1838 1136 παντὶ

227 1169 382 1220 ἔθνει
433 1159 460 1219 ὁ
507 1161 855 1235 φοβούμενος
902 1159 1071 1219 αὐτὸν
1115 1164 1207 1219 καὶ
1249 1162 1604 1236 ἐργαζόμενος
1658 1168 1837 1219 δικαι-

226 1246 440 1319 οσύνην
473 1247 660 1313 δεκτὸς
706 1245 857 1322 αὐτῷ
891 1243 1060 1303 ἐστί.”
1121 1251 1205 1303 28.
1240 1250 1331 1304 καὶ
1361 1247 1390 1304 ὁ
1415 1251 1645 1312 Παῦλος
1687 1247 1747 1304 δὲ
1776 1244 1836 1303 τὸ

228 1328 551 1403 εὐαγγέλιον
584 1330 936 1402 δικαιοσύνης
970 1330 1119 1387 εἷναί
1152 1352 1317 1404 φησι,
1359 1333 1537 1404 λέγων
1560 1326 1838 1404 ’(δύναμις

225 1415 331 1487 γὰρ
371 1419 512 1472 θεοῦ
552 1418 702 1472 ἐστιν
747 1421 823 1481 εἰς
864 1421 1145 1488 σωτηρίαν
1188 1417 1354 1474 παντὶ
1384 1421 1459 1492 τῷ
1500 1414 1836 1487 πιστεύοντι,
1863 1441 1904 1473 15

179 1525 202 1556 b
222 1498 472 1576 Ἰουδαίῳ
497 1523 555 1556 τε
579 1502 800 1572 πρῶτον
823 1502 914 1556 καὶ
930 1497 1169 1572 Ἕλληνι.
1222 1498 1548 1572 δικαιοσύνη
1571 1499 1676 1573 γὰρ
1699 1505 1839 1557 θεοῦ

229 1588 288 1642 ἐν
319 1582 469 1661 αὐτῷ
501 1579 1002 1642 ἀποκαλύπτεται.”
1045 1587 1136 1641 καὶ
1169 1587 1227 1642 ἐν
1257 1594 1504 1658 Ψαλμοῖς
1537 1585 1598 1641 δὲ
1630 1593 1840 1658 εἴρηται

227 1671 354 1743 περὶ
394 1672 494 1725 τοῦ
532 1671 774 1743 Χριστοῦ
806 1666 1102 1726 “ἀνατελεῑ
1139 1673 1198 1726 ἐν
1237 1683 1359 1735 ταῖς
1399 1665 1627 1742 ἡμέραις
1667 1667 1840 1725 αὐτοῦ

230 1751 554 1826 δικαιοσύνη
598 1754 690 1810 καὶ
732 1757 947 1825 πλῆθος
989 1749 1265 1826 είρήνης.”
1335 1758 1418 1810 29.
1452 1755 1541 1810 καὶ
1584 1751 1644 1810 τὸ
1676 1759 1838 1824 ἔργον

230 1838 291 1894 δὲ
333 1831 504 1894 αῦτοῦ
549 1833 620 1904 ὠς
661 1835 885 1910 ἀληθῶς
930 1841 1073 1895 θεοῦ
1104 1837 1466 1909 δικαιοσύνην
1507 1839 1835 1907 ἐνεδείξατο,
1860 1862 1903 1894 20

227 1921 287 1978 τὸ
329 1925 442 1979 πᾶν
482 1925 642 1994 γένος
683 1918 1003 1994 ἀνθρώπων
1045 1925 1099 1988 ἐξ
1140 1930 1265 1978 ἴσου
1303 1924 1397 1994 τῆς
1436 1919 1585 1993 παρὰ
1615 1923 1689 1996 τῷ
1721 1923 1838 1996 θεῷ

229 2005 666 2073 καταξιώσαντος
698 2004 955 2075 κλήσεως.
1029 2002 1146 2060 ἀλλ’
1185 2001 1252 2061 οῦ
1293 2008 1518 2062 τοιαῦτα
1550 1996 1619 2076 ἦν
1649 2002 1714 2060 τά
1749 2002 1853 2060 διά

229 2091 509 2159 Μωσέως,
552 2091 635 2145 ἑνὶ
679 2090 739 2144 δὲ
779 2087 930 2164 μόνῳ
971 2091 1045 2163 τῷ
1073 2085 1361 2146 Ἰουδαίων
1402 2095 1556 2146 ἔθνει
1590 2093 1841 2162 δεδωρη-

229 2173 394 2245 μένα·
442 2171 528 2229 διὸ
560 2174 651 2229 καὶ
683 2170 818 2244 πρὸς
849 2170 1043 2245 καιρὸν
1072 2175 1320 2245 φανέντα
1350 2172 1754 2246 παρελήλυθεν.
1803 2168 1838 2244 ἡ

189 2292 206 2314 c
231 2257 291 2313 δὲ
325 2256 413 2313 διὰ
453 2261 551 2314 τοῦ
583 2260 825 2329 σωτῆρος
856 2255 1011 2329 ἡμῶν
1051 2260 1459 2330 κατηγγελμένη
1492 2254 1836 2328 δικαιοσύνη,
1861 2281 1903 2313 25

234 2343 571 2413 διαμένουσα
603 2347 680 2408 εἰς
710 2341 770 2397 τὸ
802 2342 1050 2413 διηνεκὲς
1069 2386 1083 2413 ,
1126 2339 1347 2408 εἰκότως
1378 2339 1600 2406 αἰώνιος
1631 2357 1840 2413 προση-

228 2424 486 2499 γόρευται
510 2425 857 2506 δικαιοσύνη,
890 2423 1026 2482 κατά
1048 2424 1144 2483 τὸν
1165 2425 1409 2498 Γαβριὴλ
1431 2424 1686 2498 φήσαντα
1708 2422 1840 2481 τεκαὶ

234 2513 334 2567 τοῦ
363 2507 596 2582 ἀγαγεῖν
627 2508 988 2582 δικαιοσύνην
1019 2507 1303 2567 αἰώνιον.”
1379 2515 1461 2567 30.
1496 2507 1617 2566 ἀντὶ
1652 2509 1711 2565 δὲ
1739 2513 1840 2565 τοῦ

239 2589 352 2650 οκαὶ
395 2597 495 2652 τοῦ
547 2600 852 2668 σφραγίσαι
896 2591 1093 2667 ὅρασιν
1138 2597 1229 2651 καὶ
1259 2591 1591 2668 προφήτην”
1635 2592 1839 2666 κυριώ-

235 2871 286 2910 18
317 2815 370 2909 Ρ6
400 2815 532 2909 ΙΞοῐῃὲ
551 2818 590 2866 3,
616 2817 683 2855 29.
895 2819 945 2856 10
978 2817 1074 2857 Aet.
1102 2819 1166 2866 10,
1194 2818 1263 2860 34.
1477 2817 1528 2855 14
1558 2816 1683 2856 Rom.
1710 2817 1748 2865 1,
1776 2815 1839 2856 16.

358 2882 391 2911 s.
423 2881 484 2921 ιι,
538 2902 548 2911 .
