1946 3158
209 123 276 176 68
867 124 1117 167 EUSEBH

217 237 241 257 Ἃ

208 265 243 311 η
295 238 433 297 κατὰ
477 240 606 306 τους
654 238 922 306 παλαιοὺς
982 247 1189 308 θυσίας
1246 265 1306 299 τε
1363 244 1457 300 καὶ
1496 245 1811 315 ἱερουργίας

207 323 527 399 ἠξιωμένοι,
560 323 753 382 οὐκέθ’
798 323 953 382 ὅσιον
994 324 1282 399 ἡγούμεθα
1321 333 1683 384 καταπίπτειν
1724 329 1813 384 ἐπὶ

167 456 185 478 0
208 408 274 467 τοὶ
305 415 494 483 πρῶτα
525 411 615 466 καὶ
648 408 868 482 ἀσθενῆ
897 425 1155 483 στοιχεῖα,
1170 409 1421 484 σύμβολα
1451 413 1542 468 καὶ
1577 409 1812 480 εἰκόνας,

207 493 329 551 ἀλλ’
374 492 476 551 οὐκ
500 493 676 566 αὐτὴν
708 491 980 566 ἀλήθειαν
1019 497 1355 568 περιέχοντα.
1403 500 1482 554 19.
1501 493 1721 561 εἰκότως
1754 497 1813 552 δὲ

207 582 300 636 καὶ
343 576 528 636 αὐτῶν
552 578 840 636 Ἰουδαίων
881 584 938 636 οἱ
976 585 1052 646 εἰς
1094 577 1190 637 τὸν
1231 579 1473 651 Χριστὸν
1520 582 1621 637 τοῦ
1673 583 1856 637 θεοῦὅ

206 662 713 736 καταπεφευγότες,
775 669 826 720 εἰ
869 666 1059 736 μηκέτι
1109 667 1220 722 τῶν
1269 667 1521 732 Μωσέως
1565 667 1818 735 ἐπιστρέ-

207 773 401 820 φοιντο
443 747 944 820 παραγγελμάτων,
986 747 1123 804 κατὰ
1155 748 1254 820 τὴν
1295 748 1495 821 καινὴν
1538 747 1815 822 διαθήκην

208 836 461 903 βιοῦντες
502 837 596 905 τῆς
627 829 736 889 ὑπὸ
763 835 1015 899 Μωσέως
1057 829 1363 906 ὡρισμένης
1400 832 1550 900 ε’κτὸς
1591 829 1663 890 ἄν
1702 833 1815 890 εἶεν

207 941 474 990 καταρας,
507 941 600 975 ατε
634 917 702 989 δὴ
732 914 911 1018 αμνοῦ
941 921 1039 975 τοῦ
1063 923 1204 976 θεοῦ
1235 917 1299 975 οὐ
1317 916 1490 1016 μόνον
1508 916 1610 990 τὴν
1640 916 1816 1016 ἆμαρ-

206 1007 332 1059 τίαν
361 1005 459 1059 τού
490 1000 721 1075 κόσμου,
753 998 892 1059 ἄλλα
923 1004 1014 1059 καὶ
1044 1002 1148 1075 τὴν
1181 1006 1239 1060 ἐν
1269 1005 1338 1077 τῇ
1367 1001 1683 1076 παραβασει
1703 1026 1815 1059 των
1839 1020 1879 1052 10

207 1088 459 1191 Μωσέως
512 1090 754 1145 ἐντολῶν
789 1086 1055 1186 κατάραν
1108 1086 1185 1153 εἰς
1225 1086 1395 1144 αὐτὸν
1437 1085 1814 1160 ἀνειληφότος.

157 1191 179 1223 d
208 1172 439 1243 γέγονεν
471 1173 573 1229 οὐν
603 1167 630 1228 ὁ
665 1168 838 1243 αμνὸς
869 1175 970 1229 τοῦ
999 1176 1139 1230 θεοῦ
1175 1174 1266 1228 καὶ
1306 1170 1544 1245 ἁμαρτία
1586 1174 1677 1228 καὶ
1718 1196 1820 1228 κα-

207 1273 370 1327 ταρα·
416 1254 653 1356 ἁμαρτία
700 1281 802 1362 μεν
842 1280 984 1327 υπερ
1035 1282 1146 1314 των
1195 1253 1537 1330 αμαρτωλων
1576 1260 1674 1313 τοῦ
1724 1254 1816 1313 κό-

209 1357 378 1412 σμου,
412 1365 626 1411 καταρα
662 1337 714 1397 δ’
748 1364 890 1413 υπερ
922 1347 1035 1398 τῶν
1057 1339 1131 1414 μὴ
1164 1340 1520 1440 ἐμμενόντων
1552 1346 1684 1397 πᾶσι
1706 1354 1819 1406 τοῖς

211 1427 670 1498 ἐγγεγραμμένοις
704 1427 762 1482 ἐν
792 1450 867 1482 τω
901 1427 1152 1492 Μωσέως
1183 1423 1379 1502 νόμω”
1433 1431 1517 1482 20.
1540 1423 1624 1482 διό
1647 1445 1820 1498 φησιν
1842 1441 1883 1474 15

208 1506 236 1566 ὁ
268 1506 568 1575 απόστολος
610 1508 951 1581 ιζΧριστὸς
924 1514 1064 1582 ημᾶς
1098 1509 1431 1583 εξηγόρασεν
1481 1514 1540 1567 ἐκ
1579 1514 1677 1582 τῆς
1723 1534 1822 1566 κα-

208 1619 375 1666 ταρας
406 1599 502 1651 τοῦ
533 1591 726 1666 νόμου,
752 1593 1046 1667 γενόμενος
1076 1593 1216 1666 ὑπερ
1247 1593 1404 1668 ημῶν
1435 1591 1702 1665 κατάρα,”
1729 1595 1821 1650 καὶ

203 1676 233 1697 “
252 1678 350 1737 τὸν
389 1677 463 1752 μὴ
503 1677 710 1751 γνόντα
772 1675 1047 1752 αμαρτίαν
1118 1704 1260 1753 υπερ
1328 1703 1485 1752 ημων
1543 1674 1819 1751 ἁμαρτίαν

212 1762 468 1837 ἐποίησεῘ

338 1853 421 1907 21.
491 1855 563 1906 Τί
587 1872 693 1919 γαρ
725 1847 827 1905 οὐκ
859 1853 1050 1920 ἔμελλε
1081 1854 1339 1919 γίνεσθαι
1382 1845 1440 1904 τὸ
1481 1871 1578 1904 του
1613 1845 1822 1919 κόσμου
1846 1864 1888 1897 20

214 1933 542 2005 καθάρσιον,
574 1930 634 1989 τὸ
663 1935 776 1988 τῶν
806 1930 1147 2004 ἁμαρτωλῶν
1178 1930 1516 2004 ἀντίψυχον,
1550 1928 1584 1988 δ’
1627 1929 1695 2003 δὴ
1737 1933 1825 1988 καὶ

215 2013 288 2083 ὡς
319 2008 600 2089 πρόβατον
632 2018 720 2072 ἐπὶ
762 2014 986 2087 σφαγὴν
1017 2014 1184 2089 ἤχθη,
1221 2019 1311 2073 καὶ
1345 2015 1419 2082 ὡς
1460 2015 1658 2090 ἀρνίον
1702 2014 1831 2088 ἀγό-

214 2125 384 2172 μενον
408 2104 509 2158 τοῦ
538 2099 819 2173 θύεσθαι,
853 2099 1025 2157 ταῦτα
1057 2124 1114 2156 τε
1146 2100 1323 2158 πάντα
1355 2097 1498 2173 ὑπὲρ
1539 2097 1696 2172 ἡμῶν
1738 2101 1830 2156 καὶ

219 2184 293 2241 δι’
352 2182 518 2258 ’ἡμᾶς
555 2184 693 2243 ὅθεν
723 2191 780 2242 οί
806 2186 907 2258 μὲν
937 2189 1159 2242 παλαιοὶ
1190 2187 1282 2242 καὶ
1314 2193 1600 2257 θεοφιλεῖς
1630 2183 1833 2257 ἄνδρες

125 2302 193 2343 (33)
218 2269 441 2336 εἰκότως
499 2269 743 2344 ἀπουσία
801 2272 914 2326 τῶν
966 2269 1297 2341 κρειττόνων
1353 2283 1467 2336 τοῖς
1529 2269 1826 2341 συμβόλοις
1849 2289 1889 2321 ⁶25

210 2368 598 2427 προσανεῖχον,
631 2351 702 2420 ὡς
734 2356 826 2410 καὶ
859 2359 1019 2410 τοῦτο
1061 2352 1193 2410 αὐτὸ
1242 2350 1270 2410 ὁ
1323 2353 1504 2425 σωτὴρ
1545 2349 1701 2426 ἡμῶν
1744 2357 1823 2408 δι-

212 2438 402 2496 δάσκει
435 2443 614 2511 λέγων
649 2434 891 2496 τεπολλοὶ
917 2441 1195 2512 προφῆται
1235 2439 1327 2494 καὶ
1371 2444 1577 2494 δίκαιοι
1621 2437 1821 2494 ἐπεθύ-

207 2543 391 2597 μησαν
443 2530 588 2581 ἰδεῖν
627 2519 662 2580 ὁὶ
701 2515 859 2596 ὑμεῖς
898 2525 1155 2594 βλέπετε,
1198 2523 1288 2578 καὶ
1343 2518 1448 2578 οὐκ
1502 2521 1680 2579 εἶδον·
1729 2523 1822 2578 καὶ

209 2608 443 2666 ἀκοῦσαι
465 2606 498 2665 δι’
521 2605 681 2681 ὑμεῖς
712 2606 960 2679 ἀκούετε,
981 2609 1072 2663 καὶ
1092 2603 1195 2664 οὐκ
1215 2603 1520 2679 ἥκουσαν.”
1567 2610 1651 2663 22.
1667 2604 1824 2680 ἡμεῖς

213 2694 273 2749 δὲ
304 2693 369 2749 τὰ
401 2691 587 2765 ἀληθῆ
629 2695 719 2750 καὶ
752 2697 863 2750 τῶν
895 2691 1129 2749 εἰκόνων
1167 2688 1233 2748 τὰ
1273 2688 1555 2764 ἀρχέτυπα
1596 2690 1687 2748 διὰ
1724 2695 1820 2762 τῆς
1846 2715 1885 2748 30

271 2890 321 2926 1ss
356 2887 457 2929 Gal,
488 2891 526 2937 3,
564 2890 627 2927 13.
774 2890 823 2928 18
857 2889 893 2927 2.
929 2888 1031 2928 Cor.
1066 2888 1192 2936 5,21.
1325 2887 1378 2925 27
1410 2885 1560 2924 Matth
1625 2887 1700 2931 13,
1756 2884 1820 2922 17.
