1992 3186
566 144 877 187 DEMONST.
908 144 1128 186 EVANG.
1159 145 1264 186 vn.
1299 146 1339 186 1.
1650 143 1750 196 451

144 259 417 334 διαθήκης
447 258 608 331 λόγος
631 257 733 332 τὴν
755 261 978 332 γένεσιν
1003 262 1275 334 περιέχων
1297 262 1396 316 τοῦ
1421 263 1516 332 τῆς
1540 259 1754 332 προφή-

141 351 292 411 τιδος
320 348 481 416 υἱοῦ,
513 341 572 410 ὃς
603 346 694 400 καὶ
726 342 862 416 πρὸς
893 346 1045 412 λέξιν
1075 346 1168 400 καὶ
1191 347 1501 417 Δαμασκοῦ
1531 347 1621 400 καὶ
1635 353 1756 402 Συ-

142 435 264 503 ρίας
295 427 512 500 ἁπάσης
556 426 658 500 τὴν
688 426 986 501 βασιλικὴν
1017 427 1257 501 δύναμιν
1296 427 1363 484 τά
1393 453 1450 486 τε
1483 430 1755 501 ἑρμηνευ-
1841 500 1848 501 7

141 516 318 571 θέντα
367 511 504 586 ἡμῖν
556 516 735 570 σκῦλα
786 519 1106 585 Σαμαρείας
1158 510 1378 589 ἀρρήτῳ
1430 515 1523 570 καὶ
1575 515 1753 589 ἐνθέω
1782 541 1802 568 α

99 623 120 654 5
143 595 380 671 δυνάμει
411 603 494 663 εἰς
525 610 711 670 χεῖρας
749 601 846 669 τῆς
869 592 1150 669 Ῥωμαίων
1190 603 1471 669 βασιλείας
1503 600 1757 668 παρέδω-

142 697 264 740 κεν·
322 680 389 739 οὐ
429 679 540 755 μὴν
581 679 720 737 ἀλλὰ
761 683 853 738 καὶ
884 681 1022 738 κατὰ
1054 679 1334 753 διάνοιαν,
1376 679 1506 747 τούς
1539 684 1592 749 ἐξ
1618 681 1756 739 Ἰου-

145 772 321 824 δαίων
350 764 523 823 αὐτοῦ
547 765 817 838 μαθητὰς,
851 764 1037 838 ὥσπερ
1060 765 1184 822 τινὰ
1201 769 1379 823 σκῦλα
1396 788 1758 838 περιπεποιη-

143 852 335 924 μένος,
376 862 594 922 νοητοῖς
634 851 725 906 καὶ
767 857 1005 921 λογικοῖς
1044 847 1233 915 ὅπλοις
1277 848 1645 923 περιφράξας,
1679 857 1757 918 εἰς

142 932 441 1007 πρόσωπον
470 937 568 991 τοῦ
600 937 950 1005 δηλωθέντος
973 936 1244 1004 βασιλέως
1270 930 1579 1006 Ἀσσυρίων
1602 958 1755 992 κατε-

80 1043 120 1075 ιο
144 1017 415 1091 στήσατο,
457 1020 548 1075 καὶ
600 1015 830 1083 τούτους
869 1018 973 1090 μὲν
1026 1013 1098 1084 ὥς
1141 1023 1379 1084 οἰκείους
1422 1018 1760 1090 στρατιώτας,

139 1099 366 1167 ὁπλίτας
397 1099 843 1174 παρεσκεύασεν,
891 1106 1006 1158 127.
1039 1100 1167 1167 τούς
1199 1126 1262 1174 γε
1285 1100 1397 1175 μὴν
1420 1121 1751 1175 παραιτησα-

141 1188 343 1259 μένους
371 1183 432 1243 τὸ
463 1184 694 1258 γόνιμον
717 1187 810 1242 καὶ
835 1184 1062 1254 ζωτικὸν
1083 1182 1239 1259 ὕδωρ
1269 1190 1367 1258 τῆς
1398 1184 1573 1244 αὐτοῦ
1603 1191 1756 1243 διδα-

141 1275 370 1336 σκαλίας
421 1269 482 1327 τὸ
526 1268 904 1342 πορευόμενον
955 1269 1163 1344 ἡσυχῆ,
1228 1272 1526 1343 ἑλομένους
1579 1272 1640 1328 δε
1691 1295 1756 1328 τα

143 1355 409 1426 πολεμικὰ
439 1355 532 1411 καὶ
565 1352 739 1427 ἐχθρα
767 1357 846 1430 τῷ
874 1358 1019 1431 θεω,
1050 1358 1126 1430 τῷ
1167 1358 1281 1412 τῶν
1304 1353 1617 1427 Ἀσσυρίων
1649 1358 1756 1424 ἐξέ-

79 1465 120 1496 15
146 1444 291 1495 δωκε
322 1444 568 1510 βασιλεῖ,
615 1439 659 1513 ᾧ
699 1439 793 1494 καὶ
839 1442 1004 1496 εἰσέτι
1043 1443 1152 1495 νῦν
1194 1460 1532 1512 τυγχανουσι
1563 1445 1756 1497 δεδου-

142 1523 392 1595 λωμένοι.
459 1527 574 1579 128.
601 1520 774 1594 ἀνέβη
806 1523 944 1594 γοῦν
972 1547 1130 1589 ουτος
1163 1525 1251 1580 ἐπὶ
1281 1527 1466 1580 πᾶσαν
1494 1548 1754 1596 φαραγγα
1778 1550 1852 1589 (3253.
1857 1551 1867 1588 )

144 1603 358 1678 αὐτῶν,
399 1608 491 1663 καὶ
534 1608 622 1662 ἐπὶ
654 1609 767 1663 πᾶν
796 1620 972 1679 τεῖχος
1002 1604 1215 1678 αὐτῶν,
1263 1609 1354 1664 καὶ
1385 1604 1618 1679 ἀφεῖλεν
1647 1607 1755 1666 ἀπὸ

91 1738 95 1741 .
141 1694 237 1762 τῆς
273 1687 541 1757 Ἰουδαίας
582 1689 762 1748 πάντα
802 1687 1041 1764 ἄρχοντα
1080 1693 1172 1747 καὶ
1204 1689 1462 1763 βασιλέα,
1506 1691 1757 1765 κεφαλὴν

140 1772 563 1847 ὀνομαζόμενον,
596 1777 689 1831 καὶ
720 1796 900 1832 παντα
933 1773 1174 1832 δυνατὸν
1205 1778 1652 1833 συντελέσασθαί
1675 1794 1752 1833 τι

79 1884 120 1916 20
144 1876 284 1916 ωστε
317 1861 371 1926 ἐξ
403 1862 621 1916 ἐκείνου
652 1861 744 1915 καὶ
778 1865 854 1925 είς
888 1862 1054 1932 δεῦρο
1093 1858 1227 1932 μήτε
1270 1859 1522 1933 κεφαλὴν
1552 1859 1755 1926 αὐτοὺς

142 1946 448 2014 κεκτῆσθαι
477 1941 611 2016 μήτε
641 1967 764 2000 τινα
798 1942 1042 2001 δυνατὸν
1074 1947 1134 2000 ἐν
1163 1957 1276 2010 τοῖς
1299 1950 1506 2016 θείοις,
1539 1942 1652 2011 οἷος
1683 1946 1755 2017 η’ν

142 2024 171 2082 ὁ
222 2026 392 2083 παλαι
442 2028 766 2096 διαπρέπων
817 2031 876 2085 ἐν
919 2026 1106 2095 αὐτοῖς
1157 2038 1267 2086 εἴτε
1311 2027 1597 2102 προφήτης
1646 2038 1755 2086 εἴτε

141 2108 319 2176 ἄλλως
353 2116 564 2178 δίκαιος
594 2114 687 2168 καὶ
715 2112 985 2185 θεοφιλὴς
1014 2110 1174 2185 ἀνήρ.
1232 2117 1346 2169 129.
1381 2113 1662 2186 πρόδηλον
1695 2115 1755 2170 δὲ

142 2191 291 2260 ὅπως
323 2197 414 2251 καὶ
444 2197 594 2253 πᾶσα
625 2193 811 2253 αὐτῶν
840 2195 872 2268 ἡ
906 2195 1056 2270 χώρα
1087 2196 1402 2269 ὑποχείριος
1425 2212 1539 2263 τοῖς
1571 2196 1756 2255 αὐτῶν

79 2303 121 2335 25
147 2281 364 2352 ἐχθροῖς
395 2281 487 2335 καὶ
517 2288 798 2353 πολεμίοις
831 2283 996 2338 εἰσέτι
1026 2287 1133 2337 νῦν
1163 2284 1502 2354 καθέστηκε,
1548 2287 1638 2338 καὶ
1683 2281 1754 2348 ὡς
1783 2309 1800 2335 ι.

142 2366 313 2419 ταῦτα
354 2361 533 2420 πάντα
575 2366 665 2420 ἐπὶ
695 2365 765 2436 τῇ
794 2373 1073 2440 παρουσία
1111 2369 1210 2421 τοῦ
1237 2362 1582 2437 Ἐμμανουήλ
1612 2368 1752 2422 τετέ-

145 2453 344 2502 λεσται.
388 2445 534 2504 οὕτω
551 2447 738 2520 γοῦνὴ
760 2443 1032 2521 Ἑβραίων
1055 2446 1243 2521 γραφὴ
1267 2450 1524 2520 περιέχει,
1550 2472 1754 2520 μονονὴ

144 2531 267 2600 ουχὶ
316 2538 663 2601 σημαίνουσα
709 2530 808 2589 τὸν
846 2530 1191 2604 Ἐμμανουὴλ
1239 2531 1336 2587 τὸν
1376 2529 1752 2603 ἀπιστηθέντα

144 2611 247 2683 μὲν
275 2610 385 2668 ὑπὸ
417 2611 706 2687 Ἰουδαίων
747 2618 839 2673 καὶ
871 2624 1051 2673 αἴτιον
1091 2614 1280 2680 αὐτοῖς
1320 2618 1432 2671 τῶν
1471 2615 1751 2672 τοσούτων
1777 2644 1862 2684 [203]

80 2721 122 2753 30
144 2693 445 2768 γενόμενον
485 2703 825 2770 συμφορῶν,
867 2698 1002 2772 ἡμῖν
1044 2700 1106 2755 δὲ
1146 2711 1260 2764 τοῖς
1306 2705 1497 2756 ἔθνεσι
1527 2720 1751 2757 πιστευ-

144 2780 316 2835 θέντα
346 2787 616 2854 σωτηρίας
641 2805 699 2838 τε
722 2786 814 2839 καὶ
843 2782 1101 2854 γνώσεως
1123 2786 1267 2839 θεοῦ
1292 2790 1585 2856 παραίτιον
1614 2781 1752 2841 ἄπο-

146 2865 452 2935 δειχθέντα.
533 2869 647 2922 130.
683 2865 770 2923 διὸ
814 2868 935 2937 ἑξῆς
982 2870 1314 2939 ἐπιλέγεται,
1359 2865 1494 2940 μεθ’
1536 2865 1693 2941 ἡμῶν
1722 2868 1750 2925 ὁ

1348 2961 1456 3013 29²³*
