1992 3186
237 100 343 152 604
909 99 1154 140 EUSEBII

239 219 330 274 καὶ
362 219 568 289 κωφῶν
600 213 861 280 ὡσαύτως
891 212 1059 280 ἀκοὰς
1092 218 1319 286 ἰᾶσθαι,
1350 214 1561 288 χωλούς
1591 240 1650 273 τε
1680 213 1846 290 ἀνορ-

239 305 418 371 θοῦν,
471 303 563 356 καὶ
605 298 733 365 τοὺς
773 296 874 371 τὴν
918 301 1167 371 γλῶτταν
1207 301 1539 371 δεδεμένους
1582 298 1848 367 εὐλάλους

238 384 648 454 ἀποκαθιστᾶν,
689 379 829 455 ἅπερ
874 380 1092 440 ἅπαντα
1130 381 1240 439 ὑπὸ
1279 388 1377 439 τοῦ
1417 388 1661 456 σωτῆρος
1691 382 1848 457 ἡμῶν

232 469 412 541 Ἰησοῦ
443 470 686 539 Χριστοῦ
714 470 1050 539 πέπρακται,
1083 464 1172 524 οἶα
1201 466 1310 524 ὑπὸ
1332 470 1493 540 θεοῦ,
1525 470 1616 524 καὶ
1638 493 1847 542 μεμαρ-

126 578 214 621 [279]
239 553 474 625 τύρηταί
509 576 570 624 γε
609 548 717 608 ὑπὸ
749 550 1024 609 πλειόνων
1053 554 1166 609 τῶν
1206 550 1343 609 καθ’
1377 548 1506 624 ὅλης
1535 555 1630 624 τῆς
1661 560 1847 611 οἰκου-
1870 577 1892 609 5

191 664 211 695 b
237 640 404 710 μένης
444 635 805 709 κηρυξάντων
856 634 1041 693 αὐτόν.
1114 639 1161 692 5.
1207 628 1286 693 οἷν
1336 633 1395 692 τὸ
1436 633 1718 712 ἄπλαστον
1757 641 1849 695 καὶ

238 720 444 794 ἀληθὲς
467 725 562 792 τῆς
585 727 892 795 μαρτυρίας
918 718 1256 792 πιστοῦταιὴ
1285 717 1375 777 διὰ
1392 719 1660 792 βασάνων
1685 735 1850 796 πεῖρα

238 808 329 862 καὶ
351 804 385 879 ἡ
408 807 566 878 μέχρι
583 803 834 862 θανάτου
858 811 1128 874 ἔνστασις,
1153 801 1223 877 ἣν
1247 807 1337 862 ἐπὶ
1358 807 1635 875 βασιλέων
1656 802 1851 879 ἀρχόν-

238 914 349 947 των
389 914 447 947 τε
489 891 580 946 καὶ
619 887 910 962 ἡγεμόνων
948 891 1040 946 καὶ
1081 889 1229 946 ὅλων
1271 892 1850 961 ἐθνῶνένεδείξαντο,

238 987 351 1042 τοῖς
380 971 480 1031 ὑπ’
514 972 702 1031 αὐτῶν
733 976 1156 1048 κηρυττομένοις
1182 971 1456 1046 ἀλήθειαν
1483 974 1848 1049 ἐπιμαρτυρή-
1872 999 1915 1034 10

238 1078 447 1124 σαντες.
512 1063 559 1116 6.
593 1057 806 1125 τούτοις
839 1059 899 1115 δὲ
931 1057 1117 1125 αὐτοῖς
1147 1054 1386 1131 ἡγοῦμαι
1415 1071 1530 1125 τοῖς
1561 1057 1851 1132 εὐαγγελι-

239 1158 393 1208 σταῖς
424 1139 597 1200 αὕτοῦ
627 1145 718 1199 καὶ
750 1141 1073 1209 ἀποστόλοις
1117 1145 1421 1213 ἐπιφωνεῖν
1449 1142 1508 1199 τὸ
1541 1147 1760 1216 πνεῦμα
1790 1142 1850 1200 τὸ

238 1225 582 1335 προφητικὸν
622 1251 688 1283 τα
728 1224 836 1283 ἀπὸ
865 1231 964 1283 τοῦ
1001 1222 1304 1299 “ι’σχύσατε
1334 1241 1512 1300 χεῖρες
1542 1223 1850 1300 ανειμέναι,

238 1314 330 1368 καὶ
361 1309 567 1383 γόνατα
599 1309 1059 1384 παραλελυμέναῖ
1129 1313 1248 1368 ἐπεὶ
1280 1335 1386 1384 γαρ
1416 1334 1510 1378 τας
1541 1324 1727 1384 χεῖρας
1759 1315 1851 1369 καὶ

198 1431 214 1452 e
237 1394 332 1462 τὰς
374 1393 675 1469 πρακτικὰς
718 1395 982 1468 δυνάμεις
1013 1388 1164 1453 οὗτοι
1189 1394 1283 1461 τάς
1314 1419 1372 1452 τε
1402 1393 1594 1467 βάσεις
1627 1399 1720 1453 καὶ
1749 1394 1852 1469 τὴν
1875 1417 1918 1450 15
1945 1458 1949 1461 ¹

237 1486 469 1553 πορείαν
498 1478 607 1536 ἀπὸ
636 1485 731 1552 τῆς
760 1485 972 1553 μακρᾶς
1002 1479 1268 1554 περιόδου
1297 1483 1392 1554 τῆς
1422 1477 1559 1537 κατὰ
1588 1479 1684 1537 τὸν
1716 1489 1850 1538 Μω-

238 1566 375 1630 σέως
405 1562 578 1637 νόμον
608 1571 861 1639 λατρείας
893 1571 1275 1637 παρείθησαν,
1319 1570 1609 1639 διεγείρων
1648 1562 1851 1633 αὐτούς

240 1650 328 1705 ἐπὶ
352 1647 454 1721 τὴν
465 1647 602 1706 κατὰ
622 1648 681 1706 τὸ
697 1646 1021 1722 εὐαγγέλιον
1043 1655 1345 1722 πολιτείαν,
1361 1646 1689 1722 “ίσχύσατε”
1713 1652 1851 1722 φησὶ

230 1729 446 1806 ”χεῖρες
496 1732 780 1807 ἀνειμέναι
835 1736 928 1790 καὶ
979 1733 1185 1806 γόνατα
1236 1732 1720 1807 παραλελυμένα,”
1773 1740 1850 1799 εἰς

241 1819 562 1890 ἑτοιμασίαν
603 1820 816 1890 δηλαδὴ
847 1821 947 1875 τοῦ
988 1819 1126 1875 κατὰ
1167 1816 1226 1874 τὸ
1261 1815 1586 1890 εὐαγγέλιον
1619 1815 1843 1890 δρόμου.
1870 1840 1914 1872 20

241 1906 284 1957 7.
332 1901 589 1974 ἰσχύσατε
631 1903 693 1959 δὲ
741 1905 833 1959 καὶ
876 1908 953 1968 εἰς
1003 1901 1062 1958 τὸ
1103 1909 1448 1975 παρακαλεῖν
1495 1903 1714 1974 ἑτέρους
1757 1905 1848 1959 καὶ

238 1990 531 2058 παρορμᾶν
544 1993 773 2058 ἔχεσθαι
794 1991 890 2057 τῆς
913 1983 1272 2057 εὐαγγελικῆς
1303 1991 1577 2058 σωτηρίας
1607 1981 1766 2058 ὑμεῖς
1797 1991 1854 2043 οἱ

237 2068 296 2124 τὸ
328 2071 463 2140 πρὶν
502 2068 855 2142 ὀλιγόψυχοι,
899 2071 991 2125 καὶ
1020 2067 1096 2142 μή
1126 2093 1208 2136 τις
1247 2065 1390 2142 ὑμᾶς
1421 2074 1643 2141 αἱῗρείτω
1674 2068 1849 2142 φόβος

189 2176 211 2208 d
236 2155 347 2209 τῶν
378 2155 590 2220 ἔξωθεν
613 2150 1038 2226 ἀνθισταμένων
1060 2157 1136 2228 τῷ
1161 2151 1498 2230 εὐαγγελικῷ
1521 2155 1849 2227 κηρύγματι,

236 2232 375 2292 ἀλλὰ
415 2239 506 2293 καὶ
546 2236 680 2311 πρὸς
720 2236 946 2303 τούτους
989 2236 1274 2311 ἰσχύσατε,
1316 2240 1407 2294 καὶ
1445 2235 1521 2310 μὴ
1552 2244 1842 2309 φοβεῖσθε.
1869 2260 1915 2292 25

238 2325 283 2376 ⁵3.
319 2320 449 2388 θεὸς
490 2321 598 2395 γὰρ
639 2313 709 2393 ἦν
749 2324 840 2378 καὶ
872 2326 1011 2379 θεοῦ
1042 2320 1227 2394 λόγος,
1270 2318 1394 2378 ἀλλ’
1438 2320 1506 2378 οὐ
1544 2330 1741 2379 Μωσεῖ
1767 2347 1847 2388 τις

237 2404 646 2478 παραπλήσιος,
698 2403 836 2464 οὐδέ
881 2430 962 2472 τις
1013 2419 1126 2472 τοῖς
1167 2404 1475 2479 προφήταις
1514 2403 1725 2479 ὅμοιος,
1779 2406 1848 2463 οὐ

237 2488 411 2561 μόνον
439 2513 553 2547 των
584 2489 915 2588 παραδόξων
946 2512 1172 2563 ποιητης
1202 2489 1537 2562 θαυματων,
1579 2488 1720 2546 ἀλλὰ
1754 2493 1847 2547 καὶ

239 2568 372 2646 ὑμῖν
403 2573 589 2640 αὐτοῖς
619 2578 714 2647 τῆς
747 2573 934 2648 ἰσχύος
964 2597 1205 2647 γεγονως
1236 2584 1422 2640 ειίᾞτιος
1492 2579 1541 2630 9.
1573 2580 1754 2639 πίστις
1788 2573 1839 2630 δ’

236 2680 305 2714 αν
356 2661 571 2729 γένοιτο
623 2657 991 2731 ἐναργεστάτη
1044 2682 1138 2730 της
1198 2663 1295 2715 τοῦ
1356 2660 1847 2731 προφητευομένου
1868 2678 1910 2710 30

237 2744 480 2814 σωτῆρος
511 2738 668 2814 ημῶν
699 2746 900 2800 ἐνθέου
933 2742 1248 2814 δυναμεως,
1284 2741 1357 2798 δι’
1395 2767 1457 2814 ης
1482 2741 1707 2814 ἀληθῶς
1741 2765 1843 2814 χω-

237 2824 365 2890 λοὺς
390 2828 482 2880 καὶ
503 2826 750 2898 τυφλοὺς
773 2829 870 2883 καὶ
889 2826 1124 2901 λεπροὺς
1149 2828 1240 2883 καὶ
1263 2828 1629 2901 παρειμένους
1655 2823 1845 2883 ιὀἔσατό
