1992 3186
583 117 888 159 DEMONST.
919 118 1139 161 EVANG.
1175 119 1251 160 VI.
1283 120 1352 160 24.
1383 121 1451 158 25.
1706 117 1811 169 413

811 237 832 247 ν
861 229 891 251 7,
1143 238 1166 248 *ν
1221 229 1250 250 (e
1292 234 1312 242 '⁸

202 237 288 308 γὶς
318 233 384 290 τά
415 231 626 306 ἅρματα
659 231 847 290 αὐτου.
953 236 1044 289 καὶ
1076 236 1196 305 ἑξης
1260 243 1379 290 εἰπε
1410 232 1626 306 κύριος,
1659 233 1810 305 κάγώ

200 317 266 375 τά
283 325 417 391 ἔργα
435 315 619 373 αὐτῶν
636 319 726 373 καὶ
750 316 845 373 τὸν
869 316 1132 390 λογισμὸν
1156 315 1367 374 αὐτῶν·
1396 324 1618 391 ἔρχομαι
1642 336 1811 375 συνα-

200 415 396 475 γαγεῖν
426 400 606 458 πάντα
634 401 700 457 τὰ
734 407 874 473 ἔθνη
907 404 998 458 καὶ
1029 402 1124 468 τὰς
1155 401 1442 474 γλώσσας,
1476 404 1567 458 καὶ
1598 401 1809 474 ἥξουσι,

202 490 292 543 καὶ
322 484 555 553 ὄψονται
586 484 688 557 τὴν
734 484 899 553 δόξαν
938 509 1074 558 μου,
1119 489 1209 542 καὶ
1242 493 1554 554 καταλείψω
1588 485 1672 542 ἐπ’
1710 486 1811 543 αύ-

157 593 178 625 5
200 574 314 627 τῶν
344 584 601 642 σημεῖον,
633 572 724 626 καὶ
760 573 1097 637 ἐξαποστελῶ
1132 574 1182 637 ἐξ
1217 568 1402 627 αὐτῶν
1426 575 1812 643 σεσωσμένους

203 661 280 721 εἰς
324 653 390 710 τά
433 660 600 726 ἔθνη,
653 660 730 719 εἰς
774 657 1010 727 Θαρσεὶς
1051 657 1143 710 καὶ
1185 653 1343 711 Φούδ
1387 658 1478 711 καὶ
1520 655 1677 712 Λοὺδ
1717 658 1808 712 καὶ
1833 677 1924 718 (306)

202 737 398 811 Μοσὸχ
429 740 519 794 καὶ
547 739 724 810 Θοβὲλ
747 740 838 794 καὶ
872 744 948 803 εἰς
978 737 1080 809 τὴν
1104 735 1337 794 Ἐλλάδα
1362 741 1452 794 καὶ
1480 745 1556 804 εἰς
1587 739 1681 807 τὰς
1711 738 1812 813 νή-

202 843 336 887 σους
365 821 460 888 τὰς
491 821 698 899 πόρρω,
731 829 786 878 οἳ
813 819 916 877 οὐκ
946 820 1194 893 ἤκουσάν
1224 846 1331 894 μου
1361 821 1420 879 τὸ
1451 820 1644 895 ὄνομα,
1676 822 1803 880 οὐδ’

202 904 483 978 ἑωράκασί
525 930 632 979 μου
673 906 775 977 τὴν
816 904 1010 977 δόξαν,
1054 908 1145 962 καὶ
1187 905 1562 978 άναγγελοῦσί
1598 932 1706 980 μου
1746 907 1809 964 τά

140 1013 180 1044 10
206 998 338 1063 ἔργα
370 994 430 1046 ἐν
458 1005 572 1055 τοῖς
607 986 886 1046 ἔθνεσιν.”
935 988 953 998 ’

328 1079 376 1131 2.
403 1070 722 1146 “Ἀντικρυς
754 1076 844 1129 καὶ
878 1076 938 1130 ἐν
967 1073 1180 1140 τούτοις
1211 1071 1244 1146 ἡ
1269 1080 1367 1131 τοῦ
1391 1081 1591 1148 κυρίου
1618 1082 1694 1140 εἰς
1711 1075 1812 1132 άν-

200 1157 467 1231 θρώπους
498 1164 776 1231 παρουσία
809 1162 1086 1230 δηλοῦται.
1149 1161 1240 1214 καὶ
1275 1157 1574 1231 ἐπειδήπερ
1601 1169 1810 1231 εἴρηται

203 1241 275 1308 ὡς
316 1246 428 1314 πῦρ
467 1241 651 1314 ἥξειν,
697 1241 919 1308 εἰκότως
959 1244 1133 1314 φησὶν
1172 1241 1200 1298 ὁ
1243 1242 1426 1315 σωτὴρ
1471 1241 1628 1315 ἡμῶν
1659 1240 1812 1314 “πῦρ

200 1319 381 1397 ἦλθον
412 1332 606 1397 βαλεῖν
639 1328 727 1382 ἐπὶ
757 1325 859 1397 τὴν
888 1329 1025 1398 γῆν,
1067 1329 1159 1382 καὶ
1188 1333 1241 1382 τί
1270 1329 1420 1383 θέλω
1465 1333 1515 1383 εἰ
1542 1325 1650 1399 ἤδη
1682 1326 1813 1400 ἀνή-

139 1431 180 1464 15
204 1408 388 1481 φθη;”
461 1409 674 1482 ἅρματα
719 1411 777 1465 δὲ
821 1409 997 1466 αὐτοῦ
1039 1409 1133 1476 τὰς
1183 1410 1602 1485 δορυφορούσας
1644 1409 1859 1468 αὐτόνι)

202 1500 366 1559 θείας
419 1493 682 1565 δυνάμεις
734 1497 826 1549 καὶ
875 1493 1003 1559 τοὺς
1072 1497 1610 1566 ἐξυπηρετουμένους
1663 1493 1815 1571 αὐτῷ

209 1576 389 1647 ἱεροὺς
411 1576 679 1649 ἀγγέλους
704 1588 877 1644 εἴποις
902 1575 989 1648 ἂν,
1003 1581 1128 1648 περὶ
1155 1569 1234 1634 οἷν
1259 1587 1470 1650 εἴρηται
1493 1577 1621 1634 “καὶ
1645 1597 1812 1650 προσ-

201 1667 383 1733 ἦλθον
412 1659 634 1733 ἄγγελοι
667 1664 758 1718 καὶ
794 1660 1092 1733 διηκόνουν
1116 1659 1327 1737 αὐτῷ,”
1361 1665 1451 1718 καὶ
1478 1661 1602 1728 τούς
1631 1662 1812 1735 ίερούς

205 1743 544 1811 ἀποστόλους
576 1743 747 1802 αὐτοῦ
778 1749 870 1802 καὶ
899 1745 1149 1818 μαθητάς
1168 1791 1184 1817 ,
1215 1742 1296 1811 οἷς
1330 1745 1694 1819 ἐποχούμενος
1727 1751 1812 1804 ἐν-

140 1854 182 1885 20
205 1832 322 1906 θέω
353 1833 443 1886 καὶ
475 1829 692 1906 ἀοράτῳ
727 1828 960 1902 δυνάμει
976 1826 1005 1886 ὁ
1030 1833 1129 1885 τοῦ
1158 1835 1298 1886 θεοῦ
1322 1829 1481 1901 λόγος
1503 1830 1606 1902 τὴν
1629 1834 1813 1887 πᾶσαν

206 1918 503 1987 διέδραμεν
542 1917 890 1986 οἰκουμένην.
961 1918 1009 1970 3.
1043 1917 1254 1985 λέγοιτο
1300 1911 1354 1969 δ’
1398 1912 1468 1970 ἂν
1514 1918 1605 1970 καὶ
1636 1913 1813 1981 ἄλλως

206 1997 341 2066 πρὸς
383 2000 531 2065 λέξιν
570 2004 681 2069 πῦρ
721 2001 813 2054 καὶ
854 1997 1068 2070 ἅρματα
1099 2001 1570 2070 καταγγέλλεσθαι
1611 1999 1718 2055 σὺν
1747 2004 1813 2073 τῇ

207 2080 379 2138 αὐτοῦ
420 2090 697 2157 παρουσία
745 2082 836 2139 διὰ
879 2082 982 2155 τὴν
1023 2087 1448 2153 καταλαβοῦσαν
1489 2090 1815 2155 πολιορκίαν

205 2164 307 2237 τὴν
329 2162 686 2238 Ἰερουσαλὴμ
715 2165 850 2239 μετά
880 2167 982 2238 τὴν
1011 2171 1113 2223 τοῦ
1142 2171 1386 2239 σωτῆρος
1416 2165 1574 2239 ἡμῶν
1604 2165 1812 2240 ἄφιξιν,

143 2272 185 2305 25
207 2248 339 2322 μεθ’
385 2246 455 2320 ἣν
494 2248 596 2307 οὐκ
638 2257 715 2317 εἰς
754 2250 974 2324 μακράν
1004 2250 1032 2307 ὅ
1063 2252 1166 2323 μὲν
1205 2251 1344 2316 νεως
1376 2248 1538 2317 αὐτὸς
1571 2254 1814 2325 ἐπυρπο-
1847 2285 1864 2306 e

208 2342 353 2390 λεῑτο
385 2336 474 2390 καὶ
505 2332 606 2406 τὴν
638 2335 872 2407 ἐσχάτην
901 2333 1200 2407 ὑπέμεινεν
1227 2339 1476 2407 ἐρημίαν,
1507 2332 1541 2407 ἡ
1569 2336 1630 2391 δὲ
1660 2334 1816 2401 πόλις

211 2416 502 2490 ἐκυκλώθη
530 2415 638 2475 ὑπὸ
670 2415 928 2491 ἁρμάτων
950 2422 1042 2475 καὶ
1066 2423 1453 2490 στρατοπέδων
1483 2421 1814 2490 πολεμικῶν,

211 2498 341 2572 μεθ’
376 2499 409 2555 ἃ
439 2505 531 2557 καὶ
561 2502 626 2558 τὰ
669 2506 794 2574 περὶ
836 2509 949 2559 τῶν
994 2507 1180 2559 ἐθνῶν
1221 2501 1482 2558 ἁπάντων
1512 2511 1814 2574 προηγγελ-

211 2587 349 2655 μένα
380 2585 693 2656 συμφώνως
723 2593 789 2659 τῇ
821 2593 1128 2660 προφητεία
1158 2587 1348 2650 τέλους
1379 2592 1584 2657 ἔτυχεν.
1650 2590 1698 2643 4.
1733 2593 1814 2651 τίς

149 2690 191 2721 30
216 2665 268 2723 δ’
313 2665 415 2723 οὐκ
455 2665 524 2724 ἂν
563 2669 908 2742 θαυμάσειεν
947 2667 1170 2726 άκούων
1211 2675 1309 2725 τοῦ
1347 2676 1546 2741 κυρίου
1589 2668 1678 2726 διά
1717 2676 1815 2727 τοῦ

329 2862 380 2899 13
412 2860 523 2899 Luc.
549 2862 612 2910 12,
635 2862 702 2900 49.
880 2864 928 2902 17
962 2862 1125 2901 Matth.
1150 2864 1189 2908 4,
1215 2864 1278 2901 11.
