1992 3186
273 94 380 147 510
951 92 1199 132 EUSEBII

366 215 388 226 u
462 207 490 230 22
546 205 558 226 9
828 210 849 221 ν
875 202 903 226 ‘C

275 234 455 285 κρων;
527 210 650 265 αντὶ
669 209 729 264 δὲ
751 230 849 264 του
911 204 1152 278 σκύμνος
1177 207 1396 273 λεόντος
1420 205 1621 278 Ἰούδα,
1655 210 1714 264 ἐκ
1743 213 1880 280 βλα-

231 319 251 350 d
276 296 411 351 στοῦ
439 293 532 349 υἰέ
556 316 663 364 μου
686 287 907 362 ἄνέβης,
940 287 1236 347 ἀναπεσών
1261 287 1593 363 ἐκοιμήθης”
1622 295 1882 364 ἐμφαντι-

275 376 490 434 κώτατα
520 371 547 431 5
587 375 689 447 μὲν
713 371 942 440 Ἀκύλας
983 375 1120 447 φησὶ
1143 371 1388 442 “σκύλαξ
1432 377 1652 441 λέοντος
1678 372 1880 444 Ἰούδα,

275 460 381 517 ἀπὸ
413 455 669 524 ἁλώσεως
709 460 802 516 υἱέ
837 482 944 531 μου
975 454 1206 530 ἆνέβης,
1247 456 1465 531 κάμψας
1495 455 1880 532 κατεκλίθης.”

275 549 357 600 68.
391 541 419 599 5
453 544 513 599 δὲ
546 540 845 615 Σύμμαχος
875 561 1013 615 φησι
1055 537 1318 615 σκύμνος
1347 542 1566 609 λεόντος
1590 540 1788 616 Ἰούδα,
1823 545 1882 599 ἐκ
1904 567 1927 599 5

274 624 667 700 θηριαλώσεως
708 628 800 682 υἱέ
835 650 944 699 μου
976 622 1214 699 ἄνέβης,
1256 624 1492 692 ὀκλάσας
1524 624 1878 700 ἡδρασθηςῶ

276 709 350 767 δι’
389 735 469 767 ων
499 729 691 783 σαφως
722 715 1050 783 παρίσταται
1079 708 1113 782 ἡ
1147 713 1206 766 ἐκ
1228 713 1444 784 νεκρῶν
1467 707 1763 776 αναστασις
1794 712 1886 766 καὶ

273 793 307 867 ἡ
341 798 394 862 ἐξ
410 791 630 866 Ἅιδου,
658 791 844 869 ὥσπερ
877 800 936 851 ἔκ
966 818 1113 860 τινος
1144 793 1558 867 θηριαλώσεως,
1589 797 1688 851 τοῦ
1714 799 1886 866 σωτῆ-

273 903 366 953 ρος
396 877 556 951 ἡμῶν
585 875 861 952 ἀποφυγή.
923 883 1004 934 69.
1037 877 1097 935 τὸ
1130 879 1190 935 δὲ
1220 877 1449 935 ὀκλάσαι
1480 880 1571 935 καὶ
1605 879 1889 952 ἑδρασθῆ-

273 987 395 1034 ναι,
438 961 577 1019 ἀλλὰ
617 962 690 1035 μὴ
731 975 1092 1034 καταπεσεῖν,
1133 960 1272 1034 ὁμοῦ
1301 961 1397 1019 τὸν
1436 961 1683 1020 θάνατον
1715 965 1886 1029 ἔδειξε
1909 991 1950 1023 10

276 1045 368 1103 δια
400 1049 497 1104 τοῦ
525 1044 791 1119 οκλασαι,
834 1049 927 1103 καὶ
955 1045 1015 1103 τὸ
1045 1046 1119 1119 μὴ
1157 1044 1509 1119 ὑποσυρῆναι
1538 1042 1738 1119 ὁμοίως
1767 1059 1888 1112 ταῖς

274 1135 386 1187 τῶν
427 1133 637 1187 λοιπῶν
689 1129 1010 1204 ανθρώπων
1057 1143 1257 1203 ψυχαῖς
1306 1128 1397 1186 δια
1446 1135 1544 1187 τοῦ
1585 1126 1885 1203 ἡδρασθαι.

275 1216 447 1271 ταῦτα
477 1238 579 1286 μεν
609 1214 712 1270 οὐν
742 1237 922 1272 παντα
953 1216 1315 1287 προαπέκειτο
1345 1217 1419 1290 τῷ
1450 1218 1698 1290 Χριστῷ,
1741 1213 1888 1286 πλὴν

277 1301 377 1364 ἕως
408 1297 630 1355 οὐδέπω
661 1299 850 1365 τέλους
893 1296 1157 1370 ἐτύγχανε
1187 1295 1246 1354 τὸ
1283 1296 1570 1356 Ἰουδαίων
1601 1296 1887 1370 συνειστή-

276 1405 359 1438 κει
404 1387 567 1448 ἔθνος
587 1425 601 1453 ,
649 1383 740 1438 καὶ
781 1386 838 1438 015
875 1384 928 1449 ἐξ
960 1378 1148 1438 αὐτῶν
1177 1380 1437 1455 ἄρχοντες
1467 1383 1560 1438 καὶ
1589 1379 1888 1455 ἡγούμενοι
1911 1410 1953 1442 15

275 1470 331 1522 οἵ
368 1489 426 1521 τε
469 1465 946 1538 ἐξακριβαζόμενοι
995 1463 1088 1532 τας
1128 1473 1290 1531 θείας
1334 1469 1577 1532 συνετῶς
1616 1468 1745 1540 περὶ
1789 1470 1888 1523 τοῦ

160 1576 251 1618 (379)
276 1554 517 1623 Χριστοῦ
555 1555 891 1624 προφητείας
934 1552 1234 1622 διέπρεπον
1272 1553 1335 1608 ἐν
1373 1546 1575 1616 αὐτοῖς.
1648 1555 1727 1607 70.
1772 1552 1889 1607 ἐπεὶ

278 1634 338 1690 δὲ
371 1631 611 1706 ἐλήλυθε
649 1631 715 1690 τοὶ
759 1630 1097 1707 ἀποκείμενα
1135 1639 1211 1709 τῷ
1235 1632 1449 1710 Ἰούδα,
1493 1632 1669 1707 ἐφάνη
1710 1657 1767 1692 τε
1799 1636 1886 1690 ἐπὶ

275 1722 376 1790 γῆς
406 1716 434 1774 5
467 1717 952 1792 προφητευόμενος
985 1721 1042 1774 ἐκ
1074 1720 1386 1824 σπέρματος
1411 1721 1502 1774 καὶ
1529 1721 1773 1789 βλαστοῦ
1799 1741 1886 1789 γε-

276 1799 505 1874 νόμενος
543 1805 643 1859 τοῦ
684 1804 856 1858 ταῦτα
896 1800 1316 1872 τεθεσπικότος,
1358 1799 1654 1858 ἄναπεσών
1697 1824 1754 1857 τε
1794 1803 1884 1857 καὶ
1909 1829 1951 1861 20

278 1886 591 1958 κοιμηθεὶς,
624 1910 658 1958 η
689 1883 926 1952 ὀκλάσας
957 1909 1094 1942 κατα
1122 1884 1219 1941 τὸν
1250 1882 1583 1957 Σύμμαχον,
1626 1883 1885 1958 ἡδράσθη

276 1971 367 2024 καὶ
418 1965 737 2042 ανηγέρθη,
790 1992 885 2034 τας
938 1981 1124 2041 χειρας
1165 1963 1335 2024 αὐτοῦ
1375 1992 1511 2024 κατα
1555 1966 1735 2025 νώτου
1776 1974 1887 2025 τῶν

275 2049 528 2124 ἀορατων
571 2053 663 2107 καὶ
704 2074 920 2123 νοητων
951 2053 1173 2123 ἐχθρῶν
1205 2051 1513 2123 ἐπιβαλών,
1556 2057 1613 2108 οί
1638 2075 1697 2108 τε
1727 2050 1885 2108 αδελ-

275 2137 372 2205 φοὶ
403 2132 575 2190 αὐτοῦ
616 2136 708 2190 καὶ
739 2136 983 2206 μαθηταὶ
1028 2133 1298 2208 πρότερον
1331 2138 1684 2201 ἐπαινοῦντες
1717 2133 1886 2192 αὐτὸν

275 2219 367 2274 καὶ
406 2215 782 2290 θαυμάζοντες
825 2216 1061 2291 ὕστερον
1101 2219 1191 2274 καὶ
1233 2214 1306 2283 ὣς
1345 2218 1483 2276 θεὸν
1526 2217 1885 2291 ὡμολόγησαν
1908 2245 1949 2278 25

273 2300 449 2374 εἶναι,
483 2303 574 2358 καὶ
620 2297 691 2367 ὥς
720 2301 858 2359 θεὸν
889 2299 1341 2376 προσεκύνησαν,
1385 2305 1686 2375 τηνικαῦτα
1719 2305 1886 2374 ἐπλη-

276 2389 439 2459 ροῦτο
469 2384 535 2442 τὰ
565 2384 901 2459 ἀποκείμενα
933 2384 1109 2462 αὐτῷ,
1146 2383 1217 2451 ὡς
1250 2385 1341 2442 διὰ
1370 2391 1529 2442 τοῦτο
1553 2384 1886 2459 ἀνειρῆσθαι

274 2467 331 2525 τὸ
359 2465 500 2534 “ἕως
531 2464 601 2526 ἂν
633 2475 771 2544 ἔλθῃ
802 2467 868 2526 τοὶ
899 2467 1233 2542 ἀποκείμενα
1264 2466 1468 2545 αὐτῷ.”
1533 2474 1612 2526 71.
1648 2473 1701 2537 ἐξ
1741 2473 1885 2526 ἐκεί-

227 2580 248 2611 b
274 2576 377 2609 νου
418 2551 523 2626 γάρ
567 2577 650 2610 τοι
696 2555 788 2610 καὶ
831 2559 907 2620 εἰς
941 2558 1107 2627 δεῦρο
1140 2558 1218 2618 εἰς
1258 2554 1427 2627 πέρας
1461 2551 1742 2611 ἐλθόντων
1771 2557 1884 2610 τῶν

274 2633 652 2709 ἀποκειμένων
683 2639 832 2715 αὐτῷ
865 2643 1243 2695 διαλελοίπασι
1277 2637 1380 2710 μὲν
1413 2642 1469 2695 015
1501 2635 1758 2711 ἄρχοντες
1791 2638 1882 2693 καὶ
1905 2662 1947 2694 30

390 2828 410 2866 1
448 2829 487 2869 1.
511 2828 672 2869 Thess.
699 2829 736 2880 1,
763 2831 828 2870 10.
