1946 3158
168 106 267 159 118
835 108 1092 163 EUSEBII,

293 229 407 282 108.
470 223 747 290 Πολλάκις
777 227 947 282 τινῶν
978 227 1291 299 λεγομένων
1319 231 1544 286 ἔσεσθαι
1572 231 1632 285 ἐν
1657 230 1770 286 ἐπι-

163 309 319 387 σήμῳ
352 305 544 384 ἡμέρᾳ,
577 306 725 366 τοῦτ’
770 315 919 366 ἔστιν
970 312 1030 366 ἐν
1072 312 1365 387 ἐπιφανείᾳ
1409 310 1640 386 χρόνου,
1683 319 1771 370 λο-

163 396 343 471 γισμῷ
373 392 709 466 συνάγοντες
734 392 836 465 τὴν
874 396 986 451 τῶν
1029 397 1388 468 δηλουμένων
1427 393 1772 454 ἀκολουθίαν

166 481 253 536 ἐπὶ
285 477 387 551 τὴν
417 481 515 536 τοῦ
543 481 681 535 θεοῦ
713 484 1025 552 παρουσίαν
1065 478 1448 554 ἀναφέρεσθαι
1480 477 1770 549 ἀπεδείξα-

164 587 287 637 μεν,
320 560 451 620 καθ’
499 558 568 634 ἣν
609 564 709 620 τοῦ
749 560 957 630 παντὸς
990 560 1277 621 Ἰουδαίων
1317 570 1522 631 ἔθνους
1567 562 1770 623 ἆποπε-
1796 590 1815 621 5

166 650 444 721 σουμένου
486 650 757 714 σπανίους
810 646 964 715 τινὰς
1005 646 1369 721 σωθήσεσθαι
1397 645 1535 715 ’τούς
1579 653 1632 718 ἐξ
1675 648 1772 707 αῦ-

168 735 280 789 τῶν
332 733 950 805 καταλειφθησομένους
991 737 1049 789 οἱ
1103 742 1249 790 θεῖοι
1312 737 1543 806 δηλοῦσι
1602 733 1769 806 λόγοι.

123 839 146 871 d
173 821 286 873 109.
312 813 347 888 ἥ
377 841 439 888 γε
459 813 570 889 μὴν
592 815 728 890 μετὰ
749 831 934 891 χεῖρας
965 819 1105 886 λέξις
1127 814 1333 890 καὶτὴν
1346 816 1558 892 ἡμέραν
1573 820 1665 875 καὶ
1679 817 1775 876 τὸν

170 899 261 958 διὰ
292 899 493 973 ταύτης
536 899 943 975 σημαινόμενον
982 899 1188 977 χρόνον
1228 903 1319 958 καὶ
1359 899 1423 959 τοὶ
1466 904 1551 959 ἐπὶ
1597 900 1774 980 τούτῳ

167 984 557 1060 συμβεβηκότα
633 984 940 1043 λευκότατα
1002 991 1382 1062 παρίστησιν··
1429 994 1772 1056 θεσπίζουσα
1798 1012 1838 1043 10

163 1070 267 1147 γὰρ
298 1067 400 1142 τὴν
440 1073 498 1128 ἐκ
529 1071 835 1145 σπέρματος
877 1074 975 1128 τοῦ
1028 1072 1218 1143 Δαβὶδ
1247 1073 1628 1144 γενησομένην
1674 1073 1775 1128 τοῦ

73 1179 140 1224 [49]
167 1159 406 1228 Χριστοῦ
442 1158 664 1227 γένεσιν
705 1154 845 1228 ὁμοῦ
887 1158 978 1212 καὶ
1007 1154 1110 1229 τὴν
1133 1154 1422 1214 Ἰουδαίων
1452 1153 1775 1213 ἀπόπτωσιν

163 1253 583 1314 προαναφωνεῖ·
617 1241 763 1312 λέγει
808 1241 866 1297 δὲ
906 1238 1080 1307 οὕτως
1143 1245 1258 1296 110.
1304 1236 1477 1297 “ι’δού
1521 1238 1589 1312 δὴ
1620 1236 1649 1296 ὁ
1683 1246 1775 1297 δε-

162 1322 367 1396 σπότης
421 1322 610 1398 κύριος
664 1323 919 1396 Σαβαὼθ
961 1322 1290 1399 συνταράξει
1341 1322 1468 1392 τοῦς
1515 1323 1773 1392 ἐνδόξους

161 1408 296 1482 μετὰ
339 1407 554 1482 ἰσχύος,
599 1433 688 1465 και
731 1412 788 1465 oc
824 1407 1027 1482 ὑψηλοὶ
1077 1407 1627 1481 ταπεινωθήσονται,
1681 1411 1768 1465 καὶ
1799 1433 1838 1463 15

160 1497 461 1550 πεσοῦνται
491 1497 546 1550 oc
572 1489 777 1566 ὑψηλοὶ
805 1500 1069 1571 μαχαίρα,
1094 1492 1122 1551 5
1157 1493 1218 1550 δε
1250 1499 1494 1565 Λίβανος
1525 1491 1633 1550 σῦν
1663 1507 1775 1559 τοῖς

166 1574 402 1651 ὑψηλοῖς
433 1576 707 1635 πεσεῖταιῖ

294 1667 546 1734 Λίβανον
579 1663 638 1719 δὲ
671 1665 921 1720 ἐνταῦθα
951 1660 1054 1735 τὴν
1068 1659 1426 1736 Ιερουσαλὴμ
1457 1666 1774 1733 αἰνίττεται,

164 1745 237 1813 ὡς
270 1749 329 1804 ἐν
360 1748 563 1821 ἑτέροις
593 1745 980 1819 ἀπεδείξαμεν,
1021 1744 1092 1820 ἣν
1128 1744 1262 1819 μετὰ
1292 1744 1518 1803 πάντων
1558 1748 1670 1802 τῶν
1717 1747 1775 1802 ἐν

165 1830 306 1907 αὐτῇ
351 1834 573 1904 σεμνῶν
612 1833 702 1888 καὶ
745 1829 986 1898 ἐνδόξων
1016 1839 1312 1888 πεσεῖσθαι
1351 1826 1380 1887 5
1412 1827 1571 1902 λόγος
1614 1826 1774 1887 ἆπει-
1796 1856 1836 1887 20

166 1924 263 1973 λεῖ.
326 1918 416 1972 καὶ
469 1913 642 1972 ταῦτα
681 1938 746 1988 γε
779 1912 1315 1988 προανατεινοὶμενος
1357 1916 1478 1987 ἑξῆς
1538 1917 1776 1987 ἐπιλέγει

158 1998 189 2019 “
207 2002 300 2057 καὶ
339 1998 684 2067 ἐξελεύσεται
723 1995 931 2073 ῥάβδος
984 2002 1044 2056 ἐκ
1089 2001 1184 2072 τῆς
1230 2003 1378 2074 ῥίζης
1412 1997 1638 2072 Ἰεσσαὶ,
1683 2001 1774 2056 καὶ

69 2099 143 2149 (75)
169 2081 343 2150 ἄνθος
360 2086 524 2156 ἐκτῆς
547 2086 695 2158 ῥίζης
719 2080 1057 2156 ἀναβήσεται
1072 2079 1119 2157 ,”
1152 2085 1240 2140 καὶ
1266 2083 1332 2140 τὰ
1361 2085 1499 2156 ἑξῆς.
1538 2087 1653 2141 111.
1673 2103 1776 2141 σα-

170 2169 413 2242 φέστατα
453 2165 555 2240 τὴν
599 2170 659 2225 ἐκ
698 2171 847 2241 ῥίζης
883 2164 1111 2240 Ἰεσσαὶ,
1163 2168 1342 2241 πατὴρ
1386 2169 1445 2225 δὲ
1487 2159 1558 2240 ἦν
1616 2158 1775 2233 οῦτος

170 2257 267 2312 τοῦ
310 2253 528 2325 Λαβὶδ,
575 2253 795 2325 γένεσιν
832 2256 930 2309 τοῦ
975 2255 1216 2327 Χριστοῦ
1256 2250 1551 2326 παριστὰς,
1597 2250 1688 2324 ἐφ’
1737 2244 1773 2326 ᾗ
1797 2277 1837 2308 25

171 2339 383 2412 γενέσει
413 2334 514 2411 τὴν
542 2339 654 2394 τῶν
687 2339 872 2394 ε’θνῶν
903 2339 1100 2408 κλῆσιν
1130 2334 1400 2410 πρότερον
1427 2336 1530 2409 μὲν
1575 2334 1652 2393 δι’
1690 2341 1778 2393 αἰ-

171 2429 434 2497 νίγματος
515 2423 840 2523 προφητικῷ
914 2419 1100 2498 τρόπῳ
1160 2419 1463 2494 ἀναφωνεῖ.
1553 2420 1611 2476 τὸ
1672 2419 1775 2494 γὰρ

165 2503 736 2581 “συμβοσκηθήσεται
767 2504 932 2572 λύκος
961 2504 1095 2579 μετὰ
1127 2501 1293 2613 αρνός
1316 2549 1331 2579 ,
1374 2506 1466 2561 καὶ
1507 2502 1777 2579 παρδαλις

171 2590 279 2649 σὺν
312 2594 483 2669 ἐρίφω
516 2588 1053 2663 συναναπαύσεται,”
1096 2591 1187 2646 καὶ
1217 2614 1283 2646 τα
1311 2591 1566 2661 τοιαῦτα,
1607 2585 1777 2646 οῦδεν

170 2678 363 2750 ε’τερον
402 2701 435 2749 η
476 2700 589 2733 των
631 2671 845 2751 αγρίων
891 2677 981 2732 καὶ
1021 2695 1253 2747 απηνων
1296 2672 1394 2731 τὸν
1431 2671 1636 2747 τρόπον
1684 2674 1804 2730 uoci:
1809 2700 1838 2729 ,ο

286 2871 337 2910 13
368 2870 446 2912 Es.
481 2871 545 2919 10,
580 2871 647 2911 33.
820 2871 872 2910 22
906 2869 981 2909 Es.
1017 2869 1083 2921 11,
1117 2869 1153 2909 1.
