1992 3186
261 105 365 157 49ss
942 103 1186 144 EUSEBII

205 246 228 278 <1
263 228 360 279 τοῦ
397 219 609 294 Ἰσραὴλ
654 220 1064 291 γενεαλογουσα
1113 216 1220 275 ἀπὸ
1267 221 1362 290 τῆς
1412 223 1509 276 τοῦ
1544 217 1723 277 Ἰούδα
1767 218 1868 292 τὴν

265 305 543 379 καταρχὴν
574 301 878 374 ἐποιήσατο.
944 305 1127 359 ἕπεται
1161 301 1230 374 δὴ
1261 304 1363 360 οὐν
1392 302 1603 370 τούτοις
1634 302 1871 361 ἀκολού-

262 401 379 455 θως
411 391 501 445 καὶ
536 391 595 443 ἐν
623 401 738 452 τοῖς
761 385 895 460 μετὰ
917 392 1090 443 ταῦτα
1111 385 1326 459 χρόνοις
1350 387 1452 458 τὴν
1477 382 1653 460 αὐτὴν
1683 390 1870 461 φυλὴν

263 478 374 531 τῶν
405 474 614 528 λοιπῶν
643 469 934 543 ὁμολογεῖν
956 467 1238 544 ἡγεῖσθαι,
1273 477 1325 529 εἰ
1356 473 1447 527 καὶ
1479 475 1539 528 ἐν
1569 475 1720 545 μέρει
1753 471 1868 530 δια-

262 581 427 630 φοροι
458 554 914 629 προειστήκεισαν
943 559 1042 613 τοῦ
1072 560 1237 627 λαοῦ,
1271 549 1350 612 ὦν
1380 553 1575 612 οὐκέθ’
1607 555 1741 629 ἡμῖν
1775 562 1869 614 δυ·
1893 582 1913 615 5

264 641 431 699 νατόν
475 638 928 714 ἐξακριβάζεσθαι
968 639 1034 696 τὰ
1074 643 1241 713 γένη,
1294 643 1370 716 τῷ
1421 641 1559 712 μηδὲ
1600 643 1872 714 φέρεσθαι

264 731 430 783 θειαν
471 731 668 796 βίβλον
700 728 781 794 ἐξ
797 728 1011 782 ἐκείνου
1042 727 1131 782 καὶ
1162 728 1319 798 μέχρι
1359 728 1472 781 τῶν
1501 729 1599 781 τοῦ
1631 731 1872 798 σωτῆρος

264 809 495 883 χρόνων.
558 814 635 866 16.
669 808 816 881 πλὴν
842 816 920 878 εἰς
943 814 1206 867 τοσοῦτον
1233 813 1515 883 διαρκέσαι
1538 807 1697 881 λόγος
1729 814 1878 883 αιρεῖ

264 893 436 967 φάναι
468 893 572 966 τὴν
610 899 708 950 τοῦ
734 892 912 952 Ἰούδα
944 892 1157 966 φυλὴν,
1207 901 1283 960 εἰς
1313 893 1446 951 ὅσον
1475 891 1534 951 τὸ
1567 898 1679 950 πᾶν
1709 901 1874 959 ἔθνος

267 982 559 1053 ἐλευθερία
601 980 692 1034 καὶ
735 975 1036 1053 αὐτονομίᾳ
1077 977 1362 1052 χρώμενον
1391 976 1500 1034 ὑπὸ
1533 984 1755 1044 οἰκείοις
1779 1002 1874 1052 αρ-
1898 1005 1938 1036 10

266 1084 460 1134 χουσιν
491 1041 581 1118 καὶ
613 1061 942 1136 ἡγουμένοις
976 1061 1331 1120 ἐπολιτεύετο.
1403 1065 1564 1119 τοῦτο
1597 1064 1656 1119 δὲ
1688 1059 1874 1128 αὐτοῖς

269 1150 320 1214 ἐξ
354 1145 523 1220 ἀρχῆς
554 1145 764 1222 ὑπῆρξε
806 1149 898 1203 καὶ
928 1150 1082 1220 μέχρι
1121 1150 1233 1203 τῶν
1264 1144 1597 1219 Αὐγούστου
1637 1145 1872 1219 χρόνων,

266 1227 400 1287 καθ’
435 1227 530 1296 οὓς
555 1228 733 1303 Ἰησοῦ
771 1234 870 1288 τοῦ
909 1234 1151 1304 σωτῆρος
1183 1230 1344 1304 ἡμῶν
1385 1233 1653 1304 φανέντος
1688 1234 1745 1287 ἐν
1775 1227 1871 1286 ἆν-

147 1338 243 1379 (369)
265 1313 513 1388 θρώποις
544 1315 603 1372 τὸ
634 1322 746 1372 πᾶν
778 1321 942 1380 ἔθνος
977 1319 1178 1372 δοῦλον
1203 1312 1486 1388 Ῥωμαίοις
1517 1321 1871 1372 καθίσταται·

147 1422 239 1464 [229]
266 1402 358 1456 καὶ
389 1396 512 1456 ἀντὶ
542 1403 654 1456 τῶν
684 1398 965 1473 πατρόθεν
989 1398 1175 1466 αὐτοῖς
1199 1402 1290 1456 καὶ
1314 1397 1450 1456 κατὰ
1473 1398 1675 1472 νόμους
1706 1395 1876 1472 ἡγου-
1899 1425 1939 1457 15

264 1487 449 1556 μένων
479 1487 691 1557 πρῶτος
716 1480 967 1557 Ἡρώδης
998 1481 1308 1556 ἀλλόφυλος
1333 1482 1518 1541 αὐτῶν
1541 1479 1751 1556 ἡγεῖται
1783 1485 1874 1539 καὶ

265 1566 523 1639 βασιλεὺς
558 1567 891 1640 Αὔγουστος.
967 1573 1046 1624 17.
1082 1571 1181 1635 ἕως
1213 1569 1316 1641 μὲν
1357 1561 1458 1626 οὖν
1497 1565 1719 1625 οὐδέπω
1754 1573 1876 1624 δια-

264 1648 558 1709 λελοίπει“
567 1677 753 1726 αρχων
800 1656 851 1720 ἐξ
888 1650 1095 1724 Ἰούδα,
1143 1650 1276 1710 οὐδε
1315 1649 1620 1725 ηγούμενος
1664 1656 1722 1709 ἐκ
1765 1655 1876 1720 τῶν

264 1742 455 1809 μηρῶν
487 1733 717 1808 αυτοῦ,”
754 1762 866 1794 των
889 1740 1243 1811 προφητειῶν
1266 1741 1324 1794 οι
1348 1735 1535 1810 χρόνοι
1568 1741 1627 1793 ἐκ
1647 1740 1740 1808 τῆς
1765 1740 1875 1792 τῶν

265 1819 550 1894 ἀρχόντων
580 1826 677 1878 τοῦ
710 1828 912 1888 ἔθνους
943 1824 1307 1894 παραθέσεως
1339 1843 1734 1892 ανεγραφοντο.
1784 1817 1872 1876 ού-
1898 1848 1939 1879 20

264 1928 369 1969 τως
415 1897 518 1961 οὖν
541 1904 768 1971 Ἠσαίας
813 1909 872 1961 ἐν
917 1911 1171 1979 βασιλεία
1194 1903 1369 1972 Ὀζίου
1401 1907 1491 1960 καὶ
1516 1902 1752 1961 Ἰωοὲθαν
1784 1906 1875 1960 καὶ

250 1986 418 2060 ’Ἀχαζ
464 1991 555 2044 καὶ
600 1987 866 2060 Ἐζεκίου,
928 1995 985 2044 οἳ
1032 1991 1398 2059 ἐβασίλευσαν
1446 1993 1540 2060 τῆς
1582 1987 1872 2059 Ἰουδαίας,

264 2070 617 2143 προφητεύει.
692 2076 769 2127 18.
804 2070 1004 2143 ὁμοίως
1050 2073 1110 2127 δὲ
1153 2074 1243 2128 καὶ
1281 2069 1454 2144 Ὠσηέ.
1529 2070 1556 2128 ὁ
1607 2074 1666 2129 δὲ
1698 2066 1874 2145 'Am-59

267 2157 325 2211 ἐν
371 2153 597 2227 ἡμέραις
633 2154 808 2223 Ὀζίου
852 2158 1119 2226 βασιλέως
1160 2153 1371 2228 Ἰούδα,
1416 2158 1508 2212 καὶ
1552 2158 1611 2213 ἐν
1650 2155 1875 2229 ἡμέραις

218 2266 238 2298 b
257 2234 534 2311 ‘ISQOssodcgz
558 2242 689 2296 υἱοῦ
711 2238 879 2311 Ἰωὰς,
914 2242 1181 2311 βασιλέως
1208 2237 1440 2314 Ἰσραὴλ,
1474 2242 1565 2296 καὶ
1590 2248 1873 2311 Σοφονίας
1898 2267 1939 2299 25

267 2326 326 2379 ἐν
379 2319 605 2397 ἡμέραις
650 2323 892 2396 Ἰωσίου,
945 2327 1074 2381 υἱοῦ
1112 2321 1314 2397 Ἀμώς,
1367 2326 1636 2396 βασιλέως
1680 2321 1872 2382 Ἰούδα.

264 2405 463 2479 ὁμοίως
507 2408 568 2464 δε
601 2410 693 2464 καὶ
716 2406 989 2512 ἶΙερεμίας.
1045 2405 1164 2464 αλλ’
1201 2405 1290 2466 ὅτε
1317 2407 1681 2465 ἐκλέλοιπεν“
1691 2434 1875 2482 αρχων

268 2494 319 2558 ε”ξ
346 2488 527 2549 Ἰούδα
571 2495 663 2549 καὶ
703 2491 1006 2566 ἡγούμενος
1041 2495 1098 2549 ἐκ
1141 2517 1253 2550 των
1283 2497 1474 2566 μηρῶν
1515 2490 1746 2566 αὕτοῦ,”
1779 2498 1875 2565 τῆς

270 2573 360 2631 δια
411 2579 511 2633 τοῦ
552 2581 793 2651 Χριστοῦ
845 2580 1334 2650 προφητευσμένης
1387 2583 1720 2651 προσδοκίας
1764 2601 1875 2635 των

268 2662 451 2716 ἐθνῶν
474 2658 606 2717 ὅσον
636 2658 788 2718 οὔπω
813 2660 1116 2735 μελλούσης
1143 2661 1471 2735 ἐπιλάμπειν
1493 2666 1571 2738 τῷ
1593 2669 1716 2738 βίῳ,
1750 2659 1874 2719 οὐκ·
1898 2687 1938 2720 30

267 2743 344 2798 έτι
374 2745 476 2814 μὲν
508 2751 752 2815 βασιλεῖς
783 2746 1147 2820 ἐχρημάτισαν
1171 2743 1379 2818 Ἰούδα,
1413 2744 1546 2803 οὐδὲ
1578 2745 1876 2819 ἡγούμενοι

260 2822 490 2899 Ἰσραήλ.
556 2833 633 2885 19.
667 2828 879 2887 τούτων
911 2832 972 2887 δὲ
1012 2846 1129 2897 ταῖς
1161 2837 1518 2907 προφητείαις
1550 2828 1873 2897 ἀκολούθως
