1992 3186
491 134 797 176 DEMONST.
830 135 1049 176 EVANG.
1083 135 1136 178 V.
1170 136 1379 176 Pnoom
1636 132 1736 183 291

136 255 308 352 ίεραῐς
360 253 471 308 τῶν
513 252 814 323 προφητῶν
863 249 1178 323 συμφώνως
1227 247 1736 322 ἀναπεφωνημένα

135 334 274 392 αὐτὰ
307 334 374 407 δὴ
405 337 603 406 ταῦτα,
647 330 680 390 ά
722 336 813 390 καὶ
854 336 987 407 ἡμῖν
1029 333 1216 400 αὐτοῖς
1255 333 1568 407 ὀφθαλμοῖς
1606 357 1738 407 μετα
1760 357 1847 399 [132]

135 421 229 476 τὸν
258 418 471 492 μακρὸν
513 422 688 475 αἰῶνα
732 421 897 476 εἰσέτι
952 423 1055 476 νῦν
1100 417 1457 491 πληρούμενα
1504 438 1738 489 συνορα-

134 529 249 575 ται,
290 509 386 579 μιᾷ
431 504 490 560 δὲ·
532 507 694 576 φωνῇ
735 502 937 569 πάντες
977 495 1128 560 οὗτοι
1168 505 1257 560 καὶ
1296 510 1435 580 θείῳ
1467 502 1738 576 πνεύματι
1764 525 1785 556 (ι

91 612 110 644 5
134 587 352 661 κάτοχοι
384 591 554 645 πᾶσιν
584 585 905 658 ἀνθρώποις
936 587 996 644 τὸ
1027 592 1146 660 φῶς
1177 591 1273 659 τῆς
1300 584 1545 659 άληθούς
1577 611 1738 658 προε-

133 671 406 745 κήρυττον
439 670 751 744 εὐσεβείας,
784 671 1016 744 ἁγνείαν
1047 696 1104 730 τε
1137 677 1315 744 ψυχῆς
1348 675 1438 729 καὶ
1471 671 1738 744 σώματος,

133 763 374 829 παντελῆ
415 781 472 814 τε
512 756 793 829 κάθαρσιν
836 762 1114 826 διανοιάς,
1171 753 1239 828 ἣν
1281 754 1435 813 αὐτοὶ
1470 755 1740 829 πρότερον

134 838 430 913 ἠσκηκότες
460 854 573 907 τοῖς
603 837 868 913 ὑπηκόοις
899 839 1349 913 προυβάλλοντο,
1391 839 1568 913 πάσης
1609 837 1740 898 άκο-

52 976 57 983 .
132 923 336 982 λάστου
368 924 615 998 πράξεως
646 925 773 990 τούς
805 923 1134 993 προσιόντας
1170 922 1556 998 άπείργοντες,
1599 925 1739 998 μηδὲ

67 1032 108 1064 10
131 1013 226 1081 τῆς
268 1012 553 1066 πολυθέου
593 1008 804 1080 πλάνης
846 1006 1246 1081 ἀπομιμεῖσθαι
1297 1009 1392 1075 τὰς
1434 1012 1739 1082 ἐκθέσμους

134 1091 537 1166 ἐπιτηδεύσεις,
581 1093 974 1166 προτροπάδην
1017 1094 1075 1150 δὲ
1116 1091 1350 1165 φεύγειν
1382 1092 1738 1160 διδάσκοντες

131 1183 316 1235 πᾶσαν
349 1176 678 1251 δαιμονικὴν
721 1181 1062 1251 ἐγχείρησιν,
1107 1179 1197 1233 καὶ
1238 1178 1333 1244 τὰς
1374 1176 1542 1234 πάλαι
1583 1199 1741 1251 περι-

132 1260 514 1328 σπουδάστους
541 1265 753 1330 ἐκείνας
777 1259 1273 1336 ἀνθρωποθυσίας,
1306 1260 1398 1328 τάς
1423 1285 1480 1318 τε
1512 1261 1739 1335 αἰσχρὰς

133 1348 224 1402 καὶ
257 1344 584 1418 ἐπιρρήτους
615 1348 740 1418 περὶ
766 1350 920 1404 θεων
944 1345 1246 1418 διηγήσεις,
1280 1339 1413 1403 ὤν’
1383 1353 1739 1420 απείργοντες

68 1452 108 1484 15
130 1429 283 1506 μόνω
336 1432 701 1502 προσανέχειν
761 1429 1174 1501 συνεβούλευον
1233 1455 1307 1487 τω
1360 1429 1587 1488 πάντων
1646 1436 1738 1503 δη-

128 1520 376 1589 μιουργῷ
409 1517 554 1590 θεω,
597 1521 687 1571 οἱα
732 1512 914 1618 ἐφόρω
956 1517 1046 1570 καὶ
1080 1520 1237 1587 κριτῇ
1269 1514 1598 1587 τυγχάνοντι
1628 1538 1739 1571 των
1757 1531 1850 1573 (209)

133 1603 192 1655 ἐν
224 1596 544 1670 ανθρώποις
577 1600 987 1672 πραττομένων,
1047 1598 1187 1670 μηδε
1219 1596 1446 1669 ἀγνοεῖν
1476 1598 1572 1655 τὸν
1607 1600 1738 1671 μέλ-

131 1690 297 1738 λοντα
349 1688 426 1748 εἰς
478 1681 813 1784 ἀνθρώπους
866 1686 1154 1754 ἐπιδημεῖν
1205 1682 1300 1739 τὸν
1349 1681 1590 1755 Χριστὸν
1641 1685 1740 1739 τοῦ

130 1771 297 1837 θεοῦ,
359 1771 579 1839 σωτῆρα
638 1766 842 1832 παντὸς
892 1770 1089 1838 γένους
1140 1763 1464 1837 άνθρωπων
1523 1769 1613 1823 καὶ
1656 1772 1736 1823 δι-

67 1872 108 1905 20
134 1849 410 1907 δάσκαλον
447 1849 750 1923 βαρβάρων
790 1849 930 1923 ὁμοῦ
981 1853 1073 1907 καὶ
1121 1847 1398 1923 Ελλήνων
1453 1848 1736 1922 εὐσεβείας

129 1959 222 2034 της
264 1933 509 2007 αληθοῦς
551 1934 1051 2008 καταστησάμενον.
1128 1939 1212 1991 26.
1273 1933 1537 1992 τοσοῦτόν
1576 1959 1627 1991 τι
1672 1936 1737 2007 ἡν

130 2017 188 2074 τὸ
222 2019 492 2091 διάφορον
522 2044 634 2076 των
664 2010 771 2090 ὑπὸ
812 2025 910 2077 τοῦ
951 2026 1115 2076 θείου
1147 2018 1457 2092 πνεύματος
1490 2018 1737 2091 κατόχων

130 2105 219 2159 καὶ
250 2108 361 2159 τῶν
383 2099 491 2160 ὑπὸ
510 2108 831 2177 δαιμονικῆς
850 2107 1128 2178 ἐνεργείας
1158 2103 1532 2177 μαντεύεσθαι
1564 2122 1738 2177 προσ-

130 2190 492 2259 ποιουμένων.
576 2190 690 2246 εἶτα
742 2187 801 2244 τὸ
841 2189 943 2261 μὲν
985 2186 1232 2261 πονηρὸν
1275 2186 1593 2260 δαιμόνιον,
1647 2185 1737 2245 οἷα

67 2290 108 2324 25
132 2270 330 2328 σκότου
382 2279 615 2345 οἰκεῖον,
677 2271 876 2329 σκότον
917 2275 1008 2329 καὶ
1059 2271 1234 2345 ἀχλὺν
1284 2272 1621 2345 περιβάλλον
1670 2276 1735 2344 τῇ

131 2359 279 2428 ψυχῇ
313 2355 403 2412 διὰ
442 2360 537 2428 τῆς
580 2355 1003 2429 ἕπιφοιτήσεως,
1046 2358 1140 2413 τὸν
1169 2355 1264 2414 ὑπ’
1304 2355 1478 2414 αὐτοῦ
1517 2354 1606 2413 οἷα
1643 2378 1734 2412 νε·
1762 2382 1783 2414 b

133 2438 265 2510 κρὸν
299 2439 533 2510 ἐξήπλου
563 2445 661 2498 τοῦ
685 2439 819 2498 κατὰ
842 2440 1016 2513 φύσιν
1042 2445 1305 2514 λογισμοῦ
1330 2442 1735 2513 παρενηνεγμέ-

132 2545 251 2592 νον,
285 2521 404 2579 οὐδ’
453 2524 721 2597 ἑπόμενον
762 2538 873 2592 τοῖς
914 2528 1229 2596 λεγομένοις
1268 2521 1301 2597 ἧ
1345 2527 1735 2597 πραττομένοις

137 2602 201 2661 δι’
238 2604 429 2677 αὐτοῦ,
461 2612 744 2676 παντελῶς
779 2608 826 2665 δ’
877 2606 1220 2679 ἀναίσθητον
1259 2611 1350 2665 καὶ
1381 2607 1733 2680 παράφρονα,

69 2711 110 2744 30
134 2687 263 2762 παρ’
298 2685 330 2746 ὃ
361 2693 449 2747 καὶ
482 2701 747 2764 μαντείαν
779 2692 964 2764 ὥσπερ
996 2693 1120 2750 τινὰ
1150 2698 1356 2764 μανίαν
1382 2691 1603 2758 εἰκότως
1631 2696 1733 2749 εὀί-

133 2792 257 2830 κασι
287 2772 388 2845 τὴν
417 2775 634 2832 τοιάνδε
666 2776 1015 2835 κατάπτωσιν
1048 2780 1475 2849 ἐπικεκληκέναι.
1546 2781 1628 2834 27.
1674 2774 1733 2832 τὸ

134 2861 198 2914 δέ
226 2881 287 2930 γε
319 2856 542 2930 άληθῶς
568 2863 658 2916 καὶ
685 2867 883 2918 ἔνθεον
910 2866 1145 2934 πνεῦμα,
1177 2862 1491 2933 φωτοειδὲς,
1523 2864 1734 2933 μαλλον

1336 2954 1436 3004 19*
