1946 3158
649 118 958 162 DEMONST.
986 117 1206 187 EYANG.
1240 122 1300 163 11.
1333 125 1373 163 3.
1707 119 1773 171 87

166 233 353 294 αὐτῶν
384 238 444 292 ἐκ
473 239 794 310 περιουσίας
825 231 1253 309 ἀναφαίνεσθαι.
1309 239 1401 294 καὶ
1425 240 1530 294 νῦν
1562 237 1622 294 δὲ
1644 235 1772 310 χρή·
1799 263 1822 295 d

168 338 332 393 σομαι
373 327 561 388 ψιλαῖς
600 332 722 387 ταῖς
761 323 872 376 τῶν
914 324 1214 394 προφητῶν
1254 324 1600 395 παραθέσεσι
1648 326 1774 394 δίχα

167 404 345 478 πάσης
367 407 463 478 τῆς
496 410 572 472 εἰς
613 401 781 470 αὐτὰς
823 410 1092 479 θεωρίας,
1137 404 1229 463 διοὲ
1268 430 1327 464 τε
1372 404 1431 463 τὸ
1466 407 1638 479 σαφὲς
1678 403 1774 462 αὐ-

167 492 280 548 τῶν
326 491 419 547 καὶ
478 488 569 546 διὰ
607 487 667 546 τὸ
707 492 929 562 μέλλειν
989 491 1078 547 ἐπὶ
1131 496 1330 565 σχολῆς
1391 489 1775 566 πληρεστάτην

101 598 123 632 5
168 573 354 633 αὐτῶν
383 572 724 648 ποιήσασθαι
753 572 857 646 τὴν
889 575 1148 642 ἐξέτασιν.

666 727 677 744 r
753 725 767 747 2
865 726 878 745 x
993 731 1012 743 a
1034 727 1047 748 e
1224 736 1239 753 ,

591 734 692 787 κδ.
758 738 882 786 Απο
913 753 1011 787 του
1046 737 1318 803 Ιερεμιου.

168 847 383 907 Λήλωσις
404 848 643 908 αρνήσεως
666 851 751 894 τοῦ
769 845 1021 894 Ἰὀυδαιων
1045 849 1237 922 ε’θνους,
1262 851 1345 895 καὶ
1367 853 1451 907 τῆς
1482 847 1587 895 ἄντ’
1613 848 1774 895 αυτῶν

653 904 961 963 εἰσποιήσεως
983 909 1077 950 τῶν
1100 903 1273 951 ἐθνῶν.

293 1024 373 1073 ΙΙΙ.
426 1008 458 1031 “
486 1010 629 1069 Τάδε
660 1014 805 1083 λέγει
837 1009 1044 1084 κύριος,
1067 1015 1228 1085 στῆτε
1254 1015 1314 1069 ἐν
1336 1025 1454 1079 ταῖς
1479 1008 1649 1084 ὁδοῖς,
1682 1013 1774 1068 καὶ

106 1120 146 1152 ιο
170 1102 345 1170 ἴδετε,
377 1098 470 1154 καὶ
502 1094 811 1204 ἐρωτήσατε
841 1102 1067 1168 τρίβους
1108 1104 1308 1168 κυρίου
1349 1103 1641 1167 αἰωνίους,
1684 1098 1776 1152 καὶ

169 1187 316 1239 ἴδετε
347 1187 480 1239 ποία
522 1183 673 1238 ἐστὶν
705 1179 739 1253 ἡ
780 1179 910 1248 ὁδὸς
955 1177 988 1252 ἡ
1033 1177 1220 1254 αγαθὴ
1263 1184 1354 1238 καὶ
1407 1186 1655 1252 βαδίζετε
1716 1184 1777 1237 ἐν

169 1263 329 1340 αυτῇ,
353 1268 444 1323 καὶ
476 1261 735 1339 ευρήσετε
768 1263 1040 1338 αγνισμὸν
1069 1279 1189 1332 ταῖς
1220 1279 1424 1339 ψυχαῖς
1455 1262 1642 1338 υμῶν
1685 1268 1777 1322 καὶ

172 1349 353 1422 εἶπαν,
384 1348 452 1407 οὐ
483 1348 887 1423 πορευσόμεθα.
959 1352 1280 1408 καθέστακα
1327 1348 1416 1423 ἐφ’
1467 1375 1605 1423 υμας
1650 1369 1776 1407 σκο-

170 1434 336 1506 ποὺς,
376 1431 652 1491 ἀκούσατε
690 1439 787 1507 τῆς
825 1437 1019 1507 φωνῆς
1059 1438 1156 1508 τῆς
1196 1435 1523 1508 σαλπιγγος
1567 1437 1659 1492 καὶ
1702 1434 1776 1492 εἷ-

106 1538 146 1570 15
173 1542 302 1591 παν,
335 1515 437 1576 οὐκ
467 1515 836 1592 ἀκουσόμεθα.
902 1517 994 1575 διὰ
1033 1523 1193 1577 τοῦτο
1223 1518 1472 1592 ἥκουσαν
1509 1518 1575 1576 τοὶ
1615 1526 1775 1592 ἔθνη,

1444 1600 1473 1621 92

167 1606 260 1660 καὶ
289 1608 348 1660 οὗ
372 1610 757 1676 ποιμαίνοντες
786 1602 852 1660 τὰ
884 1609 1113 1677 ποίμνια
1147 1607 1206 1661 ἐν
1238 1602 1441 1671 αὐτοῖς.
1794 1631 1866 1671 (54)

653 1756 744 1815 κε’.
795 1756 927 1815 Ἀπὸ
958 1764 1056 1816 τοῦ
1087 1755 1276 1816 αὐτοῦ.

172 1881 270 1935 Τῆς
299 1879 393 1923 τῶν
413 1875 572 1923 εθνῶν
608 1873 852 1935 εὐσεβείας
889 1875 1117 1946 δήλωσις
1140 1879 1224 1922 καὶ
1265 1880 1350 1935 τῆς
1398 1880 1484 1922 τοῦ
1525 1873 1776 1922 Ἰουδαίων

170 1897 346 1986 ἔθνους
369 1935 649 1990 δυσσεβείας
680 1937 959 1992 κατηγορία.
1025 1931 1279 2003 πρόρρησις
1318 1933 1373 1979 δε
1414 1937 1508 1979 τῶν
1538 1931 1657 1989 μετὰ
1688 1932 1777 1989 τὴν

102 1999 145 2032 20
289 1993 375 2036 τοῦ
397 1993 604 2046 Χριστοῦ
625 1994 896 2047 παρουσίαν
917 1988 1251 2048 μετελθόντων
1273 1989 1450 2042 αὐτοὺς
1473 1993 1649 2036 κακῶν.

292 2080 393 2139 2.‘
397 2077 610 2156 Κύριε
641 2080 796 2156 ἰσχύς
825 2106 933 2156 μου
953 2084 1046 2140 καὶ
1077 2081 1315 2155 βοήθειά
1347 2106 1455 2155 μου
1490 2083 1581 2138 καὶ
1604 2105 1775 2138 κατα-

162 2166 318 2240 φυγή
346 2191 454 2240 μου
496 2170 556 2224 ἐν
595 2162 772 2243 ἡμέρᾳ
814 2171 1016 2225 κακῶν.
1089 2168 1226 2241 πρὸς
1255 2168 1318 2224 σε
1359 2172 1499 2239 ἔθνη
1539 2164 1772 2238 ἥξουσιν

162 2249 264 2309 ἀπ’
303 2250 533 2325 ἐσχάτου
563 2257 659 2324 τῆς
692 2255 811 2325 γῆς,
848 2255 938 2309 καὶ
977 2255 1201 2325 ἐροῦσιν
1254 2251 1327 2318 ὡς
1377 2255 1562 2322 ψευδῆ
1617 2249 1777 2322 ε’κτή-

4 2304 36 2486 ³3
168 2355 337 2394 σαντο
378 2341 436 2394 οι
471 2339 700 2407 πατέρες
741 2338 898 2410 ἡμων
934 2342 1164 2410 εἴδωλα,
1212 2339 1302 2394 καὶ
1356 2334 1461 2394 οὐκ
1505 2342 1655 2392 ἔστιν
1715 2338 1819 2391 ε’νῑ)

106 2441 149 2474 25
173 2419 361 2488 αὐτοῖς
393 2419 656 2493 ὠφέλεια·
692 2427 744 2478 εἰ
772 2421 990 2494 ποιήσει
1023 2424 1202 2499 ἑαυτῷ
1243 2419 1542 2492 ανθρωπος
1581 2417 1771 2484 θεους,

6 2487 30 2541 {²
165 2507 258 2563 καὶ
297 2530 447 2563 ουτοι
486 2504 588 2563 οὐκ
634 2509 778 2564 εἰσὶν
828 2513 967 2565 θεοί.
1039 2511 1086 2563 3.
1134 2505 1225 2563 διὰ
1269 2509 1428 2562 τοῦτο
1481 2502 1606 2560 ἰδού
1666 2502 1771 2575 ἐγώ

165 2593 330 2659 δείξω
363 2589 550 2658 αὐτοῖς
583 2593 641 2648 ἐν
669 2595 745 2667 τῷ
778 2595 950 2667 καιρῷ
981 2589 1175 2667 τούτῳ,
1208 2593 1426 2662 γνωριῶ
1452 2585 1638 2653 αὐτοῖς
1667 2586 1772 2659 τὴν

168 2673 326 2750 χεῖρά
376 2698 483 2748 μου
530 2677 623 2732 καὶ
669 2675 772 2749 τὴν
814 2674 1058 2749 δύναμίν
1112 2690 1245 2748 μου·
1305 2675 1396 2730 καὶ
1461 2670 1772 2746 γνώσονται

282 2884 307 2923 9
337 2883 430 2924 Jer.
454 2884 492 2934 6,
520 2885 585 2923 16.
764 2885 813 2923 21
848 2883 941 2926 Jer.
968 2884 1034 2934 16,
1061 2884 1124 2924 19.
