1992 3186
259 98 363 151 612
544 106 552 113 ·
938 97 1187 139 EUSEBII

823 263 954 326 Ἀπὸ
985 270 1084 324 τοῦ
1116 265 1292 325 αὐτοῦ

150 409 239 451 (454)
393 393 512 442 XVI.
552 379 767 438 “Εἷδον
810 377 907 437 τὸν
937 377 1134 453 κύριον
1172 378 1494 453 καθήμενον
1535 382 1623 437 ἐπὶ
1653 380 1868 456 θρόνου

259 464 479 538 υψηλοῦ
519 466 611 522 καὶ
653 465 995 538 ἐπηρμένου,
1046 466 1140 520 καὶ
1180 466 1471 539 Σεραφεὶμ
1526 464 1875 538 εἱστήκεισαν

261 549 447 627 κύκλῳ
490 548 682 607 αυτοῦ
685 545 714 569 ”
777 547 888 606 εἷθ’
934 544 1151 621 ὑποβάς
1192 566 1329 622 φησι
1369 544 1500 605 “καὶ
1537 546 1751 621 ἥκουσα
1780 555 1919 624 τῆς5

261 638 454 710 φωνῆς
484 640 684 708 κυρίου
715 635 990 706 λέγοντος,
1021 639 1147 690 τίνα
1177 631 1515 705 ἀποστείλω,
1547 635 1640 690 καὶ
1669 640 1750 701 τίς
1781 656 1876 692 πο-

213 748 239 781 b
263 718 519 795 ρεύσεται
563 717 701 791 πρὸς
730 717 828 775 τὸν
859 717 994 776 λαόν
1023 723 1247 788 τοῦτον;
1291 719 1383 775 καὶ
1416 717 1571 791 εἶπα,
1616 716 1740 776 ἰδού
1771 717 1879 791 ἐγώ

264 811 394 879 εἰμι,
427 800 756 861 ἆπόστειλόν
785 827 879 876 με,
911 804 1003 860 καὶ
1037 802 1185 874 εἷπε,
1226 801 1565 876 πορεύθητι,
1597 805 1691 860 καὶ
1721 802 1879 860 εἷπον

261 892 340 966 τῷ
378 892 493 965 λαῷ
532 886 742 965 τούτῳ,
783 885 924 961 ἀκοῇ
953 885 1250 959 ἀκούσετε,
1291 889 1383 944 καὶ
1425 885 1493 944 οὐ
1537 887 1610 962 μὴ
1654 890 1878 962 συνῆτε,

264 977 357 1031 καὶ
389 975 686 1046 βλέποντες
727 975 960 1045 βλέψετε
1000 973 1089 1029 καὶ
1133 969 1200 1029 οὐ
1240 971 1313 1046 μὴ
1358 977 1524 1045 ἴδητε.
1589 971 1880 1046 ἐπαχύνθη
1903 998 1945 1030 10

263 1057 372 1133 γαρ
403 1057 437 1131 ἡ
468 1063 669 1133 καρδία
700 1061 799 1114 τοῦ
829 1061 966 1114 λαοῦ
996 1055 1215 1128 τούτου,
1253 1059 1346 1113 καὶ
1376 1070 1493 1123 τοῖς
1525 1055 1664 1115 ὠσὶν
1695 1056 1881 1114 αὑτοῖν

267 1145 479 1216 βαρέως
509 1140 787 1216 ἥκουσαν,
819 1144 912 1198 καὶ
951 1139 1080 1208 τούς
1119 1138 1448 1215 ὀφθαλμοὺς
1488 1140 1675 1199 αὑτων
1714 1139 1883 1215 ἐκάμ-

266 1245 483 1301 μυσαν,
506 1226 735 1300 ·μήποτε
766 1231 928 1284 ἴδωσι
966 1240 1080 1293 τοῖς
1110 1222 1445 1300 ὀφθαλμοῖς,
1477 1229 1569 1283 καὶ
1598 1241 1712 1293 τοῖς
1745 1224 1883 1284 ὠσὶν

267 1309 577 1384 ἀκούσωσι,
620 1313 712 1368 καὶ
752 1314 819 1385 τῇ
851 1315 1055 1386 καρδία
1085 1328 1326 1384 συνωσι,
1369 1312 1461 1368 καὶ
1493 1312 1882 1385 ἐπιστρέψωσι,

268 1399 361 1454 καὶ
394 1395 632 1469 ίοῖσωμαι
662 1392 930 1461 αὐτούς.”.
1904 1419 1945 1452 15

395 1485 443 1538 2.
482 1477 662 1554 ’Έχεις
693 1481 784 1536 καὶ
815 1478 1030 1537 τούτων
1059 1477 1119 1536 τὸ
1149 1476 1494 1553 αποτέλεσμα
1525 1481 1614 1537 ἐπὶ
1644 1481 1744 1537 τοῦ
1773 1496 1885 1537 σω-

266 1568 428 1638 τῆρος
471 1560 660 1637 ἡμῶν,
713 1562 852 1621 κατὰ
890 1565 992 1638 μὲν
1031 1563 1128 1622 τὸν
1151 1562 1419 1637 Ἰωάννην
1463 1562 1720 1638 φήσαντα
1755 1559 1883 1622 “vo-

269 1653 447 1707 σαῦτα
480 1650 542 1706 δὲ
583 1645 758 1706 αὐτοῦ
801 1662 1000 1722 σημεῖα
1049 1647 1408 1721 πεποιηκότος
1433 1654 1754 1723 ἔμπροσθεν
1783 1645 1885 1706 αύ-

228 1760 246 1783 c
268 1738 408 1807 τῶν,
440 1731 545 1791 οὐκ
576 1737 909 1791 ἐπίστευσαν
939 1740 1016 1801 εἰς
1048 1730 1246 1807 αὐτὸν,
1290 1739 1384 1791 ἵνα
1413 1732 1441 1791 ὁ
1474 1733 1632 1807 λόγος
1657 1731 1885 1792 “Ησαΐου

269 1822 370 1876 τοῦ
397 1817 687 1892 προφήτου
714 1822 988 1894 πληρωθῇ
1011 1815 1078 1876 ὃν
1103 1814 1452 1892 εἶπε“κύριε,
1483 1825 1565 1884 τίς
1593 1821 1884 1875 ἐπίστευσε
1905 1842 1947 1874 20

268 1907 338 1977 τῇ
381 1901 519 1979 ἀκοῇ
560 1899 744 1976 ἡμῶν,
798 1905 890 1960 καὶ
930 1902 959 1959 ὁ
999 1909 1246 1975 βραχίων
1286 1909 1485 1976 κυρίου
1522 1908 1633 1959 τίνι
1673 1898 1886 1959 ἀπεκα-

270 1987 492 2061 λύφθη;
528 1990 620 2043 διὰ
648 1989 809 2044 τοῦτο
839 1985 946 2044 οὐκ
974 1984 1260 2058 ἠδύναντο
1284 1984 1591 2043 πιστεύειν·
1627 1986 1748 2043 εἶπε
1777 1987 1883 2062 γὰρ

271 2071 441 2128 πάλιν
462 2070 716 2141 Ἡσαΐας,
758 2069 1112 2143 τετύφλωκεν
1143 2067 1329 2127 αὐτῶν
1368 2069 1496 2137 τοὺς
1533 2067 1882 2144 ὀφθαλμοὺς,

273 2157 365 2212 καὶ
398 2153 701 2229 ἐπώρωσεν
731 2151 917 2212 αὐτῶν
945 2152 1048 2227 τὴν
1077 2159 1334 2229 καρδίαν,
1366 2159 1458 2212 ἵνα
1487 2154 1562 2228 μὴ
1588 2160 1750 2212 ἴδωσι
1770 2168 1885 2222 τοῖς

160 2264 247 2306 [283]
272 2238 606 2313 ὀφθαλμοῖς,
638 2241 731 2296 καὶ
760 2237 1004 2311 νοήσωσι
1033 2243 1099 2314 τῇ
1131 2245 1352 2315 καρδίᾳ,
1380 2241 1471 2296 καὶ
1498 2243 1883 2312 ἐπιστρέψωσι,
1907 2259 1948 2293 25

272 2327 364 2382 καὶ
407 2323 645 2398 ἰάσωμαι
685 2321 934 2391 αὐτούς.”
1005 2327 1054 2381 3.
1103 2326 1277 2381 ταῦτα
1310 2323 1465 2382 εἶπεν
1489 2320 1744 2397 Ἱ-Ισαΐας,
1795 2321 1885 2381 ὅτε

275 2410 390 2466 εἶδε
419 2407 523 2482 τὴν
554 2408 722 2477 δόξαν
752 2405 941 2481 αὐτοῦ,
973 2410 1065 2466 καὶ
1098 2407 1330 2481 ἐλάλησε
1360 2410 1487 2481 περὶ
1518 2405 1717 2465 αὐτοῦ·
1750 2407 1884 2465 κατὰ

226 2518 249 2550 d
278 2495 338 2551 δὲ
381 2492 479 2551 τὸν
510 2502 814 2552 Ματθαϊον
835 2489 967 2550 “ὃ’τε
996 2491 1402 2568 προσελθόντες
1432 2498 1489 2550 οί
1513 2495 1760 2566 μαθηταὶ
1788 2490 1886 2549 αύ-

273 2582 372 2635 τοῦ
405 2579 563 2636 εἶπον
593 2577 763 2655 αὐτῷ,
803 2577 892 2634 διὰ
917 2584 973 2635 τί
1001 2582 1063 2636 ἐν
1091 2584 1433 2649 παραβολαῖς
1458 2576 1644 2643 αὐτοῖς
1670 2585 1887 2647 λαλεῖς;

273 2658 303 2719 ὁ
336 2664 398 2719 δὲ
427 2659 752 2736 ἀποκριθεὶς
784 2663 965 2736 εἶπεν,
1005 2659 1141 2736 ὑμῖν
1171 2663 1390 2719 δέδοται
1421 2665 1630 2735 γνῶναι
1670 2659 1736 2718 τα
1777 2686 1884 2735 μυ·
1906 2683 1948 2716 30

388 2858 415 2896 3
445 2857 524 2896 Es.
545 2857 586 2907 6,
613 2858 651 2899 1.
854 2858 904 2896 17
934 2858 1005 2898 Jo.
1040 2858 1104 2908 12,
1130 2858 1198 2899 37.
1415 2857 1468 2895 28
1499 2855 1642 2895 Math.
1668 2856 1733 2906 13,
1760 2856 1826 2896 10.
