<?xml version="1.0" encoding="UTF-8"?>
<!DOCTYPE html PUBLIC "-//W3C//DTD XHTML 1.0 Transitional//EN"
    "http://www.w3.org/TR/xhtml1/DTD/xhtml1-transitional.dtd">
<html xmlns="http://www.w3.org/1999/xhtml" xml:lang="en" lang="en">
 <head>
  <title>
</title>
<meta http-equiv="Content-Type" content="text/html;charset=utf-8" />
  <meta name='ocr-system' content='tesseract 3.04.00' />
  <meta name='ocr-capabilities' content='ocr_page ocr_carea ocr_par ocr_line ocrx_word'/>
</head>
<body>
  <div class='ocr_page' id='page_1' title='image "./operaeusebius03euseuoft_0667.png"; bbox 0 0 1992 3186; ppageno 0'>
   <div class='ocr_carea' id='block_1_1' title="bbox 588 113 1733 167">
    <p class='ocr_par' dir='ltr' id='par_1_1' title="bbox 588 113 1733 167">
     <span class='ocr_line' id='line_1_1' title="bbox 588 113 1733 167; baseline -0.001 -9"><span class='ocrx_word' id='word_1_1' title='bbox 588 116 897 160; x_wconf 78' lang='lat' dir='ltr'><strong>DEMONST.</strong></span> <span class='ocrx_word' id='word_1_2' title='bbox 919 115 1140 158; x_wconf 79' lang='lat' dir='ltr'>EVANG.</span> <span class='ocrx_word' id='word_1_3' title='bbox 1173 115 1229 155; x_wconf 87' lang='lat' dir='ltr'><strong><em>x.</em></strong></span> <span class='ocrx_word' id='word_1_4' title='bbox 1262 118 1302 157; x_wconf 88' lang='lat'><strong><em>3.</em></strong></span> <span class='ocrx_word' id='word_1_5' title='bbox 1631 113 1733 167; x_wconf 85' lang='lat'><strong><em>643</em></strong></span> 
     </span>
    </p>
   </div>
   <div class='ocr_carea' id='block_1_2' title="bbox 45 219 1845 2698">
    <p class='ocr_par' dir='ltr' id='par_1_2' title="bbox 45 219 1845 2698">
     <span class='ocr_line' id='line_1_2' title="bbox 118 219 1845 307; baseline -0.001 -15"><span class='ocrx_word' id='word_1_6' title='bbox 118 237 237 293; x_wconf 81' lang='grc' dir='ltr'><strong><em>ἐπεὶ</em></strong></span> <span class='ocrx_word' id='word_1_7' title='bbox 269 234 330 291; x_wconf 74' lang='grc' dir='ltr'><strong><em>δὲ·</em></strong></span> <span class='ocrx_word' id='word_1_8' title='bbox 363 219 527 290; x_wconf 57' lang='grc' dir='ltr'><strong><em>εἰσέτι</em></strong></span> <span class='ocrx_word' id='word_1_9' title='bbox 557 235 666 290; x_wconf 85' lang='grc' dir='ltr'><strong><em>νῦν</em></strong></span> <span class='ocrx_word' id='word_1_10' title='bbox 695 237 752 289; x_wconf 81' lang='grc' dir='ltr'><strong><em>οί</em></strong></span> <span class='ocrx_word' id='word_1_11' title='bbox 781 234 839 288; x_wconf 85' lang='grc' dir='ltr'><strong><em>ἐκ</em></strong></span> <span class='ocrx_word' id='word_1_12' title='bbox 869 234 1164 306; x_wconf 79' lang='grc' dir='ltr'><strong><em>περιτομῆς</em></strong></span> <span class='ocrx_word' id='word_1_13' title='bbox 1204 229 1307 303; x_wconf 87' lang='grc' dir='ltr'><strong><em>τὴν</em></strong></span> <span class='ocrx_word' id='word_1_14' title='bbox 1335 234 1448 287; x_wconf 92' lang='grc' dir='ltr'><strong><em>τῶν</em></strong></span> <span class='ocrx_word' id='word_1_15' title='bbox 1478 233 1733 307; x_wconf 81' lang='grc' dir='ltr'><em>πατέρων</em></span> <span class='ocrx_word' id='word_1_16' title='bbox 1756 257 1845 299; x_wconf 73' lang='grc' dir='ltr'>(4ῑ8)</span> 
     </span>
     <span class='ocr_line' id='line_1_3' title="bbox 118 312 1733 390; baseline -0.002 -14"><span class='ocrx_word' id='word_1_17' title='bbox 118 317 305 376; x_wconf 83' lang='grc' dir='ltr'><strong><em>αὑτῶν</em></strong></span> <span class='ocrx_word' id='word_1_18' title='bbox 336 323 414 384; x_wconf 88' lang='grc' dir='ltr'><strong><em>εἰς</em></strong></span> <span class='ocrx_word' id='word_1_19' title='bbox 448 316 679 382; x_wconf 75' lang='grc' dir='ltr'><strong><em>ἑαυτοὺς</em></strong></span> <span class='ocrx_word' id='word_1_20' title='bbox 701 313 843 390; x_wconf 73' lang='grc' dir='ltr'><strong><em>ἄρδιν</em></strong></span> <span class='ocrx_word' id='word_1_21' title='bbox 869 313 1240 388; x_wconf 75' lang='grc' dir='ltr'><strong><em>ἐπισπώμενοι</em></strong></span> <span class='ocrx_word' id='word_1_22' title='bbox 1263 312 1615 388; x_wconf 73' lang='grc' dir='ltr'><strong><em>βλασφήμοις</em></strong></span> <span class='ocrx_word' id='word_1_23' title='bbox 1640 319 1733 373; x_wconf 89' lang='grc' dir='ltr'><strong><em>καὶ</em></strong></span> 
     </span>
     <span class='ocr_line' id='line_1_4' title="bbox 111 397 1748 477; baseline -0.003 -16"><span class='ocrx_word' id='word_1_24' title='bbox 111 402 340 475; x_wconf 77' lang='grc' dir='ltr'><strong><em>ἀσεβέσι</em></strong></span> <span class='ocrx_word' id='word_1_25' title='bbox 382 400 623 477; x_wconf 80' lang='grc' dir='ltr'><strong><em>ῥήμασιν</em></strong></span> <span class='ocrx_word' id='word_1_26' title='bbox 665 406 1191 474; x_wconf 84' lang='grc' dir='ltr'><strong><em>καταναθεματίζειν</em></strong></span> <span class='ocrx_word' id='word_1_27' title='bbox 1231 397 1329 457; x_wconf 80' lang='grc' dir='ltr'><strong><em>τὸν</em></strong></span> <span class='ocrx_word' id='word_1_28' title='bbox 1378 403 1599 473; x_wconf 83' lang='grc' dir='ltr'><strong><em>σωτῆρα</em></strong></span> <span class='ocrx_word' id='word_1_29' title='bbox 1638 403 1748 457; x_wconf 86' lang='grc' dir='ltr'><strong><em>καὶ’</em></strong></span> 
     </span>
     <span class='ocr_line' id='line_1_5' title="bbox 115 481 1732 562; baseline -0.001 -18"><span class='ocrx_word' id='word_1_30' title='bbox 115 486 313 562; x_wconf 79' lang='grc' dir='ltr'><strong><em>κύριον</em></strong></span> <span class='ocrx_word' id='word_1_31' title='bbox 343 482 500 560; x_wconf 80' lang='grc' dir='ltr'><strong><em>ἡμῶν</em></strong></span> <span class='ocrx_word' id='word_1_32' title='bbox 530 488 621 542; x_wconf 87' lang='grc' dir='ltr'><strong><em>καὶ</em></strong></span> <span class='ocrx_word' id='word_1_33' title='bbox 651 483 778 551; x_wconf 79' lang='grc' dir='ltr'><strong><em>τούς</em></strong></span> <span class='ocrx_word' id='word_1_34' title='bbox 804 491 882 551; x_wconf 84' lang='grc' dir='ltr'><strong><em>εἰς</em></strong></span> <span class='ocrx_word' id='word_1_35' title='bbox 905 482 1075 542; x_wconf 82' lang='grc' dir='ltr'><strong><em>αὐτὸν</em></strong></span> <span class='ocrx_word' id='word_1_36' title='bbox 1097 481 1527 551; x_wconf 81' lang='grc' dir='ltr'><strong><em>πεπιστευκότας</em></strong></span> <span class='ocrx_word' id='word_1_37' title='bbox 1551 481 1732 543; x_wconf 78' lang='grc' dir='ltr'><strong><em>ἅπαν-</em></strong></span> 
     </span>
     <span class='ocr_line' id='line_1_6' title="bbox 71 565 1733 644; baseline -0.001 -16"><span class='ocrx_word' id='word_1_38' title='bbox 71 594 92 628; x_wconf 84' lang='lat'>5</span> <span class='ocrx_word' id='word_1_39' title='bbox 115 595 212 638; x_wconf 90' lang='grc' dir='ltr'><strong><em>τας</em></strong></span> <span class='ocrx_word' id='word_1_40' title='bbox 244 569 495 643; x_wconf 85' lang='grc' dir='ltr'><strong><em>εἰῶθασι,</em></strong></span> <span class='ocrx_word' id='word_1_41' title='bbox 527 569 726 628; x_wconf 84' lang='grc' dir='ltr'><strong><em>τούτου</em></strong></span> <span class='ocrx_word' id='word_1_42' title='bbox 756 567 919 644; x_wconf 75' lang='grc' dir='ltr'><strong><em>χάριν</em></strong></span> <span class='ocrx_word' id='word_1_43' title='bbox 943 572 1063 642; x_wconf 80' lang='grc' dir='ltr'><strong><em>ἑξῆς</em></strong></span> <span class='ocrx_word' id='word_1_44' title='bbox 1089 571 1327 642; x_wconf 79' lang='grc' dir='ltr'><strong><em>ἐπιλέγει</em></strong></span> <span class='ocrx_word' id='word_1_45' title='bbox 1349 565 1733 644; x_wconf 75' lang='grc' dir='ltr'><strong><em>“καταροέσον-</em></strong></span> 
     </span>
     <span class='ocr_line' id='line_1_7' title="bbox 114 651 1737 727; baseline -0.001 -14"><span class='ocrx_word' id='word_1_46' title='bbox 114 680 203 714; x_wconf 89' lang='grc' dir='ltr'><strong><em>ται</em></strong></span> <span class='ocrx_word' id='word_1_47' title='bbox 235 654 424 727; x_wconf 83' lang='grc' dir='ltr'><strong><em>αὐτοὶ,</em></strong></span> <span class='ocrx_word' id='word_1_48' title='bbox 457 656 548 712; x_wconf 87' lang='grc' dir='ltr'><strong><em>καὶ</em></strong></span> <span class='ocrx_word' id='word_1_49' title='bbox 581 652 652 712; x_wconf 77' lang='grc' dir='ltr'><em>σύ</em></span> <span class='ocrx_word' id='word_1_50' title='bbox 685 651 1017 727; x_wconf 75' lang='grc' dir='ltr'><strong><em>εὐλογήσεις.</em></strong></span> <span class='ocrx_word' id='word_1_51' title='bbox 1093 657 1177 710; x_wconf 81' lang='grc'><strong><em>21.</em></strong></span> <span class='ocrx_word' id='word_1_52' title='bbox 1211 659 1268 711; x_wconf 76' lang='grc' dir='ltr'><strong><em>οἱ</em></strong></span> <span class='ocrx_word' id='word_1_53' title='bbox 1307 652 1737 727; x_wconf 78' lang='grc' dir='ltr'><strong><em>ἐπανιστάμενοί</em></strong></span> 
     </span>
     <span class='ocr_line' id='line_1_8' title="bbox 114 734 1727 814; baseline -0.002 -16"><span class='ocrx_word' id='word_1_54' title='bbox 114 765 206 814; x_wconf 91' lang='grc' dir='ltr'><strong><em>μοι</em></strong></span> <span class='ocrx_word' id='word_1_55' title='bbox 238 737 726 813; x_wconf 86' lang='grc' dir='ltr'><strong><em>αἰσχυνθήτωσαν,</em></strong></span> <span class='ocrx_word' id='word_1_56' title='bbox 759 737 787 795; x_wconf 86' lang='grc' dir='ltr'>ὁ</span> <span class='ocrx_word' id='word_1_57' title='bbox 821 739 882 795; x_wconf 74' lang='grc' dir='ltr'><strong><em>δὲ</em></strong></span> <span class='ocrx_word' id='word_1_58' title='bbox 910 736 1104 804; x_wconf 84' lang='grc' dir='ltr'><strong><em>δοῦλός</em></strong></span> <span class='ocrx_word' id='word_1_59' title='bbox 1130 755 1231 796; x_wconf 92' lang='grc' dir='ltr'><strong><em>σου</em></strong></span> <span class='ocrx_word' id='word_1_60' title='bbox 1258 734 1727 811; x_wconf 76' lang='grc' dir='ltr'><strong><em>εὐφρανθήσεται.</em></strong></span> 
     </span>
     <span class='ocr_line' id='line_1_9' title="bbox 116 821 1731 896; baseline -0.001 -15"><span class='ocrx_word' id='word_1_61' title='bbox 116 823 559 882; x_wconf 75' lang='grc' dir='ltr'><strong><em>ἐνδυσασθωσαν</em></strong></span> <span class='ocrx_word' id='word_1_62' title='bbox 603 827 660 880; x_wconf 82' lang='grc' dir='ltr'><strong><em>οί</em></strong></span> <span class='ocrx_word' id='word_1_63' title='bbox 702 821 1157 894; x_wconf 78' lang='grc' dir='ltr'><strong><em>ἐνδιαβάλλοντές</em></strong></span> <span class='ocrx_word' id='word_1_64' title='bbox 1198 846 1266 895; x_wconf 92' lang='grc' dir='ltr'><strong><em>με</em></strong></span> <span class='ocrx_word' id='word_1_65' title='bbox 1299 821 1604 896; x_wconf 82' lang='grc' dir='ltr'><strong><em>ἐντροπὴν,</em></strong></span> <span class='ocrx_word' id='word_1_66' title='bbox 1637 825 1731 879; x_wconf 66' lang='grc' dir='ltr'><strong><em>καὲ</em></strong></span> 
     </span>
     <span class='ocr_line' id='line_1_10' title="bbox 114 903 1729 982; baseline -0.002 -16"><span class='ocrx_word' id='word_1_67' title='bbox 114 910 616 982; x_wconf 87' lang='grc' dir='ltr'><strong><em>περιβαλέσθωσαν</em></strong></span> <span class='ocrx_word' id='word_1_68' title='bbox 647 903 720 974; x_wconf 82' lang='grc' dir='ltr'><strong><em>ῶς</em></strong></span> <span class='ocrx_word' id='word_1_69' title='bbox 753 912 1014 964; x_wconf 80' lang='grc' dir='ltr'><strong><em>διπλοΐδα</em></strong></span> <span class='ocrx_word' id='word_1_70' title='bbox 1054 904 1327 980; x_wconf 81' lang='grc' dir='ltr'><strong><em>αἰσχύνην</em></strong></span> <span class='ocrx_word' id='word_1_71' title='bbox 1359 905 1558 964; x_wconf 84' lang='grc' dir='ltr'><strong><em>αὑτῶν.</em></strong></span> <span class='ocrx_word' id='word_1_72' title='bbox 1623 906 1729 980; x_wconf 74' lang='grc' dir='ltr'><strong><em>ἐγώ</em></strong></span> 
     </span>
     <span class='ocr_line' id='line_1_11' title="bbox 50 989 1734 1069; baseline -0.001 -19"><span class='ocrx_word' id='word_1_73' title='bbox 50 1019 90 1051; x_wconf 83' lang='lat'><strong><em>10</em></strong></span> <span class='ocrx_word' id='word_1_74' title='bbox 115 993 178 1050; x_wconf 74' lang='grc' dir='ltr'><strong><em>δὲ</em></strong></span> <span class='ocrx_word' id='word_1_75' title='bbox 210 990 671 1067; x_wconf 84' lang='grc' dir='ltr'><strong><em>ἐξομολογήσομαι</em></strong></span> <span class='ocrx_word' id='word_1_76' title='bbox 710 995 785 1068; x_wconf 75' lang='grc' dir='ltr'><strong><em>τῷ</em></strong></span> <span class='ocrx_word' id='word_1_77' title='bbox 817 997 994 1069; x_wconf 87' lang='grc' dir='ltr'><strong><em>κυρίῳ</em></strong></span> <span class='ocrx_word' id='word_1_78' title='bbox 1025 989 1245 1064; x_wconf 90' lang='grc' dir='ltr'><strong><em>σφόδρα</em></strong></span> <span class='ocrx_word' id='word_1_79' title='bbox 1287 994 1347 1047; x_wconf 85' lang='grc' dir='ltr'><strong><em>ἐν</em></strong></span> <span class='ocrx_word' id='word_1_80' title='bbox 1384 995 1462 1068; x_wconf 78' lang='grc' dir='ltr'><strong><em>τῶ</em></strong></span> <span class='ocrx_word' id='word_1_81' title='bbox 1500 989 1734 1065; x_wconf 87' lang='grc' dir='ltr'><strong><em>στόματί</em></strong></span> 
     </span>
     <span class='ocr_line' id='line_1_12' title="bbox 111 1074 1774 1153; baseline 0 -18"><span class='ocrx_word' id='word_1_82' title='bbox 111 1101 240 1151; x_wconf 88' lang='grc' dir='ltr'><strong><em>μου,</em></strong></span> <span class='ocrx_word' id='word_1_83' title='bbox 272 1079 364 1135; x_wconf 85' lang='grc' dir='ltr'><strong><em>καὶ</em></strong></span> <span class='ocrx_word' id='word_1_84' title='bbox 397 1080 456 1134; x_wconf 85' lang='grc' dir='ltr'><strong><em>ἐν</em></strong></span> <span class='ocrx_word' id='word_1_85' title='bbox 485 1079 634 1153; x_wconf 89' lang='grc' dir='ltr'><strong><em>μέσῳ</em></strong></span> <span class='ocrx_word' id='word_1_86' title='bbox 667 1078 889 1133; x_wconf 89' lang='grc' dir='ltr'><strong><em>πολλῶν</em></strong></span> <span class='ocrx_word' id='word_1_87' title='bbox 920 1077 1123 1133; x_wconf 82' lang='grc' dir='ltr'><strong><em>αἰνέσω</em></strong></span> <span class='ocrx_word' id='word_1_88' title='bbox 1156 1074 1345 1148; x_wconf 83' lang='grc' dir='ltr'><strong><em>αὐτὸν,</em></strong></span> <span class='ocrx_word' id='word_1_89' title='bbox 1376 1074 1459 1132; x_wconf 80' lang='grc' dir='ltr'><strong><em>ὅτι</em></strong></span> <span class='ocrx_word' id='word_1_90' title='bbox 1484 1077 1728 1149; x_wconf 84' lang='grc' dir='ltr'><strong><em>παρέστη</em></strong></span> <span class='ocrx_word' id='word_1_91' title='bbox 1751 1102 1774 1135; x_wconf 89' lang='lat' dir='ltr'>b</span> 
     </span>
     <span class='ocr_line' id='line_1_13' title="bbox 114 1158 1728 1234; baseline -0.001 -15"><span class='ocrx_word' id='word_1_92' title='bbox 114 1164 174 1219; x_wconf 84' lang='grc' dir='ltr'><strong><em>ἐκ</em></strong></span> <span class='ocrx_word' id='word_1_93' title='bbox 207 1164 404 1230; x_wconf 77' lang='grc' dir='ltr'><strong><em>δεξιῶν</em></strong></span> <span class='ocrx_word' id='word_1_94' title='bbox 434 1163 666 1234; x_wconf 80' lang='grc' dir='ltr'><strong><em>πένητος</em></strong></span> <span class='ocrx_word' id='word_1_95' title='bbox 696 1166 798 1218; x_wconf 81' lang='grc' dir='ltr'><strong><em>τοῦ</em></strong></span> <span class='ocrx_word' id='word_1_96' title='bbox 829 1163 1005 1217; x_wconf 89' lang='grc' dir='ltr'><strong><em>σῶσαι</em></strong></span> <span class='ocrx_word' id='word_1_97' title='bbox 1037 1164 1097 1217; x_wconf 85' lang='grc' dir='ltr'><strong><em>ἐκ</em></strong></span> <span class='ocrx_word' id='word_1_98' title='bbox 1125 1165 1238 1217; x_wconf 90' lang='grc' dir='ltr'><strong><em>τῶν</em></strong></span> <span class='ocrx_word' id='word_1_99' title='bbox 1267 1158 1728 1217; x_wconf 86' lang='grc' dir='ltr'><strong><em>καταδιωκόντων</em></strong></span> 
     </span>
     <span class='ocr_line' id='line_1_14' title="bbox 110 1242 1728 1320; baseline -0.002 -16"><span class='ocrx_word' id='word_1_100' title='bbox 110 1244 214 1319; x_wconf 83' lang='grc' dir='ltr'><strong><em>τὴν</em></strong></span> <span class='ocrx_word' id='word_1_101' title='bbox 243 1244 429 1320; x_wconf 81' lang='grc' dir='ltr'><strong><em>ψυχήν</em></strong></span> <span class='ocrx_word' id='word_1_102' title='bbox 450 1242 613 1319; x_wconf 85' lang='grc' dir='ltr'><strong><em>μου.”</em></strong></span> <span class='ocrx_word' id='word_1_103' title='bbox 675 1250 758 1302; x_wconf 79' lang='lat'><strong><em>22.</em></strong></span> <span class='ocrx_word' id='word_1_104' title='bbox 794 1246 887 1302; x_wconf 84' lang='grc' dir='ltr'><strong><em>καὶ</em></strong></span> <span class='ocrx_word' id='word_1_105' title='bbox 918 1242 1202 1318; x_wconf 89' lang='grc' dir='ltr'><strong><em>πρόδηλόν</em></strong></span> <span class='ocrx_word' id='word_1_106' title='bbox 1225 1266 1287 1317; x_wconf 77' lang='grc' dir='ltr'><strong><em>γε</em></strong></span> <span class='ocrx_word' id='word_1_107' title='bbox 1309 1242 1534 1311; x_wconf 80' lang='grc' dir='ltr'><strong><em>ὁπόσοις</em></strong></span> <span class='ocrx_word' id='word_1_108' title='bbox 1561 1246 1728 1301; x_wconf 79' lang='grc' dir='ltr'><strong><em>εἰσέτι</em></strong></span> 
     </span>
     <span class='ocr_line' id='line_1_15' title="bbox 112 1325 1726 1404; baseline -0.002 -16"><span class='ocrx_word' id='word_1_109' title='bbox 112 1333 205 1388; x_wconf 87' lang='grc' dir='ltr'><strong><em>καὶ</em></strong></span> <span class='ocrx_word' id='word_1_110' title='bbox 234 1334 343 1388; x_wconf 85' lang='grc' dir='ltr'><strong><em>νῦν</em></strong></span> <span class='ocrx_word' id='word_1_111' title='bbox 373 1335 430 1388; x_wconf 78' lang='grc' dir='ltr'><strong><em>οἱ</em></strong></span> <span class='ocrx_word' id='word_1_112' title='bbox 455 1329 550 1397; x_wconf 71' lang='grc' dir='ltr'><strong><em>τὰς</em></strong></span> <span class='ocrx_word' id='word_1_113' title='bbox 581 1328 699 1386; x_wconf 87' lang='grc' dir='ltr'><strong><em>κατ’</em></strong></span> <span class='ocrx_word' id='word_1_114' title='bbox 731 1327 906 1387; x_wconf 83' lang='grc' dir='ltr'><strong><em>αὐτοῦ</em></strong></span> <span class='ocrx_word' id='word_1_115' title='bbox 923 1325 1060 1404; x_wconf 74' lang='grc' dir='ltr'><strong><em>ἄρδις</em></strong></span> <span class='ocrx_word' id='word_1_116' title='bbox 1084 1332 1144 1386; x_wconf 84' lang='grc' dir='ltr'><strong><em>ἐν</em></strong></span> <span class='ocrx_word' id='word_1_117' title='bbox 1159 1341 1279 1395; x_wconf 75' lang='grc' dir='ltr'><strong><em>ταῖς</em></strong></span> <span class='ocrx_word' id='word_1_118' title='bbox 1306 1330 1522 1386; x_wconf 80' lang='grc' dir='ltr'><strong><em>ἑαυτῶν</em></strong></span> <span class='ocrx_word' id='word_1_119' title='bbox 1548 1347 1726 1386; x_wconf 82' lang='grc' dir='ltr'><strong><em>συνα-</em></strong></span> 
     </span>
     <span class='ocr_line' id='line_1_16' title="bbox 47 1410 1727 1488; baseline -0.002 -16"><span class='ocrx_word' id='word_1_120' title='bbox 47 1437 89 1472; x_wconf 89' lang='lat'><strong><em>15</em></strong></span> <span class='ocrx_word' id='word_1_121' title='bbox 112 1428 320 1488; x_wconf 79' lang='grc' dir='ltr'><strong><em>γωγαῖς</em></strong></span> <span class='ocrx_word' id='word_1_122' title='bbox 350 1413 673 1488; x_wconf 81' lang='grc' dir='ltr'><strong><em>ποιούμενοι</em></strong></span> <span class='ocrx_word' id='word_1_123' title='bbox 705 1419 1004 1471; x_wconf 90' lang='grc' dir='ltr'><strong><em>παλαίουσι</em></strong></span> <span class='ocrx_word' id='word_1_124' title='bbox 1035 1426 1224 1480; x_wconf 76' lang='grc' dir='ltr'><strong><em>κακοῖς</em></strong></span> <span class='ocrx_word' id='word_1_125' title='bbox 1258 1412 1366 1470; x_wconf 78' lang='grc' dir='ltr'><strong><em>ἀπὸ</em></strong></span> <span class='ocrx_word' id='word_1_126' title='bbox 1395 1418 1509 1471; x_wconf 88' lang='grc' dir='ltr'><strong><em>τῶν</em></strong></span> <span class='ocrx_word' id='word_1_127' title='bbox 1541 1410 1727 1470; x_wconf 81' lang='grc' dir='ltr'><strong><em>αὐτῶν</em></strong></span> 
     </span>
     <span class='ocr_line' id='line_1_17' title="bbox 110 1495 1727 1573; baseline -0.001 -17"><span class='ocrx_word' id='word_1_128' title='bbox 110 1498 327 1573; x_wconf 86' lang='grc' dir='ltr'><strong><em>χρόνων</em></strong></span> <span class='ocrx_word' id='word_1_129' title='bbox 364 1496 497 1573; x_wconf 85' lang='grc' dir='ltr'><strong><em>μηδ’</em></strong></span> <span class='ocrx_word' id='word_1_130' title='bbox 530 1497 670 1566; x_wconf 76' lang='grc' dir='ltr'><strong><em>ὅλως</em></strong></span> <span class='ocrx_word' id='word_1_131' title='bbox 702 1497 1011 1556; x_wconf 78' lang='grc' dir='ltr'><strong><em>ἀνανεῦσαι</em></strong></span> <span class='ocrx_word' id='word_1_132' title='bbox 1043 1499 1439 1571; x_wconf 89' lang='grc' dir='ltr'><strong><em>δεδυνημένοι,</em></strong></span> <span class='ocrx_word' id='word_1_133' title='bbox 1486 1495 1635 1564; x_wconf 81' lang='grc' dir='ltr'><strong><em>ὅπως</em></strong></span> <span class='ocrx_word' id='word_1_134' title='bbox 1664 1520 1727 1554; x_wconf 90' lang='grc' dir='ltr'><strong><em>τε</em></strong></span> 
     </span>
     <span class='ocr_line' id='line_1_18' title="bbox 111 1579 1727 1660; baseline -0.002 -19"><span class='ocrx_word' id='word_1_135' title='bbox 111 1581 276 1651; x_wconf 81' lang='grc' dir='ltr'><strong><em>αὐτὸς</em></strong></span> <span class='ocrx_word' id='word_1_136' title='bbox 307 1584 468 1642; x_wconf 81' lang='grc' dir='ltr'><strong><em>αἶνον</em></strong></span> <span class='ocrx_word' id='word_1_137' title='bbox 489 1587 569 1660; x_wconf 75' lang='grc' dir='ltr'><strong><em>τῷ</em></strong></span> <span class='ocrx_word' id='word_1_138' title='bbox 590 1585 755 1658; x_wconf 84' lang='grc' dir='ltr'><strong><em>πατρὶ</em></strong></span> <span class='ocrx_word' id='word_1_139' title='bbox 783 1585 844 1641; x_wconf 86' lang='grc' dir='ltr'><strong><em>ἐν</em></strong></span> <span class='ocrx_word' id='word_1_140' title='bbox 865 1583 1014 1660; x_wconf 88' lang='grc' dir='ltr'><strong><em>μέσῳ</em></strong></span> <span class='ocrx_word' id='word_1_141' title='bbox 1046 1588 1267 1640; x_wconf 82' lang='grc' dir='ltr'><strong><em>πολλῶν</em></strong></span> <span class='ocrx_word' id='word_1_142' title='bbox 1295 1583 1482 1639; x_wconf 81' lang='grc' dir='ltr'><strong><em>ἐθνῶν</em></strong></span> <span class='ocrx_word' id='word_1_143' title='bbox 1511 1579 1609 1640; x_wconf 77' lang='grc' dir='ltr'><strong><em>τὸν</em></strong></span> <span class='ocrx_word' id='word_1_144' title='bbox 1635 1581 1727 1638; x_wconf 77' lang='grc' dir='ltr'><strong><em>διὰ</em></strong></span> 
     </span>
     <span class='ocr_line' id='line_1_19' title="bbox 108 1663 1727 1742; baseline -0.001 -17"><span class='ocrx_word' id='word_1_145' title='bbox 108 1672 205 1741; x_wconf 81' lang='grc' dir='ltr'><strong><em>τῆς</em></strong></span> <span class='ocrx_word' id='word_1_146' title='bbox 235 1671 430 1741; x_wconf 80' lang='grc' dir='ltr'><strong><em>καινῆς</em></strong></span> <span class='ocrx_word' id='word_1_147' title='bbox 472 1666 745 1741; x_wconf 79' lang='grc' dir='ltr'><strong><em>διαθήκης</em></strong></span> <span class='ocrx_word' id='word_1_148' title='bbox 787 1663 958 1728; x_wconf 78' lang='grc' dir='ltr'><strong><em>αὐτοῦ</em></strong></span> <span class='ocrx_word' id='word_1_149' title='bbox 1003 1672 1405 1742; x_wconf 79' lang='grc' dir='ltr'><strong><em>καταρτίζεται,</em></strong></span> <span class='ocrx_word' id='word_1_150' title='bbox 1451 1665 1727 1740; x_wconf 80' lang='grc' dir='ltr'><strong><em>συνεργὸν</em></strong></span> 
     </span>
     <span class='ocr_line' id='line_1_20' title="bbox 108 1749 1727 1826; baseline -0.003 -15"><span class='ocrx_word' id='word_1_151' title='bbox 108 1752 207 1811; x_wconf 89' lang='grc' dir='ltr'><strong><em>τὸν</em></strong></span> <span class='ocrx_word' id='word_1_152' title='bbox 236 1754 445 1826; x_wconf 89' lang='grc' dir='ltr'><strong><em>πατέρα</em></strong></span> <span class='ocrx_word' id='word_1_153' title='bbox 484 1755 576 1810; x_wconf 84' lang='grc' dir='ltr'><strong><em>καὶ</em></strong></span> <span class='ocrx_word' id='word_1_154' title='bbox 617 1755 711 1824; x_wconf 83' lang='grc' dir='ltr'><strong><em>τῆς</em></strong></span> <span class='ocrx_word' id='word_1_155' title='bbox 753 1754 952 1809; x_wconf 81' lang='grc' dir='ltr'><strong><em>ἑαυτοῦ</em></strong></span> <span class='ocrx_word' id='word_1_156' title='bbox 996 1754 1177 1819; x_wconf 81' lang='grc' dir='ltr'><strong><em>δεξιᾶς</em></strong></span> <span class='ocrx_word' id='word_1_157' title='bbox 1218 1749 1500 1825; x_wconf 75' lang='grc' dir='ltr'><strong><em>πάρεδρον</em></strong></span> <span class='ocrx_word' id='word_1_158' title='bbox 1530 1774 1727 1823; x_wconf 84' lang='grc' dir='ltr'><strong><em>κεκτη-</em></strong></span> 
     </span>
     <span class='ocr_line' id='line_1_21' title="bbox 45 1832 1724 1912; baseline -0.002 -18"><span class='ocrx_word' id='word_1_159' title='bbox 45 1861 86 1894; x_wconf 84' lang='lat'><strong><em>20</em></strong></span> <span class='ocrx_word' id='word_1_160' title='bbox 108 1838 287 1911; x_wconf 91' lang='grc' dir='ltr'><strong><em>μένος.</em></strong></span> <span class='ocrx_word' id='word_1_161' title='bbox 352 1835 465 1910; x_wconf 81' lang='grc' dir='ltr'><strong><em>διὸ,</em></strong></span> <span class='ocrx_word' id='word_1_162' title='bbox 499 1839 700 1910; x_wconf 85' lang='grc' dir='ltr'><strong><em>φησὶν,</em></strong></span> <span class='ocrx_word' id='word_1_163' title='bbox 725 1832 825 1893; x_wconf 43' lang='grc' dir='ltr'><strong><em>’ςέν</em></strong></span> <span class='ocrx_word' id='word_1_164' title='bbox 855 1838 1004 1912; x_wconf 89' lang='grc' dir='ltr'><strong><em>μέσῳ</em></strong></span> <span class='ocrx_word' id='word_1_165' title='bbox 1036 1838 1259 1893; x_wconf 87' lang='grc' dir='ltr'><strong><em>πολλῶν</em></strong></span> <span class='ocrx_word' id='word_1_166' title='bbox 1290 1837 1493 1892; x_wconf 86' lang='grc' dir='ltr'><strong><em>αἰνέσω</em></strong></span> <span class='ocrx_word' id='word_1_167' title='bbox 1533 1833 1724 1907; x_wconf 83' lang='grc' dir='ltr'><strong><em>αὐτὸν,</em></strong></span> 
     </span>
     <span class='ocr_line' id='line_1_22' title="bbox 108 1917 1764 1996; baseline -0.001 -17"><span class='ocrx_word' id='word_1_168' title='bbox 108 1919 192 1979; x_wconf 78' lang='grc' dir='ltr'><strong><em>ὅτι</em></strong></span> <span class='ocrx_word' id='word_1_169' title='bbox 221 1922 467 1996; x_wconf 91' lang='grc' dir='ltr'><strong><em>παρέστη</em></strong></span> <span class='ocrx_word' id='word_1_170' title='bbox 509 1925 567 1979; x_wconf 84' lang='grc' dir='ltr'><strong><em>ἐκ</em></strong></span> <span class='ocrx_word' id='word_1_171' title='bbox 602 1923 799 1989; x_wconf 83' lang='grc' dir='ltr'><strong><em>δεξιῶν</em></strong></span> <span class='ocrx_word' id='word_1_172' title='bbox 838 1917 1125 1993; x_wconf 84' lang='grc' dir='ltr'><strong><em>πένητος.”</em></strong></span> <span class='ocrx_word' id='word_1_173' title='bbox 1198 1924 1282 1976; x_wconf 78' lang='lat'><strong><em>23.</em></strong></span> <span class='ocrx_word' id='word_1_174' title='bbox 1317 1921 1409 1976; x_wconf 85' lang='grc' dir='ltr'><strong><em>καὶ</em></strong></span> <span class='ocrx_word' id='word_1_175' title='bbox 1447 1917 1549 1992; x_wconf 83' lang='grc' dir='ltr'><strong><em>τὴν</em></strong></span> <span class='ocrx_word' id='word_1_176' title='bbox 1588 1917 1724 1992; x_wconf 72' lang='grc' dir='ltr'><strong><em>μετὰ</em></strong></span> <span class='ocrx_word' id='word_1_177' title='bbox 1746 1955 1764 1978; x_wconf 76' lang='lat'>0</span> 
     </span>
     <span class='ocr_line' id='line_1_23' title="bbox 107 1999 1725 2080; baseline -0.002 -16"><span class='ocrx_word' id='word_1_178' title='bbox 107 1999 206 2064; x_wconf 76' lang='grc' dir='ltr'><strong><em>τὸν</em></strong></span> <span class='ocrx_word' id='word_1_179' title='bbox 246 2004 520 2064; x_wconf 41' lang='grc' dir='ltr'><strong><em>θάνατονᾲ</em></strong></span> <span class='ocrx_word' id='word_1_180' title='bbox 538 2004 712 2063; x_wconf 83' lang='grc' dir='ltr'><strong><em>αὑτοῦ</em></strong></span> <span class='ocrx_word' id='word_1_181' title='bbox 752 2010 1032 2080; x_wconf 87' lang='grc' dir='ltr'><strong><em>σωτηρίαν</em></strong></span> <span class='ocrx_word' id='word_1_182' title='bbox 1085 2002 1336 2061; x_wconf 79' lang='grc' dir='ltr'><strong><em>διδάσκει</em></strong></span> <span class='ocrx_word' id='word_1_183' title='bbox 1377 2005 1558 2076; x_wconf 72' lang='grc' dir='ltr'><strong><em>λέγων</em></strong></span> <span class='ocrx_word' id='word_1_184' title='bbox 1588 2002 1725 2061; x_wconf 65' lang='lat' dir='ltr'><strong><em>“tofi</em></strong></span> 
     </span>
     <span class='ocr_line' id='line_1_24' title="bbox 109 2085 1721 2163; baseline -0.001 -15"><span class='ocrx_word' id='word_1_185' title='bbox 109 2092 286 2149; x_wconf 89' lang='grc' dir='ltr'><strong><em>σῶσαι</em></strong></span> <span class='ocrx_word' id='word_1_186' title='bbox 317 2094 378 2148; x_wconf 81' lang='grc' dir='ltr'><strong><em>ἐκ</em></strong></span> <span class='ocrx_word' id='word_1_187' title='bbox 405 2096 518 2148; x_wconf 89' lang='grc' dir='ltr'><strong><em>τῶν</em></strong></span> <span class='ocrx_word' id='word_1_188' title='bbox 547 2087 1010 2148; x_wconf 85' lang='grc' dir='ltr'><strong><em>καταδιωκόντων</em></strong></span> <span class='ocrx_word' id='word_1_189' title='bbox 1049 2087 1152 2161; x_wconf 81' lang='grc' dir='ltr'><strong><em>τὴν</em></strong></span> <span class='ocrx_word' id='word_1_190' title='bbox 1182 2087 1370 2163; x_wconf 84' lang='grc' dir='ltr'><strong><em>ψυχήν</em></strong></span> <span class='ocrx_word' id='word_1_191' title='bbox 1411 2085 1574 2162; x_wconf 84' lang='grc' dir='ltr'><strong><em>μου.”</em></strong></span> <span class='ocrx_word' id='word_1_192' title='bbox 1636 2092 1721 2146; x_wconf 81' lang='grc'><strong><em>24.</em></strong></span> 
     </span>
     <span class='ocr_line' id='line_1_25' title="bbox 108 2170 1727 2250; baseline -0.002 -18"><span class='ocrx_word' id='word_1_193' title='bbox 108 2172 368 2250; x_wconf 77' lang='grc' dir='ltr'><strong><em>ἀνωτέρω</em></strong></span> <span class='ocrx_word' id='word_1_194' title='bbox 398 2177 540 2248; x_wconf 78' lang='grc' dir='ltr'><strong><em>γοῦν</em></strong></span> <span class='ocrx_word' id='word_1_195' title='bbox 570 2173 753 2248; x_wconf 86' lang='grc' dir='ltr'><strong><em>φήσας</em></strong></span> <span class='ocrx_word' id='word_1_196' title='bbox 793 2174 854 2231; x_wconf 90' lang='grc' dir='ltr'><strong><em>τὸ</em></strong></span> <span class='ocrx_word' id='word_1_197' title='bbox 879 2170 1250 2242; x_wconf 41' lang='grc' dir='ltr'><strong><em>(εκατεδίωξεν</em></strong></span> <span class='ocrx_word' id='word_1_198' title='bbox 1288 2171 1596 2247; x_wconf 75' lang='grc' dir='ltr'><strong><em>ἄνθρωπον</em></strong></span> <span class='ocrx_word' id='word_1_199' title='bbox 1626 2174 1727 2229; x_wconf 91' lang='grc' dir='ltr'><strong><em>πέ-</em></strong></span> 
     </span>
     <span class='ocr_line' id='line_1_26' title="bbox 45 2257 1723 2334; baseline -0.002 -19"><span class='ocrx_word' id='word_1_200' title='bbox 45 2282 88 2316; x_wconf 85' lang='lat'><strong><em>25</em></strong></span> <span class='ocrx_word' id='word_1_201' title='bbox 110 2283 249 2334; x_wconf 88' lang='grc' dir='ltr'><strong><em>νητα</em></strong></span> <span class='ocrx_word' id='word_1_202' title='bbox 279 2262 371 2317; x_wconf 88' lang='grc' dir='ltr'><strong><em>καὶ</em></strong></span> <span class='ocrx_word' id='word_1_203' title='bbox 401 2257 620 2334; x_wconf 80' lang='grc' dir='ltr'><strong><em>πτωχὸν</em></strong></span> <span class='ocrx_word' id='word_1_204' title='bbox 650 2262 742 2317; x_wconf 85' lang='grc' dir='ltr'><strong><em>καὶ</em></strong></span> <span class='ocrx_word' id='word_1_205' title='bbox 771 2260 1255 2332; x_wconf 75' lang='grc' dir='ltr'><strong><em>κατανενυγμένον</em></strong></span> <span class='ocrx_word' id='word_1_206' title='bbox 1284 2262 1351 2332; x_wconf 82' lang='grc' dir='ltr'><strong><em>τῇ</em></strong></span> <span class='ocrx_word' id='word_1_207' title='bbox 1391 2261 1595 2332; x_wconf 78' lang='grc' dir='ltr'><strong><em>καρδίᾳ</em></strong></span> <span class='ocrx_word' id='word_1_208' title='bbox 1624 2260 1723 2313; x_wconf 85' lang='grc' dir='ltr'><strong><em>τοῦ</em></strong></span> 
     </span>
     <span class='ocr_line' id='line_1_27' title="bbox 109 2338 1723 2417; baseline -0.004 -14"><span class='ocrx_word' id='word_1_209' title='bbox 109 2341 488 2417; x_wconf 84' lang='grc' dir='ltr'><strong><em>θανατῶσαι,”</em></strong></span> <span class='ocrx_word' id='word_1_210' title='bbox 525 2345 618 2402; x_wconf 88' lang='grc' dir='ltr'><strong><em>καὶ</em></strong></span> <span class='ocrx_word' id='word_1_211' title='bbox 633 2348 825 2416; x_wconf 80' lang='grc' dir='ltr'><strong><em>σαφῶς</em></strong></span> <span class='ocrx_word' id='word_1_212' title='bbox 850 2341 1102 2415; x_wconf 84' lang='grc' dir='ltr'><strong><em>δηλῶσας</em></strong></span> <span class='ocrx_word' id='word_1_213' title='bbox 1129 2345 1332 2398; x_wconf 78' lang='grc' dir='ltr'><strong><em>ἑαυτοῦ</em></strong></span> <span class='ocrx_word' id='word_1_214' title='bbox 1355 2338 1451 2397; x_wconf 86' lang='grc' dir='ltr'><strong><em>τόν</em></strong></span> <span class='ocrx_word' id='word_1_215' title='bbox 1472 2339 1723 2397; x_wconf 81' lang='grc' dir='ltr'><strong><em>θάνατον</em></strong></span> 
     </span>
     <span class='ocr_line' id='line_1_28' title="bbox 111 2420 1722 2502; baseline -0.004 -17"><span class='ocrx_word' id='word_1_216' title='bbox 111 2426 474 2502; x_wconf 75' lang='grc' dir='ltr'><strong><em>περιγράφων</em></strong></span> <span class='ocrx_word' id='word_1_217' title='bbox 503 2427 606 2499; x_wconf 85' lang='grc' dir='ltr'><strong><em>τὴν</em></strong></span> <span class='ocrx_word' id='word_1_218' title='bbox 635 2432 1008 2501; x_wconf 81' lang='grc' dir='ltr'><strong><em>προφητείαν,</em></strong></span> <span class='ocrx_word' id='word_1_219' title='bbox 1048 2425 1151 2497; x_wconf 87' lang='grc' dir='ltr'><strong><em>τὴν</em></strong></span> <span class='ocrx_word' id='word_1_220' title='bbox 1181 2422 1317 2497; x_wconf 72' lang='grc' dir='ltr'><strong><em>μετὰ</em></strong></span> <span class='ocrx_word' id='word_1_221' title='bbox 1345 2421 1442 2480; x_wconf 87' lang='grc' dir='ltr'><strong><em>τὸν</em></strong></span> <span class='ocrx_word' id='word_1_222' title='bbox 1471 2420 1722 2480; x_wconf 73' lang='grc' dir='ltr'><strong><em>θάνατον</em></strong></span> 
     </span>
     <span class='ocr_line' id='line_1_29' title="bbox 111 2506 1724 2586; baseline -0.003 -17"><span class='ocrx_word' id='word_1_223' title='bbox 111 2508 285 2570; x_wconf 79' lang='grc' dir='ltr'><strong><em>αὑτοῦ</em></strong></span> <span class='ocrx_word' id='word_1_224' title='bbox 308 2517 586 2585; x_wconf 86' lang='grc' dir='ltr'><strong><em>σωτηρίαν</em></strong></span> <span class='ocrx_word' id='word_1_225' title='bbox 609 2507 832 2586; x_wconf 77' lang='grc' dir='ltr'><strong><em>ᾐνίξατο</em></strong></span> <span class='ocrx_word' id='word_1_226' title='bbox 852 2506 1158 2568; x_wconf 81' lang='grc' dir='ltr'><strong><em>εἰπῶν“ὅτι</em></strong></span> <span class='ocrx_word' id='word_1_227' title='bbox 1182 2510 1424 2583; x_wconf 88' lang='grc' dir='ltr'><strong><em>παρέστη</em></strong></span> <span class='ocrx_word' id='word_1_228' title='bbox 1443 2510 1501 2564; x_wconf 87' lang='grc' dir='ltr'><strong><em>ἐκ</em></strong></span> <span class='ocrx_word' id='word_1_229' title='bbox 1526 2510 1724 2576; x_wconf 85' lang='grc' dir='ltr'><strong><em>δεξιῶν</em></strong></span> 
     </span>
     <span class='ocr_line' id='line_1_30' title="bbox 110 2591 1722 2670; baseline -0.002 -17"><span class='ocrx_word' id='word_1_230' title='bbox 110 2599 370 2670; x_wconf 83' lang='grc' dir='ltr'><strong><em>πένητος,</em></strong></span> <span class='ocrx_word' id='word_1_231' title='bbox 412 2599 512 2653; x_wconf 84' lang='grc' dir='ltr'><strong><em>τοῦ</em></strong></span> <span class='ocrx_word' id='word_1_232' title='bbox 543 2598 719 2653; x_wconf 89' lang='grc' dir='ltr'><strong><em>σῶσαι</em></strong></span> <span class='ocrx_word' id='word_1_233' title='bbox 750 2599 810 2653; x_wconf 82' lang='grc' dir='ltr'><strong><em>ἐκ</em></strong></span> <span class='ocrx_word' id='word_1_234' title='bbox 839 2598 950 2653; x_wconf 90' lang='grc' dir='ltr'><strong><em>τῶν</em></strong></span> <span class='ocrx_word' id='word_1_235' title='bbox 980 2591 1442 2652; x_wconf 89' lang='grc' dir='ltr'><strong><em>καταδιωκόντων</em></strong></span> <span class='ocrx_word' id='word_1_236' title='bbox 1478 2591 1582 2665; x_wconf 84' lang='grc' dir='ltr'><strong><em>τὴν</em></strong></span> <span class='ocrx_word' id='word_1_237' title='bbox 1612 2605 1722 2662; x_wconf 85' lang='grc' dir='ltr'><strong><em>ψυ-</em></strong></span> 
     </span>
     <span class='ocr_line' id='line_1_31' title="bbox 377 2677 409 2698; baseline 0 0"><span class='ocrx_word' id='word_1_238' title='bbox 377 2677 409 2698; x_wconf 71' lang='lat'><strong><em>2,</em></strong></span> 
     </span>
    </p>
   </div>
   <div class='ocr_carea' id='block_1_3' title="bbox 46 2681 369 2755">
    <p class='ocr_par' dir='ltr' id='par_1_3' title="bbox 46 2681 369 2755">
     <span class='ocr_line' id='line_1_32' title="bbox 46 2681 369 2755; baseline -0.006 -16"><span class='ocrx_word' id='word_1_239' title='bbox 46 2707 88 2741; x_wconf 88' lang='lat'><strong><em>30</em></strong></span> <span class='ocrx_word' id='word_1_240' title='bbox 111 2681 215 2755; x_wconf 87' lang='grc' dir='ltr'><strong><em>χήν</em></strong></span> <span class='ocrx_word' id='word_1_241' title='bbox 245 2705 369 2755; x_wconf 92' lang='grc' dir='ltr'><strong><em>μου.</em></strong></span> 
     </span>
    </p>
   </div>
   <div class='ocr_carea' id='block_1_4' title="bbox 1314 2938 1422 2990">
    <p class='ocr_par' dir='ltr' id='par_1_4' title="bbox 1314 2938 1422 2990">
     <span class='ocr_line' id='line_1_33' title="bbox 1314 2938 1422 2990; baseline -0.009 0"><span class='ocrx_word' id='word_1_242' title='bbox 1314 2938 1422 2990; x_wconf 65' lang='lat'><strong><em>41*</em></strong></span> 
     </span>
    </p>
   </div>
  </div>
 </body>
</html>
