1992 3186
520 98 827 141 DEMONST.
858 97 1078 139 EVANG.
1110 97 1187 137 IX.
1221 96 1286 139 14.
1323 98 1390 140 15.
1645 94 1748 147 609

142 223 293 277 ἰδίου
337 221 465 290 βίου
509 212 766 288 περιττὸν
813 218 1072 287 μαντείας
1127 219 1616 287 πολυπραγμονεῖν
1656 210 1748 269 διὰ
1772 231 1797 264 d

141 309 238 376 τῆς
270 303 591 374 δαιμονικῆς
622 296 831 371 ἀπάτης
864 299 1279 371 ἐνεργουμένας.

710 520 840 580 Ἀπὸ
871 528 968 580 τοῦ
1001 519 1187 580 αὐτοῦ.

269 648 369 698 XV.
411 632 648 709 “Ἰακῶβ
693 633 722 692 ὁ
768 647 896 701 παῖς
940 658 1078 707 μου,
1137 632 1507 707 ἀντιλήψομαι
1552 633 1751 692 αὐτοῦ·

98 721 353 797 5Ἰσραὴλ
392 717 421 778 ὁ
466 717 713 785 ἐκλεκτός
752 743 888 792 μου,
930 722 1296 791 προσεδέξατο
1338 719 1510 776 αὐτὸν
1539 715 1572 792 ἡ
1604 718 1755 793 ψυχή

142 832 266 881 μου.
319 812 505 880 κρίσιν
525 818 638 872 τοῖς
662 810 889 862 ἔθνεσιν
914 805 1127 874 ἐξοίσει,
1161 799 1227 860 οὐ
1253 802 1587 877 κεκράξεται,
1619 801 1751 861 οὐδὲ
1777 822 1868 865 (452)

143 890 359 965 ἀνήσει,
391 887 524 948 οὐδὲ
546 886 954 962 ἀκουσθήσεται
980 891 1079 955 ἔξω
1104 883 1137 959 ἡ
1162 887 1323 960 φωνὴ
1356 885 1540 946 αὐτοῦ.
1591 887 1754 945 κάλα-

146 1001 253 1051 μον
283 976 749 1048 συντετριμμένον
778 971 846 1029 οὐ
877 971 1152 1041 κατεάξει,
1194 974 1286 1029 καὶ
1318 979 1474 1029 λίνον
1505 973 1755 1042 καπνιζό-

145 1085 317 1135 μενον
356 1057 423 1117 οὐ
466 1065 681 1131 σβέσει,
723 1053 846 1114 ἀλλ’
892 1063 967 1124 εἰς
1008 1055 1282 1129 ἀλήθειαν
1324 1060 1522 1125 ἐξοίσει
1555 1065 1753 1131 κρίσιν.

83 1173 124 1205 10
146 1143 459 1217 ἀναλάμψει
490 1145 581 1200 καὶ
613 1139 679 1199 οὗ
709 1140 1161 1214 θραυσθήσεται,
1195 1144 1296 1208 ἕως
1327 1138 1397 1198 ἀν
1427 1146 1505 1216 θῇ
1539 1145 1628 1199 ἐπὶ
1659 1145 1757 1216 γῆς

146 1236 364 1302 κρίσιν,
410 1232 503 1285 καὶ
549 1229 636 1284 ἐπὶ
677 1232 752 1303 τῷ
791 1224 1019 1299 ὀνόματι
1059 1224 1230 1283 αὐτοῦ
1271 1232 1412 1298 ἔθνη
1455 1229 1755 1284 ἐλπιοῦσιν.

145 1311 292 1372 οὕτω
343 1315 489 1384 λέγει
534 1310 723 1385 κύριος
762 1309 792 1367 ὁ
831 1310 995 1382 θεὸς,
1035 1306 1063 1367 ὁ
1105 1310 1338 1382 ποιήσας
1377 1308 1474 1368 τὸν
1514 1308 1759 1385 οὐρανὸν

147 1401 239 1456 καὶ
284 1394 699 1468 πήξαςάὐτὸν,
746 1393 773 1451 ὁ
821 1394 1126 1470 στερεῶσας
1171 1394 1273 1468 τὴν
1317 1399 1422 1468 γῆν
1466 1397 1558 1452 καὶ
1600 1394 1666 1452 τά
1699 1399 1760 1453 ἐν

150 1480 316 1556 αὐτῇ,
358 1482 448 1538 καὶ
493 1478 683 1546 διδοὺς
723 1477 902 1551 πνοὴν
931 1483 1006 1555 τῷ
1038 1485 1152 1556 λαῷ
1183 1485 1258 1556 τῷ
1292 1478 1376 1536 ἐπ’
1424 1476 1621 1552 αὐτῆς,
1668 1482 1759 1536 καὶ

86 1591 127 1623 15
149 1572 370 1639 πνεῦμα
400 1579 512 1632 τοῖς
544 1568 815 1621 πατοῦσιν
847 1560 1036 1635 αὐτήν.
1094 1563 1198 1636 ἐγώ
1229 1563 1419 1636 κύριος
1442 1560 1471 1620 ὁ
1502 1562 1633 1630 θεός
1657 1583 1760 1621 σου

151 1649 382 1708 ἐκάλεσά
421 1668 484 1706 σε
526 1652 587 1707 ἐν
626 1647 980 1723 δικαιοσύνῃ,
1021 1649 1113 1705 καὶ
1154 1646 1409 1720 κρατήσω
1448 1651 1543 1720 τῆς
1583 1647 1760 1721 χειρός
1786 1673 1808 1705 ι)

149 1753 280 1807 σου,
323 1736 414 1791 καὶ
456 1732 730 1806 ἐνισχύσω
773 1750 864 1805 σε,
906 1734 999 1789 καὶ
1041 1731 1224 1790 ἔδωκά
1265 1751 1328 1790 σε
1374 1738 1450 1800 εἰς
1482 1731 1760 1805 διαθήκην

149 1821 377 1892 γένους,
411 1823 487 1885 εἰς
519 1823 636 1891 φῶς
669 1821 884 1889 ἐθνῶν,
916 1815 1130 1885 ἀνοῖξαι
1160 1815 1486 1890 ὀφθαλμοὺς
1510 1822 1760 1890 τυφλῶν,

150 1907 242 1961 καὶ
284 1906 572 1977 ἐξαγαγεῖν
611 1905 671 1960 ἐκ
711 1906 932 1975 δεσμῶν
974 1903 1330 1975 δεδεμένους,
1373 1903 1464 1958 καὶ
1509 1905 1561 1969 ἐξ
1605 1911 1762 1959 οἴκου

88 2012 130 2044 20
152 1994 406 2061 φυλακῆς
435 1989 788 2060 καθημένους
821 1990 881 2044 ἐν
913 1983 1144 2044 σκότει.”

278 2077 327 2130 2.
372 2074 485 2140 Καὶ
537 2070 738 2144 ταύτης
789 2069 818 2128 ὁ
864 2068 1254 2144 εὐαγγελιστὴς
1294 2069 1628 2144 μνημονεύει
1668 2074 1763 2144 τῆς

153 2159 375 2229 λέξεως,
407 2153 496 2214 ὅτε
528 2154 846 2223 ἐξελθόντες
870 2159 926 2214 οἱ
947 2165 1242 2229 Φαρισαῖοι
1267 2154 1613 2228 συμβούλιον
1646 2162 1765 2212 ἔλα-

152 2248 257 2314 βον
287 2240 423 2298 κατὰ
452 2243 554 2298 τοῦ
583 2243 826 2314 σωτῆρος
849 2236 1006 2314 ἡμῶν
1029 2238 1176 2307 ὅπως
1203 2238 1375 2298 αὐτὸν
1397 2237 1764 2311 ἀπολέσωσιν,

156 2323 347 2398 ἐπειδὴ
376 2340 490 2392 τοῖς
522 2324 801 2397 σάββασιν
830 2323 957 2391 τούς
988 2324 1296 2398 κάμνοντας
1329 2323 1649 2398 ἐθεράπευε.
1705 2321 1766 2379 τὸ

90 2431 134 2464 25
154 2414 455 2482 τηνικαῦτα
495 2410 628 2482 γὰρ,
670 2406 743 2476 ῶς
783 2429 949 2482 φησι,
989 2409 1160 2481 γνοὺς
1202 2405 1463 2480 ὁἸησοῦς
1501 2407 1620 2479 τὴν.
1643 2403 1764 2463 κατ’

157 2490 327 2551 αὐτοῦ
365 2492 646 2566 συσκευὴν
677 2488 1068 2566 “ἀνεχω’ρησεν
1110 2495 1359 2563 ἐκεῖθεν,
1402 2493 1493 2548 καὶ
1534 2489 1764 2564 ἠκολού-

155 2587 344 2649 θησαν
384 2573 531 2652 adq-5
571 2574 721 2649 ὄχλοι
763 2578 982 2649 πολλοὶ,
1027 2579 1117 2633 καὶ
1161 2575 1538 2650 ἐθεράπευσεν
1570 2572 1769 2642 αὐτοὺς
1799 2612 1817 2635 c

157 2660 394 2734 πάντας,
427 2663 518 2718 καὶ
551 2662 851 2740 ἐπέπληξεν
884 2657 1070 2727 αὐτοῖς
1101 2665 1194 2718 ἵνα
1225 2659 1298 2735 μὴ
1322 2659 1568 2734 φανερὸν
1601 2657 1769 2717 αὐτὸν

273 2859 300 2896 4
329 2856 405 2896 Es.
428 2857 496 2904 42,
523 2857 561 2895 1.
736 2857 789 2895 26
822 2857 985 2897 Matth.
1016 2858 1080 2907 12,
1107 2857 1172 2896 14.

246 2938 474 2968 Ensssssms
497 2939 575 2968 111.
1388 2925 1459 2976 39
