1992 3186
193 108 298 162 524
871 102 1117 153 EUSEBH

150 251 173 283 d
198 229 416 301 σμένων
447 227 582 284 κατὰ
623 226 719 283 τόν
759 229 859 283 τοῦ
888 225 1138 300 Γαβριὴλ
1180 227 1442 302 χρησμόν.
1512 233 1597 286 43.
1631 233 1806 286 ταῦτα

199 313 260 369 δὲ
290 311 469 370 πάντα
510 313 1041 384 συμπεραιουμένων
1082 317 1194 368 τῶν
1226 312 1604 385 ἑβδομήκοντα
1648 316 1805 385 ἑβδο-

197 395 391 470 μάδων
422 399 572 461 τέλος
599 393 915 468 ἐλάμβανεν
938 394 1040 452 οὐκ
1064 393 1257 453 ἄλλοτε
1280 392 1313 470 ἢ
1339 399 1424 453 ἐπὶ
1448 401 1559 455 τῶν
1589 397 1806 472 χρόνων

197 487 290 553 τῆς
331 486 427 536 τοῦ
470 485 714 553 σωτῆρος
753 478 912 552 ἡμῶν
952 483 1292 552 ἐπιφανείας.
1383 481 1572 555 ἐπειδὴ
1614 489 1807 540 τοίνυν

196 560 363 622 ταῦθ’
408 562 584 630 οὕτως
627 570 855 621 ἔσεσθαι
894 560 922 620 ὁ
955 566 1342 638 προδηλωθεὶς
1381 563 1609 638 ἄγγελος
1640 590 1806 638 κεφα-
1829 592 1850 624 5

197 651 447 714 λαιωδῶς
490 650 742 718 ἐθέσπιζε
782 654 858 724 τῷ
888 647 1173 724 προφήτῃ,
1219 642 1385 716 αὖθις
1419 649 1810 723 ἐπαναλαμβά-

196 755 282 790 νει
311 730 407 790 τὸν
437 735 565 806 περὶ
593 735 705 791 τῶν
736 733 1114 807 ἑβδομήκοντα
1148 733 1477 807 ἑβδομάδων
1507 732 1690 807 λόγον,
1724 740 1808 792 δι-

198 816 421 875 δάσκων
451 814 588 873 κατὰ
611 820 773 918 μέρος
797 821 1000 875 ἕκαστα
1031 815 1271 890 ἀκριβῶς
1302 816 1442 876 ὅθεν
1461 815 1810 893 ἀπάρχεσθαι

197 907 286 959 δεῖ
325 906 420 974 τῆς
460 907 570 958 τῶν
613 901 830 975 χρόνων
869 901 1334 976 απαριθμήσεως,
1377 905 1469 960 καὶ
1508 910 1632 961 τίνα
1674 901 1811 960 κατά

195 984 321 1053 τούς
353 989 728 1060 δηλουμένους
753 987 978 1061 καιροὺς
1002 985 1389 1060 ἀπαντήσεται.
1451 992 1535 1045 44.
1569 991 1716 1060 λέγει
1749 987 1799 1044 δ’
1830 1012 1868 1045 10

196 1069 333 1128 οὑν
340 1066 452 1127 καὶ
484 1070 673 1144 γνώσῃ
705 1074 797 1128 καὶ
839 1070 1100 1145 συνήσεις
1143 1070 1250 1128 απὸ
1287 1070 1481 1140 ἐξόδου
1512 1071 1681 1144 λόγου
1712 1075 1810 1130 τοῦ

196 1152 592 1229 αποκριθῆναι,
617 1158 708 1212 καὶ
732 1159 830 1213 τοῦ
855 1160 1213 1229 οἰκοδομῆσαι
1238 1152 1618 1230 Ἰερουσαλὴμ,
1646 1159 1808 1229 ἑβδο-

84 1262 169 1303 1242]
196 1238 365 1313 μάδες
399 1238 533 1296 ἑπτα
564 1242 656 1297 καὶ
689 1239 994 1313 ἑβδομάδες
1021 1240 1409 1314 ἑξηκονταδύο,
1442 1244 1533 1298 καὶ
1567 1245 1809 1314 ἐπιστρέ-

84 1347 171 1387 (389)
198 1338 318 1396 ψει,
363 1326 455 1380 καὶ
497 1324 997 1398 οἰκοδομηθήσεται
1037 1333 1272 1382 πλατεῖα
1314 1328 1405 1382 καὶ
1444 1324 1674 1399 τεῖχος.”
1750 1329 1810 1383 ἐν

197 1405 279 1476 οἷς
314 1413 466 1466 δοκεῖ
503 1433 595 1482 μοι
626 1413 804 1475 καλῶς
837 1415 983 1483 ἔχειν
1014 1412 1104 1466 καὶ
1134 1408 1236 1482 τὴν
1276 1414 1375 1467 τοῦ
1406 1410 1512 1484 πρὸ
1542 1408 1700 1484 ἡμῶν
1731 1417 1808 1476 εἰς
1834 1433 1873 1467 15

197 1491 322 1561 τούς
353 1491 555 1559 τόπους
585 1500 836 1567 θεωρίαν
866 1492 940 1567 μη
973 1491 1437 1568 ἀποκρύψασθαι,
1471 1504 1810 1568 παραθεῖναι

199 1579 261 1634 δὲ
301 1580 392 1634 καὶ
432 1576 639 1650 ταύτην
667 1577 740 1644 ὥς
770 1585 983 1637 οἰκείαν
1013 1593 1126 1646 τοῖς
1169 1582 1591 1652 ἐντευξομένοις.
1653 1578 1810 1637 κοινοὶ

198 1665 338 1734 γοῦν
377 1666 557 1730 καλῶς
598 1671 810 1736 εἴρηται
849 1661 915 1720 τοὶ
954 1668 1067 1721 τῶν
1097 1669 1294 1736 φίλων.
1363 1668 1447 1721 45.
1481 1665 1574 1720 καὶ
1621 1663 1810 1737 ἐπειδὴ

198 1745 466 1818 προσήκει
489 1751 841 1820 συγχρῆσθαι
860 1749 963 1821 μὲν
988 1747 1478 1821 εὐγνωμονοῦντας
1495 1761 1607 1814 τοῖς
1631 1750 1809 1814 καλῶς

197 1826 304 1904 ὑφ’
339 1833 556 1903 ἑτέρων
576 1834 913 1906 εἰρημένοις,
945 1831 1019 1906 μὴ
1049 1831 1159 1905 μὴν
1189 1830 1515 1905 ἀποστερεῖν
1543 1831 1670 1898 τοὺς
1700 1854 1808 1888 πα-
1829 1856 1870 1889 20

198 1917 357 1989 τέρας
388 1919 500 1972 τῶν
533 1915 803 1989 ἐκγόνων,
844 1918 986 1989 μηδὲ
1015 1915 1143 1982 τούς
1173 1914 1424 1988 πρώτους
1454 1913 1667 1988 φύντας
1696 1918 1809 1972 τῶν

200 2005 422 2055 οἰκείων
453 1999 810 2072 σπερμάτων,
849 1999 945 2065 τὰς
976 1997 1150 2056 αὐτοῦ
1190 1999 1587 2073 παραθήσομαι
1618 2003 1804 2068 λέξεις.

197 2086 281 2139 46.
317 2085 674 2163 φέρονταίδὲ
706 2075 867 2139 αὗται
893 2080 1231 2156 Ἀφρικανοῦ
1258 2087 1317 2141 ἐν
1339 2087 1417 2159 τῷ
1439 2087 1667 2160 πέμπτῳ
1697 2087 1809 2142 τῶν

150 2191 171 2223 b
198 2171 673 2239 Χρονογραφιῶν,
705 2171 901 2224 τοῦτον
932 2174 1153 2269 ἔχουσαι
1184 2168 1280 2226 τὸν
1309 2167 1541 2243 τρόπον

319 2246 430 2307 e“H
452 2275 554 2323 μεν
585 2253 686 2308 οὖν
718 2252 988 2324 περικοπὴ
1019 2250 1161 2309 ούτω
1186 2275 1301 2318 πως
1326 2260 1527 2325 ἔχουσα
1550 2251 1726 2310 πολλά
1748 2277 1807 2310 τε
1828 2277 1869 2310 25

199 2336 290 2390 καὶ
331 2333 613 2408 παράδοξα
655 2343 935 2409 σημαιῃνει
982 2341 1088 2394 νῦν
1130 2337 1192 2393 δε
1223 2337 1302 2393 ὠν
1335 2343 1491 2438 χρεία
1521 2339 1648 2410 περὶ
1679 2335 1808 2403 τούς

197 2416 430 2491 χρόνους
468 2423 559 2477 και
589 2445 655 2477 τα
685 2419 896 2488 τούτοις
927 2426 1287 2479 συντείνοντα
1325 2419 1422 2478 τὸν
1451 2419 1617 2493 λόγον
1648 2444 1808 2493 ποιη-

199 2501 429 2575 σόμεθα.
491 2509 573 2561 47.
609 2503 693 2562 ὅτι
729 2506 833 2578 μὲν
873 2498 977 2563 οὗν
1021 2507 1148 2579 περὶ
1177 2508 1272 2577 τῆς
1301 2509 1400 2563 τοῦ
1431 2512 1675 2578 Χριστοῦ
1705 2528 1806 2562 πα-

200 2593 425 2659 ρουσίας
456 2591 669 2660 λέγεται
698 2595 873 2656 ταῦτα,
901 2588 1034 2663 μετά
1073 2589 1385 2663 ἑβδομάδας
1429 2589 1807 2663 ἑβδομήκοντα

199 2673 491 2742 μέλλοντος
534 2676 931 2746 ἐπιφαίνεσθαι
974 2677 1159 2747 δῆλον.
1232 2676 1321 2731 ε’πὶ
1351 2674 1454 2747 γὰρ
1495 2677 1595 2732 τοῦ
1633 2677 1804 2746 σωτῆ-
1825 2698 1868 2731 30

200 2777 322 2826 ρος,
366 2753 398 2827 ἢ
429 2755 535 2813 ἀπὸ
566 2756 791 2829 τούτου,
837 2757 904 2815 τά
933 2783 991 2816 τε
1022 2757 1435 2832 παραπτώματα
1479 2761 1806 2824 παλαιοῦται

200 2839 290 2894 καὶ
323 2843 386 2894 αἱ
411 2835 669 2914 ἁμαρτίαι
701 2847 1121 2900 οὐντελοῦνται·
1170 2841 1261 2900 δια
1296 2843 1357 2900 δὲ
1385 2842 1486 2917 τὴν
1516 2840 1717 2915 ἄφεσιν
1747 2846 1810 2898 αἴ
