1992 3186
584 113 889 155 DEMONST.
921 114 1144 158 EVANG.
1176 114 1279 156 VII.
1314 116 1354 159 2.
1648 116 1751 167 463

140 228 291 307 λόγω
321 227 679 302 πιστούμενοι
718 226 820 301 τὴν
850 225 1125 302 ἀλήθειαν
1167 227 1259 286 διὰ
1290 237 1387 303 τῆς
1415 234 1518 287 τοῦ
1546 229 1752 305 ἄντρου
1783 260 1802 283 e

142 318 397 386 δείξεως,
442 316 502 370 ἐν
541 305 586 389 ᾦ
623 316 860 370 τεκοῦσα
890 309 924 386 ἡ
955 314 1260 422 παρθένοςε
1279 318 1662 373 κατατέθειται
1691 317 1752 374 τὸ

141 400 376 472 βρέφος,
420 394 514 471 ἐφ’
545 393 628 466 οἷς
658 395 692 470 ἡ
724 403 1031 472 προφητεία
1070 400 1207 470 φησὶ
1231 395 1363 456 “διά
1391 402 1551 457 τοῦτο
1583 400 1753 459 δώσει

140 480 343 549 αὐτοὺς
385 484 487 547 ἕως
528 485 723 554 καιροῦ
753 479 1058 554 τικτούσης.
1127 484 1363 557 τέξεται,
1406 485 1495 542 καὶ
1537 488 1594 541 οἶ
1632 487 1753 541 ἐπί-

98 590 117 622 5
140 576 322 624 λοιποι
351 572 463 624 τῶν
486 564 751 639 ἀδελφῶν
773 564 959 623 αὐτῶν
991 565 1474 641 ἐπιστρέψουσιν.”
1525 573 1605 625 16.
1625 565 1750 626 ἀκο-

138 650 362 717 λούθως
404 651 466 707 δὲ
514 647 805 708 κάνταῦθα
852 656 1150 707 τίκτουσαν
1191 656 1353 723 δηλοῖ
1388 651 1490 725 τὴν
1534 656 1594 710 ἐν
1633 666 1752 719 ταῖς

138 733 393 810 πρόσθεν
443 741 802 809 προφητείαις
847 736 1135 807 παρθένον
1174 732 1603 809 ὠνομασμένην,
1658 739 1749 794 καὶ

138 817 455 893 προφήτιδα
494 818 599 891 τὴν
637 817 734 875 τὸν
760 815 1107 891 Ἐμμανουὴλ
1138 821 1230 875 καὶ
1259 819 1357 877 τὸν
1385 823 1480 893 τῆς
1510 819 1750 894 μεγάλης

137 907 342 975 βουλῆς
372 900 610 975 ἄγγελον
638 900 1057 974 ἀποτεξομένην.
1132 905 1231 969 ἕως
1272 903 1377 977 γὰρ
1408 908 1520 963 τῶν
1549 903 1752 978 ταύτης

74 1009 114 1040 10
138 992 349 1060 καιρῶν
389 989 482 1044 καὶ
526 990 623 1043 τοῦ
665 988 717 1054 ἐξ
761 983 931 1057 αὐτῆς
976 983 1379 1059 ἀποτεχθέντος
1424 991 1516 1046 καὶ
1556 988 1622 1045 τὰ
1652 995 1750 1046 τοῦ

136 1072 407 1145 προτέρου
445 1075 583 1127 λαοῦ
632 1067 1010 1142 συνειστήκει,
1056 1075 1318 1144 δοθείσης
1371 1069 1562 1139 αὐτοῖς
1614 1095 1751 1145 προ-

135 1160 372 1228 θεσμίας
406 1149 544 1220 “gaas
583 1160 779 1226 καιροῦ
826 1151 1174 1227 τικτούσης,”
1219 1152 1369 1212 τοῦτ’
1413 1162 1594 1229 ἔστιν,
1649 1159 1750 1224 ἕως
1774 1173 1797 1205 d

134 1244 232 1312 τῆς
254 1237 573 1311 παραδόξου
595 1241 863 1311 γενέσεως
884 1242 984 1296 τοῦ
1011 1242 1071 1296 ἐκ
1094 1242 1188 1312 τῆς
1211 1242 1501 1311 παρθένου
1524 1244 1750 1314 τεχθέν-

136 1348 254 1396 τος,
286 1321 415 1396 μεθ’
451 1347 519 1380 ον
547 1321 698 1396 ἤρθη
728 1347 830 1395 μεν
859 1319 1048 1380 αὐτῶν
1077 1321 1112 1424 ᾗ
1144 1329 1426 1397 βασιλεία,
1458 1349 1510 1381 οι
1542 1325 1603 1382 δε
1635 1328 1750 1382 ἐπί-

74 1428 114 1460 15
137 1415 318 1464 λοιποι
346 1431 460 1464 των
489 1402 750 1478 ἀδελφῶν
781 1405 994 1479 αὐτων,
1034 1408 1188 1465 οὑτοι
1217 1403 1289 1465 ἀν
1319 1408 1432 1465 εἶεν
1463 1414 1521 1466 oi?
1548 1415 1624 1475 εἰς
1654 1410 1750 1466 τὸν

138 1483 379 1562 Χριστον
388 1515 486 1548 του
465 1494 637 1548 θεοῦ
649 1489 1074 1558 πεπιστευκότες
1086 1487 1380 1549 ἀπόστολοι
1393 1495 1486 1549 και
1501 1495 1746 1565 μαθηταὶ

136 1578 228 1633 καὶ
254 1572 637 1647 εὐαγγελισταὶ
666 1577 767 1632 τοῦ
789 1577 1032 1648 σωτῆρος
1054 1571 1231 1648 ἡμῶν,
1262 1573 1359 1642 οὓς
1391 1578 1749 1649 ἐπιστρέψαν-

135 1684 232 1726 τας
264 1658 427 1726 αὐτός
456 1658 485 1715 ὁ
519 1657 710 1731 κύριος
739 1665 1058 1731 ποιμαίνειν
1088 1660 1330 1733 λέγεται,
1374 1658 1440 1716 οὗ
1471 1657 1660 1726 καθώς
1690 1659 1750 1718 τὸ

137 1746 272 1815 πρὶν
296 1739 372 1800 δι’
398 1741 651 1815 ἀγγέλων
687 1739 717 1815 ἢ
740 1741 832 1799 δια
857 1741 1225 1815 θεραπόντων
1244 1741 1585 1817 ἀνθρώπων,
1617 1741 1746 1800 ἀλλ’

72 1847 113 1880 20
137 1825 300 1895 αὐτὸς
332 1823 408 1884 δι’
444 1829 674 1898 ἑαυτοῦ,
707 1825 847 1884 ὥστε
880 1824 971 1883 διά
1001 1831 1161 1884 τοῦτο
1191 1831 1614 1900 μεγαλυνθῆναι
1646 1826 1750 1884 αὐ-

136 1911 263 1979 τοὺς
304 1915 406 1978 ἕως
444 1909 633 1983 ἄκρων
671 1913 766 1983 τῆς
805 1917 921 1983 γῆς,
1007 1910 1472 1984 ἐμεγαλύνθησαν
1514 1910 1618 1984 γὰρ
1659 1909 1749 1969 ὅτε

129 1992 248 2062 “scs
278 1999 464 2054 πᾶσαν
503 1995 606 2067 τὴν
642 1998 750 2068 γῆν
791 1997 1026 2068 ἐξῆλθεν
1055 1993 1084 2052 ὃ
1117 1993 1368 2068 φθόγγος
1401 1993 1613 2066 αὐτῶν,
1656 1998 1749 2052 καὶ

139 2086 216 2147 εἰς
245 2077 310 2136 τά
342 2082 551 2155 πέρατα
573 2082 669 2152 τῆς
693 2082 1021 2152 οἰκουμένης
1043 2077 1108 2136 τά
1132 2076 1332 2153 ῥήματ’
1368 2077 1605 2136 αὐτῶν.”
1667 2085 1746 2137 17.

137 2162 417 2237 πρόδηλον
450 2164 510 2221 δὲ
541 2166 631 2221 καὶ
654 2161 849 2221 ὁποῖον
873 2165 1011 2236 μέγα
1034 2171 1295 2237 ποίμνιον
1326 2161 1461 2221 καθ’
1494 2161 1623 2235 ὅλης
1653 2167 1749 2236 τῆς

72 2264 113 2296 25
137 2251 234 2322 γῆς
268 2251 325 2305 ἐκ
356 2252 592 2320 λογικῶν
623 2250 715 2304 καὶ
745 2244 1119 2319 ἀνθρωπείων
1140 2246 1436 2319 προβάτων
1465 2252 1540 2324 τῷ
1571 2255 1748 2324 κυρίῳ

138 2330 230 2389 διὰ
271 2338 383 2389 τῶν
420 2331 744 2390 ἀποστόλων
782 2328 954 2389 αῦτοῦ
1004 2333 1266 2403 συνέστη·
1319 2329 1349 2388 ὃ
1390 2334 1482 2388 καὶ
1523 2330 1684 2395 αὐτὸς
1714 2326 1742 2387 ὁ
1770 2345 1858 2383 (344)

137 2414 324 2488 κύριος
366 2415 436 2472 δι’
487 2418 717 2488 ἑαυτοῦ,
757 2416 964 2489 ποιμὴν
1003 2414 1145 2488 ὁμοῦ
1184 2420 1276 2472 καὶ
1316 2414 1503 2485 κύριος
1545 2410 1622 2470 ὧν
1653 2418 1748 2486 τῆς

139 2505 402 2571 ποίμνης,
436 2498 742 2567 ἐπόψεσθαι
773 2502 864 2556 καὶ
896 2512 1191 2572 ποιμανεῖν
1239 2501 1298 2555 ἐν
1334 2497 1486 2570 ἰσχύϊ
1513 2499 1746 2569 λέγεται,

141 2579 279 2638 ὥστε
312 2584 372 2638 ἐν
412 2585 551 2656 χειρὶ
591 2587 822 2658 κραταιᾷ
861 2586 953 2639 καὶ
996 2585 1054 2640 ἐν
1096 2588 1352 2656 βραχίονι
1382 2578 1579 2657 ὑψηλῷ
1611 2582 1746 2653 πρὸς

76 2693 116 2724 30
139 2669 237 2723 τοῦ
268 2664 541 2723 δεσπότου
573 2669 662 2723 καὶ
693 2670 950 2739 ποιμένος
980 2664 1364 2738 φυλαττόμενα
1405 2665 1469 2721 τὰ
1499 2662 1748 2736 πρόβατα

141 2753 316 2821 μηδέν
345 2772 396 2806 τι
427 2760 635 2807 παθεῖν
666 2749 852 2807 δεινὸν
882 2748 1016 2821 πρὸς
1046 2753 1157 2806 τῶν
1198 2748 1620 2823 ἐφεδρευόντων
1651 2747 1747 2805 αύ-

141 2846 254 2899 τοϊς
285 2830 497 2908 ἀγρίων
527 2837 619 2891 καὶ
649 2832 880 2906 ἀπηνῶν
909 2841 1127 2907 θηρίων
