1946 3158
206 130 308 182 184
890 129 1141 171 EUSEBH

203 251 293 305 καὶ
327 250 559 321 ἐξῆλθεν
592 252 668 313 εἰς
699 243 799 318 τὴν
830 248 932 312 ἔξω
964 243 1258 319 πρόαυλιν,
1281 247 1371 302 καὶ
1402 242 1644 315 ἀλέκτωρ
1670 244 1809 316 ἐφώ·

204 351 390 406 νησεν.
474 330 642 388 πάλιν
686 331 744 387 δὲ
787 333 982 387 ἰδοῦσα
1024 325 1195 387 αὐτὸν
1237 327 1568 402 ἡπαιδίσκη
1612 327 1811 403 ἤρξατο

205 420 386 490 λέγειν
445 429 557 482 τοῖς
627 417 1003 487 παρεστῶσιν,
1073 406 1230 481 οὗτος
1285 416 1337 482 ἐξ
1397 412 1583 471 αὐτῶν
1644 417 1805 471 ἐστιν.

205 506 287 558 94.
333 497 360 558 ὁ
410 501 468 557 δὲ
508 497 677 556 πάλιν
718 496 1029 571 ἠρνήσατο.“
1099 501 1189 555 καὶ
1230 498 1364 571 μετὰ
1405 498 1601 571 μικρὸν
1643 497 1810 555 πάλιν

204 588 547 658 παρεστῶτες
581 589 772 655 ἔλεγον
802 586 878 660 τῷ
906 587 1126 660 Πέτρῳ,
1158 582 1382 655 ἀληθῶς
1426 586 1478 650 ἐξ
1519 580 1702 640 αὐτῶν
1737 583 1804 654 εἴ,
1834 609 1854 642 5

206 672 296 727 καὶ
340 669 443 742 γὰρ
486 675 779 735 Γαλιλαῖος
824 667 895 724 εἴ·
951 664 979 724 ὁ
1034 669 1095 724 δὲ
1139 665 1335 741 ἤρξατο
1388 665 1812 740 ἀναθεματίζειν

205 756 294 811 καὶ
323 751 571 828 ὀμνύειν,
604 750 686 810 ὅτι
716 749 818 810 ούκ
841 752 966 809 οἶδα
1006 752 1101 809 τὸν
1141 750 1446 825 ἄνθρωπον
1476 755 1700 825 τοῦτον,
1747 749 1812 808 ὃν

206 841 413 912 λέγετε·
448 841 540 895 καὶ
567 835 778 904 εὐθέως
812 839 870 894 ἐκ
902 839 1166 910 δευτέρου
1198 834 1442 909 ἀλέκτωρ
1476 834 1810 909 ἐφωνησεν.”

90 946 179 989 (122)
332 927 415 980 95.
465 921 695 996 ὸΜάρκος
726 922 828 995 μὲν
851 925 1022 979 ταῦτα
1053 921 1274 995 γράφει,
1306 923 1515 994 Πέτρος
1550 922 1610 978 δὲ
1641 924 1814 978 ταῦτα

204 1010 330 1083 περὶ
363 1010 562 1066 ἑαυτοῦ
592 1019 886 1081 μαρτυρεῖ·
932 1005 1110 1064 πάντα
1153 1004 1256 1078 γὰρ
1296 1005 1361 1063 τὰ
1393 1003 1542 1080 παρὰ
1595 1003 1811 1079 ,Μάρκῳ
1839 1036 1878 1066 ιο

204 1097 315 1150 τῶν
348 1094 566 1166 Πέτρου
610 1093 906 1159 διαλέξεων
948 1092 1090 1149 εἶναι
1133 1093 1348 1163 λέγεται
1393 1087 1813 1163 ἀπομνημονεύ-

205 1201 359 1250 ματα.
435 1181 492 1234 οἱ
528 1176 596 1250 δὴ
647 1169 749 1233 οὖν
800 1175 864 1232 τὰ
907 1177 1009 1250 μὲν
1067 1172 1299 1244 δόξαντα
1351 1173 1538 1240 αὐτοῖς
1592 1171 1815 1247 ἀγαθὴν

206 1264 399 1335 φέρειν
439 1259 632 1334 φήμην
671 1259 1129 1334 παραιτούμενοι,
1182 1259 1276 1326 τὰς
1321 1260 1380 1315 δὲ
1420 1258 1549 1316 καθ’
1601 1262 1815 1316 ἑαυτῶν

208 1343 468 1418 διαβολὰς
521 1351 598 1412 εἰς
646 1342 884 1417 ἄληστον
945 1348 1121 1402 αἰῶνα
1186 1342 1662 1418 καταγράφοντες,
1723 1344 1814 1400 καὶ

207 1434 319 1488 τῶν
350 1432 862 1503 πλημμεληθέντων
892 1427 1080 1496 αὐτοῖς
1111 1426 1206 1496 τας
1238 1434 1586 1502 κατηγορίας,
1618 1425 1682 1494 ἃς
1713 1424 1814 1485 οὐκ
1839 1456 1881 1488 15

205 1513 276 1572 ἄν
310 1539 388 1581 τις
432 1520 572 1587 ἔγνω
616 1518 726 1571 τῶν
771 1515 904 1586 μετὰ
955 1518 1129 1571 ταῦτα
1171 1519 1219 1571 εἰ
1268 1512 1340 1586 μὴ
1385 1511 1475 1570 διά
1505 1516 1599 1585 τῆς
1631 1509 1815 1570 αὐτῶν

207 1606 418 1673 ἔμαθεν
469 1601 688 1672 φωνῆς,
740 1597 872 1656 καθ’
939 1601 1153 1656 ἑαυτῶν
1203 1596 1644 1671 στηλιτεύοντες,
1700 1599 1815 1664 πῶς

172 1685 276 1742 boz}
330 1692 624 1756 φιλαυτίας
672 1684 774 1757 μὲν
827 1681 1043 1756 ἁπάσης
1094 1685 1185 1740 καὶ
1239 1687 1605 1754 ψευδολογίας
1666 1679 1814 1746 ε’κτός

208 1771 495 1842 γεγονέναι
538 1771 768 1834 ἐνδίκως
810 1764 880 1826 ἂν
921 1766 1304 1842 ὅμολογοῑντο,
1354 1764 1702 1838 φιλαλήθους
1755 1765 1815 1822 δὲ

209 1855 514 1921 διαθέσεως
565 1856 714 1926 σαφῆ
766 1856 857 1910 καὶ
911 1854 1116 1927 ἐναργῆ
1154 1848 1419 1925 τεκμήρια
1474 1852 1812 1924 παρεσχηκέ-
1838 1878 1881 1910 20

207 1962 326 2007 ναις
404 1942 592 1995 96.οί
649 1942 711 1993 δέ
764 1959 826 2009 γε
875 1937 1002 2003 τοὺς
1054 1935 1308 1993 τοιούσδε
1350 1934 1671 1992 πεπλάσθαι
1721 1936 1812 1992 καὶ

208 2025 587 2089 κατεψεῦσθαι
616 2026 954 2094 νομίζοντες,
981 2023 1073 2077 καὶ
1096 2018 1186 2077 οἶα
1209 2019 1438 2087 πλάνοις
1462 2026 1815 2094 βλασφημειν

207 2104 560 2178 πειρώμενοι,
589 2128 704 2172 πως
735 2103 839 2162 οὐκ
863 2101 932 2163 ἂν
962 2107 1213 2178 γένοιντο
1259 2109 1682 2178 καταγέλαστοι,
1724 2109 1814 2177 φί-

209 2201 293 2247 λοι
323 2214 425 2263 μεν
450 2188 673 2262 φθόνου
705 2191 797 2246 καὶ
827 2195 1151 2262 βασκανίας,
1186 2192 1378 2264 ἐχθροὶ
1401 2191 1460 2248 δε
1485 2185 1654 2261 αὐτῆς
1685 2185 1815 2260 άλη-

209 2279 369 2340 θείας
410 2272 791 2347 ἁλισκόμενοι,
833 2279 889 2331 οἵ
929 2299 991 2347 γε
1034 2272 1160 2340 τούς
1212 2271 1386 2340 οὕτως
1427 2271 1814 2346 ἀπανούργους
1839 2300 1883 2333 25

210 2360 300 2415 καὶ
334 2356 616 2416 ἄπλαστον
648 2354 720 2426 ὥς
745 2356 970 2431 ἀληθῶς
1002 2361 1094 2416 καὶ
1124 2355 1384 2431 ἀκέραιον
1414 2350 1552 2432 ἦθος
1585 2358 1675 2414 διὰ
1705 2362 1816 2414 τῶν

210 2449 432 2501 οἰκείων
477 2441 659 2516 λόγων
709 2445 1219 2517 ἐπιδεδειγμένους,
1264 2441 1622 2547 πανούργους
1661 2440 1814 2507 τινὰς

140 2590 145 2593 ,
213 2529 304 2584 καὶ
336 2527 557 2596 δεινους
587 2523 951 2586 ὑποτίθενται
982 2545 1274 2600 σοφιστας,
1322 2551 1395 2594 ως
1434 2550 1499 2584 τα
1558 2524 1631 2598 μὴ
1683 2523 1815 2583 όντα

172 2613 615 2686 επλασαμένους,
648 2615 837 2691 καὶτῷ
876 2618 1062 2689 οἰκείῳ
1104 2610 1418 2668 διδασκάλω
1459 2635 1523 2667 τα
1565 2610 1638 2684 μὴ
1679 2608 1815 2684 πρὸς

211 2694 381 2754 αὐτοῦ
422 2699 743 2771 πραχθέντα
785 2698 1196 2798 κεχαρισμένως
1231 2693 1572 2765 αναθέντας;
1627 2718 1699 2761 ως
1751 2716 1813 2750 ευ
1837 2722 1882 2753 30

210 2804 301 2851 μοι
346 2785 498 2838 δοκεῖ
538 2783 825 2855 εἰρῆσθαι,
868 2781 1047 2839 πάντα
1099 2777 1201 2853 χρὴ
1242 2777 1524 2838 πιστεύειν
1564 2792 1676 2846 τοῖς
1716 2782 1814 2835 τοῦ

202 2861 379 2937 Ἰησοῦ
420 2875 724 2939 μαθηταῖς,
774 2862 804 2938 ἢ
845 2864 944 2940 μή·
1001 2867 1090 2923 καὶ
1133 2871 1182 2922 εἰ
1227 2864 1414 2937 μόνοις
1453 2863 1663 2931 τούτοις
1702 2876 1814 2928 τοῖς
