1992 3186
500 123 808 165 DEMONST.
840 122 1060 165 EVANG.
1093 124 1171 163 IV.
1207 124 1272 162 14.
1308 125 1376 164 15.
1643 120 1748 172 243

138 243 379 307 δείξουσι
397 244 714 313 μαρτυρίαι,
746 240 1130 310 πιστουμένων
1152 236 1219 294 τὰ
1239 237 1444 294 παλαιοὶ
1463 240 1575 294 τῶν
1605 240 1749 295 νέων

134 321 499 398 γραμμάτων,
540 325 633 379 καὶ
675 346 788 379 των
831 318 1207 394 εὐαγγελικῶν
1246 319 1341 387 τάς
1384 327 1497 379 τῶν
1526 344 1749 423 προφη-

133 432 302 466 τικων
308 415 636 514 μαρτυρίας
682 408 1239 479 ἐπισφραγιζομένων.
1313 402 1453 462 ἀλλὰ
1482 429 1587 478 γαρ
1617 405 1748 463 τοῦ-

131 516 244 550 των
283 482 394 548 ωδε
434 490 674 564 ἐχόντων
712 487 827 563 ω’ροι
866 489 1062 547 λοιπὸν
1102 492 1194 547 καὶ
1239 491 1365 563 περὶ
1406 493 1501 562 τῆς
1541 508 1746 563 προση-

89 600 109 631 5
132 583 321 650 γοριάς
367 573 538 634 αὐτοῦ
569 581 850 646 διελθεῖν,
895 573 1027 631 καθ’
1072 571 1102 633 ὃ
1138 570 1345 647 Ἰησοῦς
1387 576 1478 630 καὶ
1510 573 1746 647 Χριστὸς

129 657 515 734 ἀνηγόρευται,
551 657 625 716 δι’
661 656 810 717 ὅσων
831 682 891 715 τε
920 662 1274 731 προφητειῶν
1294 655 1556 731 ὀνομαστὶ
1582 680 1745 733 προε-

129 743 440 818 κηρύττετο.
502 749 550 800 3.
585 745 774 816 πρῶτα
806 743 869 800 δὲ
905 741 1246 815 σκεψώμεθα
1275 749 1333 799 τί
1357 741 1616 813 βούλεται
1649 747 1742 815 δη-

128 833 266 886 λοῦν
294 827 328 902 ἡ
359 832 457 886 τοῦ
488 832 734 900 Χριστοῦ
762 833 1137 899 προσηγορία,
1179 828 1313 899 πρὶν
1342 823 1618 899 ἄρξασθαι
1647 831 1744 900 τῆς

128 910 265 969 κατά
313 915 479 985 μέρος
523 915 854 983 συναγωγῆς
899 914 1014 968 τῶν
1064 913 1425 985 προφητικῶν
1476 914 1606 984 περὶ
1645 914 1746 969 τοῦ

64 1020 104 1052 10
126 997 492 1069 προκειμένου
522 997 829 1068 σκέμματος
860 1001 1078 1066 λογίων.
1153 993 1456 1069 προσήκειν
1488 996 1549 1051 δὲ
1579 991 1742 1069 ἡγοῦ-
1767 1023 1791 1056 d

124 1104 220 1153 μαι
250 1082 378 1154 περὶ
408 1077 581 1152 αὐτῆς
611 1084 833 1151 πρῶτον
855 1083 952 1151 τῆς
967 1081 1214 1151 Χριστοῦ
1246 1083 1537 1150 διαλαβεῖν
1567 1098 1743 1151 προσ-

125 1170 379 1239 ηγορίας,
413 1168 769 1237 διαρθρῶσαί
794 1187 852 1221 τε
881 1161 985 1236 τὴν
1015 1165 1143 1234 περὶ
1177 1160 1347 1235 αὐτῆς
1382 1168 1635 1235 ἔννοιαν,
1670 1159 1744 1229 ὦς

125 1245 196 1307 ἂν
224 1249 402 1321 μηδὲν
424 1246 565 1321 ἡμᾶς
586 1246 753 1306 λάθοι
773 1250 886 1305 τῶν
901 1245 1039 1305 κατά
1061 1247 1158 1305 τὸν
1179 1246 1350 1304 τόπον
1376 1251 1740 1320 ζητουμένων.

123 1336 173 1390 4.
216 1331 380 1399 ἄλλος
428 1333 531 1405 μὲν
579 1324 683 1389 οῦν
724 1331 968 1404 ἐγγύθεν
1019 1334 1112 1389 καὶ
1167 1334 1227 1389 ἐκ
1270 1335 1382 1389 τῶν
1421 1329 1556 1389 καθ’
1600 1330 1744 1405 ἡμᾶς

61 1438 102 1471 15
125 1413 430 1490 ἀρξάμενος
492 1415 647 1473 εἶπεν
707 1411 779 1472 ἂν
828 1417 1043 1473 Μωσέα
1095 1418 1469 1489 νομοθετῆσαι
1520 1418 1744 1489 πρῶτον

122 1498 387 1557 ἁπάντων
426 1498 554 1565 τοὺς
593 1501 671 1576 τῷ
709 1502 830 1575 θεῷ
873 1502 1210 1573 ίερωμένους
1254 1498 1412 1575 μύρῳ
1455 1505 1743 1575 σκευαστῷ

123 1590 410 1657 χρίεσθαι,
445 1580 680 1649 εὐωδίας
713 1587 835 1640 δεῖν
863 1582 931 1640 τὰ
961 1581 1187 1656 σώματα
1219 1585 1311 1640 καὶ
1341 1581 1564 1654 ἀγαθοῦ
1591 1607 1741 1650 τινος

121 1666 395 1725 ἀποπνεῖν
424 1665 799 1739 ἡγησάμενος,
848 1670 968 1724 ἐπεὶ
997 1670 1111 1724 πᾶν
1144 1665 1204 1724 τό
1237 1670 1486 1733 δυσῶδες
1515 1680 1742 1740 μιαραῖς

121 1753 213 1808 καὶ
256 1749 593 1823 ἀκαθάρτοις
637 1749 945 1823 δυνάμεσιν
987 1751 1128 1807 εἶναι
1160 1757 1354 1823 φίλον,
1400 1747 1472 1817 ὥς
1505 1756 1742 1824 ἔμπαλιν

59 1856 100 1888 20
122 1848 236 1901 τοῖς
275 1834 610 1909 φιλαγάθοις
648 1833 709 1892 τὸ
742 1833 967 1901 εὐῶδες.
1030 1839 1077 1891 5.
1114 1832 1254 1892 ὅθεν
1298 1837 1390 1892 καὶ
1430 1834 1741 1909 θυμιάματι

120 1922 463 1995 συγκειμένῳ
516 1925 594 1985 εἰς
644 1917 965 1994 ’ὑπερβολὴν
1020 1915 1259 1986 εὐωδίας
1314 1915 1446 1976 καθ’
1505 1917 1742 1993 ἑκάστην
1763 1948 1852 1989 (172)

122 2001 332 2076 ἡμέραν
369 2017 482 2070 τοῖς
524 2007 736 2077 ἱερεῦσι
776 2009 1021 2076 χρῆσθαι
1062 2007 1123 2060 ἐν
1153 2009 1228 2080 τῷ
1273 2007 1406 2079 ἱερῷ
1437 2007 1740 2076 νομοθετῆ-

120 2104 241 2158 σαι,
271 2083 422 2154 ὅπως
452 2089 929 2161 κατακιρναμένου
950 2091 1050 2145 τοῦ
1080 2083 1240 2159 άέρος
1271 2090 1363 2145 καὶ
1390 2085 1451 2144 τό
1490 2091 1740 2155 δυσῶδες

118 2167 498 2244 άφανίζοντος,
529 2177 662 2229 θεία
691 2195 772 2237 τις
802 2169 1050 2246 ἀπορροὴ
1080 2186 1195 2239 τοῖς
1229 2168 1547 2245 εὐχομένοις
1571 2196 1741 2229 κατα-

56 2278 97 2311 25
118 2253 428 2327 μιγνύηται.
500 2260 547 2312 6.
583 2253 675 2312 διά
716 2253 821 2328 γάρ
861 2261 1023 2313 τοῦτο
1055 2252 1190 2313 αὐτὸ
1221 2258 1314 2313 καὶ
1355 2270 1558 2329 χρῖσμα
1589 2253 1742 2314 άλει-

118 2338 314 2396 πτικὸν
346 2337 723 2397 εὐωδέστατον
746 2338 838 2396 διὰ
857 2342 1167 2413 μυρεψικῆς
1191 2341 1384 2413 τέχνης
1417 2350 1736 2411 συνθεῖναι,

120 2420 192 2488 ὥς
222 2419 292 2479 ἂν
322 2430 562 2495 χρίοιντο
593 2421 769 2499 τούτῳ
800 2428 858 2480 οἱ
872 2426 984 2481 τοῖν
1004 2428 1210 2482 κοινῶν
1233 2429 1474 2499 δημοσίᾳ
1500 2421 1736 2496 προστή-

118 2515 319 2562 σεσθαι
348 2508 658 2578 μέλλοντες,
689 2509 782 2564 καὶ
811 2506 872 2564 τὸ
901 2511 999 2565 τοῦ
1031 2511 1278 2581 Χριστοῦ
1307 2505 1484 2579 ὄνομα
1514 2529 1738 2580 πρωτον

118 2591 332 2646 Μωσέα
360 2603 473 2656 τοῖς
495 2594 800 2664 χριομένοις
825 2594 1132 2650 ἐπιθεῖναι·
1165 2594 1326 2648 τοῦτο
1353 2592 1414 2647 δὲ
1437 2588 1497 2647 τὸ
1527 2604 1735 2663 χρῖσμα

53 2695 95 2728 30
118 2671 192 2744 μὴ
239 2669 412 2745 μόνον
463 2670 778 2747 ἀρχιερεῦσι
813 2680 1235 2748 παραδοθηναι,
1289 2671 1427 2731 ἀλλὰ
1475 2675 1568 2731 καὶ
1619 2688 1734 2739 τοῖς

116 2778 250 2828 μετα
280 2762 452 2813 ταῦτα
482 2756 788 2831 προφήταις
819 2761 911 2816 καὶ
941 2764 1286 2830 βασιλεῦσιν,
1319 2755 1400 2825 οἷς
1421 2760 1513 2816 καὶ
1544 2755 1731 2825 αὐτοῖς
1759 2787 1778 2818 b

115 2838 294 2916 τούτῳ
337 2845 592 2914 χρίεσθαι
631 2841 819 2913 μόνοις
861 2835 1044 2910 ἐξὸνῖ
1013 2866 1083 2915 ην
1113 2846 1188 2919 τῷ
1228 2840 1402 2919 μύρῳ.
1468 2848 1513 2922 7.
1563 2846 1735 2900 ταῦτα

1341 2936 1446 2986 16*
