1992 3186
575 128 883 171 DEMONST.
913 127 1135 172 EVANG.
1166 129 1244 173 1x.
1277 130 1316 170 7.
1653 125 1758 178 585

150 244 423 318 σοβήσας,
468 243 713 303 διελθών
753 269 810 302 τε
851 247 944 301 καὶ
988 241 1433 319 ἐμπεριπατήσας
1473 241 1577 316 τὴν
1608 239 1755 301 ἀντι-

149 333 409 403 κειμένην
439 327 662 387 ἅπασαν
688 327 930 402 δύναμιν
946 373 961 401 ,
993 331 1084 385 καὶ
1109 327 1308 386 ἑαυτὸν
1330 329 1434 401 μὲν
1456 326 1757 403 παρασχών

148 429 263 481 τοῖς
307 417 542 472 θέλουσι
581 416 870 487 προσιέναι
918 415 1009 470 καὶ
1061 411 1363 487 πειράζειν,
1416 410 1655 486 μηδενὸς
1697 413 1756 469 δὲ

148 502 344 572 στῆναι
374 498 511 572 πρὸς
543 497 713 556 αὐτὸν
746 499 1156 570 δεδυνημένου,
1189 495 1366 564 οὕτως
1402 499 1490 554 ἐπὶ
1514 494 1617 569 τὴν
1645 499 1758 554 τῶν

104 609 125 641 5
148 581 474 654 ἀνθρώπων
503 590 782 657 σωτηρίαν
812 580 1028 655 παρῄει.
1094 580 1178 639 διὸ
1203 584 1295 638 καὶ
1317 577 1554 657 ὁρῶντες
1585 579 1758 639 αὐτὸν

149 672 205 725 οἱ
243 673 504 741 δαίμονες
558 670 935 740 ἐπεγίνωσκον
987 663 1094 722 άπὸ
1145 670 1242 738 τῆς
1294 671 1758 740 προδηλωθείσης

1603 749 1697 770 ue<

149 750 286 809 κατὰ
334 750 436 823 τὴν
488 758 696 826 ἔρημον
749 753 1064 823 διατριβῆς,
1118 749 1425 822 φάσκοντες
1476 748 1626 826 αῦτςο
1705 756 1805 809 τίει

150 837 283 910 ἡμῖν
314 839 406 893 καὶ
437 838 525 893 σοὶ
552 833 728 908 Ἰησοῦ
758 836 848 891 υἱὲ
877 838 974 891 τοῦ
1006 831 1211 904 θεοῦ;”

278 926 324 978 8.
383 924 567 977 Ταῦτα
597 921 700 993 μὲν
739 910 846 976 οῦν
883 921 1011 992 περὶ
1040 923 1234 976 τῶνδε.
1296 918 1365 975 τὰ
1407 919 1469 976 δὲ
1508 921 1630 992 ἑξῆς
1659 922 1759 976 τοῦ

85 1031 126 1062 10
157 1009 390 1077 Ψαλμοῦ
422 1002 558 1078 πρὸς
589 1002 763 1061 αὐτὸν
793 1000 1225 1076 ἀναπεφώνηται
1254 1002 1351 1061 τὸν
1380 1002 1620 1078 Χριστὸν
1650 1000 1758 1060 άπὸ

147 1093 249 1147 τοῦ
270 1086 302 1109 “
319 1092 379 1146 ἐν
409 1103 524 1157 τοῖς
545 1090 908 1162 μεταφρένοις
933 1083 1106 1145 αὑτοῦ
1140 1085 1447 1146 ἐπισκιάσει
1476 1106 1564 1144 σοι
1577 1085 1623 1160 ,”
1659 1092 1759 1160 δη-

149 1171 333 1231 λονότι
364 1169 391 1231 ὁ
423 1170 654 1242 ῦψιστος
690 1168 822 1229 “καὶ
860 1168 969 1230 ὑπὸ
1011 1171 1108 1238 τὰς
1147 1173 1426 1246 πτέρυγας
1458 1170 1632 1229 αὐτοῦ
1675 1175 1757 1228 ἐλ-

149 1271 314 1330 πιεῑς,
337 1255 489 1335 ὅπλῳ
507 1255 782 1315 κυκλώσει
805 1277 869 1314 σε
899 1255 933 1328 ἡ
957 1254 1196 1329 ἀλήθεια
1219 1254 1447 1314 αὐτοῦ.”
1496 1259 1589 1313 καὶ
1615 1259 1758 1314 ἐπει-

153 1340 330 1415 δήπερ
382 1340 609 1416 ἡμέραις
671 1339 1088 1414 τεσσαράκοντα
1150 1343 1243 1398 καὶ
1293 1356 1413 1408 ταῖς
1464 1340 1759 1407 τοσαύταις

87 1452 128 1484 15
151 1428 312 1494 νυξὶν
365 1425 703 1498 ἐπειράζετο,
758 1427 884 1499 περὶ
936 1426 1040 1496 μὲν
1080 1429 1195 1483 τῶν
1233 1422 1377 1499 ἀμφὶ
1416 1425 1515 1492 τὰς
1555 1424 1759 1491 νύκτας

152 1509 423 1568 ἐπιόντων
455 1509 603 1588 αὐτῷ
646 1513 895 1567 λέλεκται
932 1505 1050 1566 “οῦ
1090 1508 1395 1583 φοβηθήσῃ
1437 1508 1545 1567 ἀπὸ
1575 1509 1760 1583 φόβου

152 1599 475 1669 νυκτερινοῦ
492 1592 542 1620 ”’

600 1597 728 1667 περὶ
770 1596 829 1652 δὲ
868 1596 980 1651 τῶν
1020 1590 1165 1667 ἀμφὶ
1205 1595 1301 1661 τὰς
1340 1589 1547 1669 ἡμέρας
1588 1590 1760 1651 αὐτὸν

151 1677 547 1752 πολεμούντων
600 1678 660 1736 τὸ
702 1675 850 1736 “οἰπὸ
895 1679 1092 1750 βέλους
1136 1679 1443 1751 πετομένου
1495 1674 1758 1752 ἡμέρας.”

150 1769 200 1820 9.
234 1766 326 1820 καὶ
357 1755 522 1829 αὖθις
553 1766 680 1837 περὶ
720 1764 822 1836 μὲν
850 1765 963 1819 τών
994 1765 1054 1820 ἐν
1081 1765 1244 1819 νυκτὶ
1265 1758 1411 1820 “dud
1442 1761 1760 1837 πράγματος

87 1871 130 1906 20
154 1851 214 1905 ἐν
253 1845 437 1905 σκότει
478 1845 1015 1922 διαπορευομένου·”
1065 1851 1191 1921 περὶ
1234 1849 1295 1904 δὲ
1332 1850 1445 1905 τῶν
1484 1851 1545 1904 ἐν
1582 1845 1760 1922 ἡμέρα

151 1929 259 1989 ἀπὸ
300 1930 700 2006 συμπτώματος
741 1934 833 1989 καὶ
874 1937 1169 2005 δαιμονίου
1208 1935 1603 2005 μεσημβρινοῦ.
1641 1928 1643 1930 ’
1676 1935 1757 1988 10.

155 2013 255 2072 εἶτ’
292 2018 517 2091 ἐπείπερ
550 2019 610 2074 ἐν
631 2020 710 2093 τῷ
738 2014 1019 2091 πειράζειν
1052 2014 1317 2090 δυνάμεις
1357 2018 1596 2090 πονηραὶ
1630 2015 1762 2073 ε’κῦ-

153 2108 327 2157 κλουν
358 2098 556 2174 αὐτὸν,
601 2106 664 2159 αἱ
704 2102 807 2174 μὲν
835 2100 902 2157 τὰ
935 2095 1330 2174 δεξιάθπλευρα
1361 2114 1626 2173 συνεῖχον
1666 2097 1762 2157 αῦ-

152 2187 283 2256 τοῦ,
327 2183 473 2242 πολὺ
518 2186 580 2242 δὲ
609 2192 837 2252 πλείους
877 2188 992 2244 τών
1031 2181 1370 2258 ἀριστερῶν,
1416 2183 1490 2251 ὡς
1531 2181 1602 2242 ἂν
1632 2209 1761 2258 κρα-

88 2292 130 2324 25
152 2267 406 2342 ταιότερα
446 2271 586 2344 μέρη
634 2268 700 2327 τά
752 2268 931 2343 δεξιοὶ,
989 2267 1214 2336 εἰκότως
1255 2267 1408 2346 αὐτῷ
1456 2271 1762 2341 ἐπιλέγεται

145 2348 176 2371 “
193 2366 443 2410 πεσεῖται
487 2356 547 2411 ἐκ
587 2359 686 2412 τοῦ
728 2360 951 2420 κλίτους
993 2372 1097 2411 σου
1138 2351 1316 2426 χιλιὰς
1347 2355 1438 2410 καὶ
1468 2351 1670 2426 μυριὰς
1702 2356 1762 2409 ἐκ

154 2440 353 2503 δεξιῶν
383 2456 515 2509 σου,
556 2437 694 2512 πρὸς
735 2439 798 2494 σὲ
822 2431 901 2494 ’δὲ
931 2435 1037 2494 οὐκ
1081 2435 1321 2508 έγγιεῖ“”
1383 2443 1604 2502 κλι’τους
1634 2435 1761 2492 ἀντὶ

152 2525 252 2576 τοῦ
284 2517 578 2594 ἀριστεροῦ
620 2520 1050 2595 ὠνομασμένου,
1093 2523 1667 2593 παρασεσιωπημένου
1699 2521 1762 2576 δὲ

155 2601 379 2671 εἰκότως
431 2608 530 2662 τοῦ
581 2601 848 2678 ὀνόματος
911 2608 1012 2661 τοῦ
1066 2600 1395 2680 άριστεροῦ,
1458 2608 1534 2680 τῷ
1586 2604 1763 2678 μηδὲν

88 2709 130 2743 30
154 2685 350 2746 σκαιὸν
388 2689 530 2760 μηδὲ
579 2687 871 2763 ἀριστερὸν
922 2683 1286 2762 εὑρίσκεσθαι
1332 2693 1392 2747 ἐν
1434 2685 1599 2765 αὐτῷ.
1671 2691 1764 2745 καὶ

267 2881 292 2921 8
322 2880 486 2923 Matth.
510 2882 556 2946 82
574 2883 641 2923 29.

1785 2042 1877 2083 (435)
