1946 3158
544 126 852 170 DEMONST.
884 125 1106 168 EVANG.
1135 126 1219 167 111.
1252 128 1292 166 2.
1632 125 1733 177 153

126 250 220 316 τῆς
258 239 520 316 ἡμετέρας
566 249 759 309 κακίας
798 240 1112 316 τραύματα,
1152 248 1228 319 τῷ
1282 239 1511 314 μω’λωπι
1561 241 1734 299 αὐτοῦ

129 331 394 401 ιάθῶμεν.
457 330 549 384 καὶ
580 326 644 384 τὰ
675 336 778 400 μὲν
810 336 959 383 αἴτια
986 318 1066 384 οἷν
1094 323 1232 398 παρ’
1258 323 1582 399 ἀνθρώποις
1612 349 1734 383 πει-

126 432 278 470 σεται
319 410 348 468 ὁ
391 410 768 485 ἀναμάρτητος
809 417 983 468 ταῦτα
1028 403 1121 484 ἦν’
1188 408 1474 468 Ἰουδαίων
1521 411 1583 466 δὲ
1621 414 1734 467 τῶν

126 495 221 554 τὸν
260 494 510 554 θάνατον
550 495 700 573 αὐτῷ
741 498 1248 569 συσκευασαμένων
1279 494 1448 553 οὐδὲν
1469 489 1733 567 ὑπιδόμε-

84 607 103 638 5
127 605 221 648 νος
251 583 280 638 ὁ
311 580 622 654 θαυμάσιος
646 579 928 655 προφήτης
956 578 1267 654 διαρρήδην
1298 579 1616 652 ἄπελέγχει,
1642 581 1733 636 καὶ
1759 603 1780 634 1>

125 669 286 723 τοῦτο
335 663 596 739 ἄντικρυς
647 664 975 739 σχετλιάζων
1020 666 1111 721 καὶ
1161 668 1340 737 λέγων
1412 660 1566 720 “ἆπὸ
1623 668 1735 721 τῶν

127 750 373 823 ἀνομιῶν
402 754 501 808 τοῦ
530 755 668 808 λαοῦ
697 775 805 823 μου
836 748 984 823 ἤχθη
1017 755 1094 815 εἰς
1124 746 1422 806 θάνατον.”

252 840 336 892 59.
406 831 526 892 Εἶτ’
573 836 692 891 ἐπεὶ
743 838 1075 908 παραχρῆμα
1117 835 1208 889 καὶ
1249 830 1351 890 οὐκ
1398 840 1476 899 εἰς
1516 831 1734 908 μακράν

126 918 259 992 μετὰ
288 917 389 992 τὴν
419 918 556 976 κατὰ
585 922 684 975 τοῦ
714 924 956 992 Χριστοῦ
1001 916 1207 990 τόλμαν
1248 917 1276 974 ὁ
1317 915 1590 989 παντελὴς
1632 914 1735 974 αὐ-

63 1029 103 1060 10
125 1003 252 1072 τοὺς
263 1007 541 1077 μετῆλθεν
561 1001 794 1076 ὄλεθρος
818 1005 1288 1077 πολιορκηθέντας
1310 998 1418 1059 ὑπὸ
1433 999 1732 1075 Ῥωμαίων,

125 1087 261 1146 οὐδὲ
300 1091 461 1145 τοῦτο
504 1087 759 1160 παριδών
807 1091 1044 1159 ἐπιλέγει
1086 1083 1227 1143 “nal
1270 1085 1432 1144 δώσω
1473 1086 1599 1152 τοὺς
1638 1109 1733 1142 πο-

126 1171 329 1246 νηρούς
369 1169 494 1230 ἀντὶ
534 1176 628 1244 τῆς
677 1177 856 1245 ταφῆς
898 1170 1070 1230 αὐτοῦ
1117 1174 1208 1228 καὶ
1253 1171 1383 1238 τοὺς
1432 1176 1734 1238 πλουσίους

125 1254 248 1315 ἀντὶ
279 1261 376 1314 τοῦ
405 1255 658 1314 θανάτου
688 1253 909 1315 αὐτοῦ.”

254 1345 338 1398 60.
371 1338 568 1413 ”Ηρκει
607 1342 709 1414 μὲν
752 1333 854 1399 οὖν
895 1343 982 1398 ε’πὶ
1035 1340 1249 1408 τούτοις
1292 1339 1592 1414 ἐπιγράψαι
1631 1339 1734 1412 τὴν

66 1449 105 1480 15
129 1430 493 1498 προφητείαν,
527 1431 578 1482 εἰ
605 1428 782 1497 μηδέν
811 1451 862 1483 τι
892 1429 1062 1483 πλέον
1093 1431 1322 1483 ἔσεσθαι
1347 1425 1481 1499 μετὰ
1503 1425 1606 1496 τὴν
1634 1428 1734 1481 τοῦ

129 1512 372 1583 Χριστοῦ
399 1507 664 1581 τελευτὴν
703 1508 875 1582 ἑώρα·
919 1512 1037 1566 ἐπεὶ
1073 1511 1134 1567 δὲ
1165 1507 1299 1567 ὅσον
1339 1508 1497 1567 οὔπω
1539 1516 1730 1583 ἔμελλε
1753 1531 1822 1572 (65)

127 1592 261 1666 μετὰ
300 1594 401 1665 τὴν
440 1591 702 1666 τελευτὴν
744 1590 778 1667 ἢ
822 1591 956 1667 μετὰ
1005 1591 1106 1666 τὴν
1152 1593 1338 1666 ταφὴν
1378 1603 1734 1651 παλινοστεῑν
1762 1626 1780 1649 c

128 1679 217 1735 καὶ
244 1674 537 1751 ἀναβιοῦν,
570 1684 648 1734 ἔτι
672 1680 799 1752 περὶ
831 1675 1002 1736 αὐτοῦ
1023 1680 1115 1735 καὶ
1139 1684 1313 1736 ταῦτα
1342 1684 1734 1751 προστίθησιν,

129 1765 251 1835 ἑξῆς
284 1763 554 1834 ἐπιλέγων
595 1758 627 1781 “
643 1765 735 1819 καὶ
766 1761 956 1836 κύριος
986 1762 1246 1835 βούλεται
1285 1770 1589 1836 καθαρίσαι
1630 1758 1735 1819 αὕ-

64 1869 105 1902 20
127 1845 223 1903 τὸν
252 1849 345 1919 τῆς
375 1849 616 1920 πληγῆς·
671 1845 766 1904 ἐὰν
811 1850 954 1904 δῶτε
991 1850 1118 1921 περὶ
1160 1846 1456 1922 ἁμαρτίας,
1509 1846 1542 1919 ἡ
1585 1844 1734 1920 ψυχὴ

127 1930 284 2004 ὑμῶν
313 1929 506 2000 ὄψεται
546 1933 760 2007 σπέρμα
799 1931 1120 2007 μακρόβιον.
1191 1935 1283 1989 καὶ
1324 1931 1582 2005 βούλεται
1640 1930 1734 1989 κύ-

130 2040 242 2089 ριος
273 2012 506 2088 ἀφελεῖν
535 2014 644 2073 ἀπὸ
674 2021 772 2074 τοῦ
802 2015 980 2076 πόνου
1009 2021 1105 2090 τῆς
1134 2020 1314 2091 ψυχῆς
1331 2015 1524 2089 αὐτοῦ,
1557 2019 1734 2084 δεῖξαι

128 2099 276 2178 αὐτῷ
306 2098 471 2173 φῶς.”

253 2190 337 2242 61.
378 2183 681 2260 Ἀνιότερον
724 2187 898 2264 είπῷν
931 2181 1278 2259 τεἅνθρωπος
1320 2189 1381 2244 ἐν
1420 2188 1604 2259 πληγῇ
1635 2180 1732 2258 ὧν,

28 2308 33 2312 -
65 2291 104 2323 25
128 2272 219 2326 καὶ
252 2266 412 2335 εἰδώς
442 2271 638 2343 φέρειν
677 2277 983 2344 μαλακίαν,
1028 2275 1135 2329 νῦν
1173 2270 1309 2344 μετὰ
1348 2270 1446 2328 τὸν
1484 2269 1734 2328 θάνατον

130 2351 302 2411 αὐτοῦ
343 2356 435 2411 καὶ
464 2353 567 2427 τὴν
596 2355 799 2428 ταφὴν,
832 2354 1040 2429 κύριος,
1071 2357 1237 2428 φησὶ,
1270 2354 1529 2428 βούλεται
1553 2364 1735 2411 καθα-

130 2446 279 2508 ρίσαι
310 2437 482 2496 αὐτὸν
512 2442 606 2513 τῆς
637 2437 899 2513 πληγῆς.”
943 2443 1035 2497 καὶ
1058 2444 1173 2506 πῶς
1198 2446 1378 2510 ἔσται;
1397 2436 1445 2497 ζ“
1466 2438 1562 2495 ἐὰν
1593 2442 1733 2495 δῶτε

129 2521 316 2595 (φησὶ)
348 2525 473 2597 περὶ
514 2519 808 2598 ἁμαρτίας,
841 2521 874 2599 ἡ
907 2523 1054 2598 ψυχὴ
1084 2519 1247 2597 ὑμῶν
1283 2522 1477 2592 ὄψεται
1518 2524 1733 2596 σπέρμα
1757 2542 1779 2574 d

128 2605 478 2679 μακρόβιον.”
553 2613 636 2666 62.
674 2606 739 2666 οὐ
770 2612 904 2666 πᾶσι
933 2611 1039 2682 γὰρ
1073 2612 1284 2679 ἐφεῖται
1325 2607 1384 2665 τὸ
1429 2606 1734 2681 μακρόβιον

68 2713 107 2746 3ο
134 2694 230 2747 τοῦ
267 2695 513 2765 Χριστοῦ
542 2695 760 2766 σπέρμα
800 2699 1060 2752 συνιδεῖν
1098 2690 1131 2765 ἢ
1163 2692 1351 2766 μόνοις
1391 2707 1503 2759 τοῖς
1545 2693 1731 2765 ἐξομο-

243 2886 294 2925 19
324 2886 400 2929 Es.
423 2887 498 2937 53,
524 2888 587 2926 10.
