1992 3186
229 152 332 204 266
912 132 1159 194 Ensssssn

228 271 387 326 θέσει
417 267 576 340 ἡλίου
610 270 700 325 καὶ
731 274 945 324 τελείου
976 266 1159 340 φωτὸς
1183 267 1390 341 λύχνου
1419 266 1574 336 τάξιν
1606 270 1830 341 ἐπέχων.

219 349 375 410 ε(ἐκεῖ
403 353 465 409 δὲ
496 351 718 424 (φησὶν)
754 354 1057 418 ἐξανατελῶ
1086 349 1295 425 κέρας,”
1328 351 1426 409 τὸν
1449 350 1618 419 τόπον
1649 355 1835 424 δηλῶν

230 443 370 494 ἔνθα
401 443 652 507 σημαίνει
685 434 781 492 τὸν
794 434 1032 509 Χριστὸν
1056 435 1524 508 γεννηθήσεσθαι.
1566 441 1651 493 27.
1680 433 1834 503 εὐξα-

227 524 375 596 μένῳ
406 518 508 591 γαρ
540 523 618 595 τῷ
641 522 829 591 Δαβὶδ
859 520 955 576 τὸν
985 518 1155 576 τόπον
1183 523 1260 596 τῷ
1283 519 1552 592 πνεύματι
1583 530 1834 592 προθεω-

117 628 208 669 (188)
228 609 390 678 ρῆσαι
421 607 515 675 τῆς
545 606 813 675 γενέσεως
843 606 943 660 τοῦ
962 607 1203 678 Χριστοῦ
1226 602 1473 676 φήσαντί
1497 627 1556 660 τε
1579 600 1667 660 “sl
1697 610 1833 661 εἰσε-
1857 626 1876 657 5

228 687 491 759 λεύσομαι
526 694 602 753 είς
633 686 896 760 σκήνωμα
927 697 1084 745 οἴκου
1114 711 1249 760 μου,
1287 693 1339 745 εί
1366 686 1713 760 ἀναβήσομαι
1746 690 1835 744 ἐπὶ

227 777 417 869 κλίνης
442 775 728 844 στρωμνῆς
751 797 876 844 μου,
911 778 961 829 εί
991 770 1151 828 δώσω
1175 770 1357 830 ὕπνον
1379 785 1493 837 τοῖς
1522 768 1836 846 ὀφθαλμοις

226 880 333 929 μου
383 858 473 911 καὶ
518 868 631 921 τοῖς
680 854 977 929 βλεφαροις
1025 880 1133 929 μου
1183 855 1500 929 νυσταγμὸν
1551 859 1642 911 καὶ
1697 853 1837 912 ἀνα-

226 959 434 997 παυσιν
472 953 585 1006 τοις
626 964 920 1013 κροταφοις
961 964 1096 1013 μου,
1139 943 1240 1005 ἕως
1281 965 1347 997 ου
1380 937 1522 1011 εὕρω
1561 938 1730 996 τόπον
1759 942 1835 1015 τῷ

227 1030 432 1100 κυρίω,
476 1023 743 1097 σκήνωμα
787 1029 862 1100 τῷ
915 1028 1035 1081 θεω
1075 1023 1304 1095 Ἰακωβ”
1360 1021 1734 1081 αποκαλύπτει
1773 1047 1833 1080 το
1858 1046 1898 1077 10

227 1119 388 1165 θεῖον
412 1113 632 1179 πνεῦμα
652 1107 748 1165 τὸν
771 1112 831 1164 ἐν
852 1109 1106 1180 Βηθλεὲμ
1125 1107 1309 1166 τόπον.
1365 1113 1448 1164 28.
1476 1105 1560 1164 διὸ
1587 1110 1836 1179 ἐπιφέρει

226 1196 404 1263 λέγων
442 1196 527 1248 28.
553 1190 717 1247 “.’,’δού
742 1188 1058 1264 ἠκούσαμεν
1081 1189 1257 1263 αὐτὴν
1283 1195 1342 1248 ἐν
1366 1189 1636 1264 Έφραθά,
1670 1188 1834 1264 (αὕτη

183 1301 206 1332 b
234 1278 298 1332 δέ
328 1279 474 1332 ἐστιν
504 1274 538 1347 ἡ
574 1275 847 1348 Βηθλεὲμ)
882 1274 1114 1348 εὕρομεν
1155 1273 1332 1348 αὐτὴν
1373 1279 1431 1332 ἐν
1471 1289 1583 1339 τοῖς
1624 1279 1836 1341 πεδίοις

225 1363 323 1416 τοῦ
357 1363 585 1433 δρυμοῦ.
662 1358 1094 1432 είσελευσόμεθα
1141 1366 1218 1425 εις
1259 1384 1324 1416 τα
1367 1380 1700 1431 σκηνωματα
1733 1356 1834 1415 αὐ-

226 1447 352 1515 τοῦ,
401 1443 860 1516 προσκυνήσομεν
906 1449 982 1508 εἰς
1027 1443 1122 1500 τὸν
1162 1442 1333 1500 τόπον
1386 1468 1451 1500 ου
1503 1450 1742 1515 ε”στησαν
1782 1447 1839 1499 οἰ
1859 1465 1898 1498 15

227 1526 394 1593 πόδες
425 1526 612 1584 αὐτοῦ.
624 1524 650 1546 ’⁷
718 1526 939 1593 εἰκότως
980 1528 1082 1584 οὐν
1119 1552 1254 1600 μετα
1284 1521 1387 1599 τὴν
1417 1525 1631 1583 τούτων
1661 1529 1836 1599 φανέ-

227 1631 400 1685 ρωσιν
425 1610 705 1683 ἐπιλέγει“
717 1615 830 1669 έκει
853 1615 1154 1679 ἐξανατελῶ
1182 1614 1344 1684 κέρας
1367 1635 1442 1688 τῳ
1419 1607 1720 1683 Δαβὶδ,
1689 1616 1834 1682 ητοί-

226 1715 371 1768 μασα
411 1695 617 1768 λύχνον
646 1700 721 1772 τῷ
752 1699 974 1772 Χριστῷ
1002 1692 1168 1768 μου,”
1210 1700 1292 1752 29.
1325 1694 1461 1768 τάχα
1489 1705 1619 1760 ἴσως
1653 1697 1744 1750 καὶ
1774 1693 1834 1750 τὸ

228 1782 314 1836 ε’πὶ
346 1784 441 1852 τῆς
475 1781 727 1852 Βηθλεὲμ
769 1775 1098 1851 ἀναληφθὲν
1138 1782 1215 1855 τῷ
1246 1783 1464 1854 Χριστῷ
1505 1780 1660 1850 σῶμα
1691 1774 1830 1834 καθ’

226 1866 418 1936 ἑτέραν
447 1859 720 1921 ὑπόνοιαν
750 1870 1064 1936 σημαίνων,
1112 1863 1301 1932 ἐπειδὴ
1336 1861 1425 1918 διὰ
1454 1864 1554 1919 τοῦ
1583 1860 1831 1932 σώματος
1855 1886 1896 1918 20

228 1943 299 2013 ὦς
344 1951 419 2003 δι’
461 1946 792 2018 ὀστρακίνου
835 1945 1069 2012 σκεύους
1112 1944 1441 2018 ε’νοικήσασα
1495 1950 1554 2002 έν
1604 1943 1754 2021 αὐτῷ
1795 1941 1830 2016 ἡ

225 2038 355 2087 θεία
410 2030 643 2101 δύναμις
697 2027 770 2095 ὡς
825 2029 915 2085 διὰ
963 2028 1169 2102 λύχνου
1221 2029 1315 2095 τὰς
1365 2033 1463 2086 τοῦ
1520 2035 1686 2086 θείου
1739 2031 1830 2085 καὶ
1898 2055 1900 2057 ·

184 2147 200 2168 c
226 2117 450 2185 λογικοῦ
481 2111 661 2185 φωτὸς
691 2111 1050 2186 μαρμαρυγὰς
1083 2119 1159 2180 εἰς
1183 2114 1390 2179 πάντας
1417 2115 1715 2186 ἐξέλαμψεν
1737 2109 1831 2168 οἶν-

227 2196 505 2269 θρώπους.

791 2347 919 2407 ’And
950 2353 1049 2407 τοῦ
1072 2349 1258 2422 Ἀμώς.
1851 2354 1892 2421 25

226 2452 426 2523 Χριστὸς
443 2455 670 2511 ὀνομαστὶ
687 2452 779 2500 υπὸ
797 2457 879 2499 τοῦ
902 2458 1023 2500 θεοῦ
1039 2451 1492 2524 uoetocyyslko'uevOQ
1507 2455 1588 2497 καὶ
1610 2469 1724 2497 πασι
1742 2452 1829 2509 μὲν

226 2507 500 2567 ἀνθρώποις
517 2510 937 2568 γνωριζόμενος,τό
957 2508 1203 2561 Ἰουδαίων
1226 2508 1272 2553 δ’
1299 2509 1443 2559 ἔθνος
1465 2508 1828 2564 αφοσιούμενος.

353 2619 435 2672 30.
475 2614 826 2688 ωΕτοιμαζου
865 2621 962 2672 τοῦ
1003 2619 1385 2671 ἐπικαλεισθαι
1426 2613 1521 2670 τὸν
1566 2612 1702 2670 θεὸν
1731 2615 1830 2670 τοῦ

219 2698 462 2771 Ἰσραὴλ,
532 2699 669 2756 διότι
724 2697 848 2756 ι’δοὺ
899 2717 1138 2771 στερεων
1199 2696 1439 2769 βροντὴν
1491 2700 1583 2753 καὶ
1635 2703 1828 2764 κτίζων

339 2892 392 2930 28
422 2891 518 2930 Am.
539 2892 581 2943 47
608 2893 674 2933 12.
