1946 3158
553 118 860 160 DEMONST.
893 117 1116 161 EVANG.
1149 119 1184 158 1.
1212 121 1277 160 10.
1660 116 1728 168 65

127 241 174 293 8.
208 237 369 293 τοῦτο
415 235 475 292 δὲ
516 229 651 290 αὐτὸ
692 237 906 306 Μωσῆς
944 231 1245 291 λευκότατά
1283 255 1392 290 που
1446 238 1728 306 διασαφεῖ,

129 318 352 392 λέγων
359 315 539 392 ψυχὴ
579 315 758 391 πάσης
797 317 997 391 σαρκὸς
1036 314 1170 391 αἷμα
1222 315 1395 375 αὐτοῦ
1447 321 1589 389 ἐστι,
1641 320 1767 374 καὶ

131 402 235 476 ἐγῶ
281 405 499 461 δέδωκα
538 398 675 476 υμῖν
722 400 780 459 τὸ
823 399 957 476 αἷμα
1009 405 1098 459 ἐπὶ
1147 405 1244 460 τοῦ
1303 408 1732 476 θυσιαστηρίου,

131 487 521 556 ἐξιλάσκεσθαι
552 489 678 561 περὶ
710 490 822 544 τῶν
853 484 1135 561 ἁμαρτιῶν
1165 482 1349 560 υμῶν
1382 485 1441 544 τὸ
1472 484 1578 560 γὰρ
1601 494 1735 560 αἱμα

84 594 106 627 5
129 572 314 631 αὐτῶν
344 572 470 630 ἀντὶ
502 574 680 645 ψυχῆς
717 570 1035 639 ἐξιλάσεται.
1082 569 1173 629 διὰ
1202 575 1364 629 τοῦτο
1398 580 1590 645 εἴρηκα
1621 585 1735 638 τοῖς

128 663 272 724 υιοῐς
315 654 563 731 Ἰσραὴλ,
618 662 768 713 πᾶσα
828 655 975 730 ψυχὴ
1039 659 1092 724 ἐξ
1151 652 1312 730 ὑμῶν
1370 653 1437 714 οὐ
1498 654 1735 729 φάγεται

130 738 294 816 αἷμα.’

258 845 305 898 9.
341 837 629 915 Πρόσσχες
659 842 800 911 γοῦν
831 841 1100 911 ἐπιμελῶς
1133 841 1192 896 ἐν
1231 838 1443 906 τούτοις
1483 837 1630 905 ὅπως
1665 849 1739 896 εἴ·

131 949 290 999 ρηται
337 921 455 981 τὸ
460 922 589 998 ἐγῶ
623 925 842 981 δέδωκα
879 936 1022 996 υμιν
1064 925 1153 980 ἐπὶ
1190 926 1289 980 τοῦ
1329 931 1738 996 θυσιαστηρίου

67 1027 108 1058 10
133 1008 519 1078 ἐξιλάσκεσθαι
568 1010 696 1083 περὶ
737 1011 849 1065 τῶν
890 1010 1087 1082 ψυχῶν
1125 1032 1311 1081 υμων,
1352 1006 1411 1065 τὸ
1453 1033 1558 1081 γαρ
1603 1034 1738 1081 αιμα

131 1093 254 1152 ἀντὶ
295 1096 390 1166 τῆς
439 1097 619 1167 ψυχῆς
677 1092 997 1161 ἐξιλάσεται.
1089 1097 1281 1165 σαφῶς
1322 1117 1429 1165 γαρ
1470 1090 1594 1149 άντι
1645 1096 1739 1166 τῆς

130 1177 492 1254 ἀνθρωπίνης
541 1181 719 1251 ψυχῆς
777 1177 837 1234 τὸ
887 1180 1000 1234 τῶν
1070 1179 1525 1250 σφαγιαζομένων
1585 1175 1739 1254 ζῴων

133 1261 268 1336 αἷμά
297 1283 470 1336 φησιν
495 1261 895 1330 ἐξιλάσκεσθαι.
958 1265 1119 1320 τοῦτο
1152 1263 1214 1319 δὲ
1248 1259 1383 1319 αὐτὸ
1415 1263 1507 1319 καὶ
1540 1260 1568 1318 ὅ
1610 1264 1737 1332 περὶ

133 1351 246 1404 τῶν
275 1351 495 1404 θυσιῶν
525 1345 689 1420 νόμος
728 1343 1035 1418 ὑποβάλλει
1071 1361 1226 1405 νοεῖν
1266 1352 1341 1424 τῷ
1381 1347 1775 1422 τεθ«’;ϊι)ρημέ-(1

71 1446 112 1479 15
134 1455 245 1498 νως
286 1435 599 1488 σκοποῦντι.
683 1436 761 1488 10.
806 1430 988 1488 πάντα
1037 1434 1176 1504 γοῦν
1223 1430 1321 1489 τὸν
1375 1430 1590 1489 θύοντα
1638 1429 1733 1498 τας
1767 1455 1839 1496 125}

133 1531 321 1589 χεῖρας
362 1514 681 1587 ἐπιβάλλειν
719 1513 1043 1588 προστάττει
1091 1519 1161 1589 τῇ
1198 1519 1416 1590 κεφαλῇ
1455 1519 1552 1573 τοῦ
1597 1526 1740 1574 θυο-

134 1602 324 1674 μένου,
358 1606 744 1674 προσκομίζειν
777 1600 838 1656 δε
868 1599 927 1656 τὸ
961 1603 1098 1677 ζῷον
1139 1604 1214 1657 τῶ
1259 1605 1400 1674 ιερεῖ
1433 1604 1529 1672 τῆς
1569 1623 1738 1673 κεφα-

135 1687 233 1756 λῆς
276 1682 565 1758 ἐχόμενον,
620 1680 823 1741 ῶσανεὶ
854 1708 996 1757 υπερ
1028 1709 1124 1756 της
1156 1687 1358 1742 ἑαυτου
1397 1688 1639 1789 κεφαλης
1679 1684 1739 1741 τὸ

139 1774 344 1843 ιερεῖον
389 1770 791 1871 προσφέροντα.
865 1771 1013 1841 λε’γει
1070 1765 1124 1825 δ’
1181 1762 1284 1826 οὖν
1342 1767 1427 1841 ἐφ’
1504 1764 1745 1826 ἐκάστω”

74 1850 145 1902 20
150 1850 442 1925 προσάξει
490 1851 624 1910 αὐτὸ
676 1859 864 1910 ἔναντι
914 1859 1146 1926 κυρίου,
1199 1855 1291 1910 καὶ
1347 1851 1604 1926 ἐπιθήσει
1654 1853 1748 1919 τὰς

137 1953 322 2013 χεῖρας
365 1936 538 1996 αὐτοῦ
571 1940 661 1995 ἐπὶ
699 1935 801 2010 τὴν
842 1936 1093 2011 κεφαλὴν
1123 1942 1222 1996 τοῦ
1258 1933 1490 2012 δῶρου.”

268 2069 349 2122 11
405 2067 517 2122 Καὶ
548 2062 722 2130 οὕτως
756 2062 844 2138 ἐφ’
882 2063 1116 2123 ἑκάστου
1147 2063 1440 2139 τετήρηται
1479 2064 1748 2138 θύματος,

139 2147 403 2223 οὐδεμιας
437 2154 644 2215 θυσίας
675 2146 855 2216 άλλως
887 2147 1319 2224 αναφερομένης.
1383 2147 1458 2206 δι’
1494 2151 1573 2207 ῶν
1603 2148 1631 2207 ὁ
1665 2147 1750 2206 λό-

142 2258 236 2307 γος
278 2240 616 2307 παρίστησιν
655 2230 740 2290 ότι
784 2231 852 2306 δὴ
892 2230 1168 2308 ἀντίψυχα
1208 2238 1303 2308 τῆς
1346 2231 1532 2292 αυτῶν
1573 2238 1752 2307 ψυχῆς

77 2335 120 2368 25
143 2317 452 2391 προσήγετο
483 2343 548 2375 τα
581 2318 1027 2394 ζῳοθυτούμενα
1060 2315 1088 2375 ὁ
1123 2320 1184 2376 δε
1214 2323 1325 2375 τῶν
1355 2317 1575 2392 αλόγων
1600 2318 1753 2395 ζῴων

140 2403 201 2461 τὸ
245 2400 380 2477 αἷμα
412 2402 514 2475 τὴν
555 2400 740 2476 ψυχὴν
779 2403 922 2460 εἶναι
963 2403 1185 2472 διδάξας
1223 2402 1482 2477 οὐδαμῶς
1532 2405 1751 2475 λογικῆς
1775 2426 1843 2468 (36)

143 2489 236 2544 καὶ
267 2491 467 2564 νοερᾶς
499 2486 690 2553 ουσίας
735 2485 938 2561 ὁμοίως
977 2501 1091 2554 τοις
1147 2487 1466 2559 ἀνθρώποις
1509 2490 1754 2560 μετέχειν

142 2596 280 2629 αυτα
312 2579 667 2681 παρίστησιν,
701 2571 845 2630 εἶναι
874 2597 979 2646 γαρ
1023 2571 1208 2629 αὐτῶν
1247 2571 1348 2645 τὴν
1388 2571 1658 2630 σύστασιν
1700 2575 1754 2638 ἐξ

145 2655 280 2729 ὕλης
326 2659 421 2713 καὶ
463 2656 763 2731 σωμάτων,
804 2670 918 2723 τοῖς
973 2655 1081 2714 άπὸ
1121 2661 1220 2730 γῆς
1264 2655 1611 2730 βλαστήμασι
1662 2657 1753 2712 καὶ

260 2881 284 2919 2
317 2879 466 2922 Levit.
501 2880 566 2928 17,
604 2882 667 2919 11.
843 2882 896 2920 ρο
928 2879 1077 2920 Lex-it.
1114 2882 1151 2930 3,
1190 2881 1226 2918 1.

236 2962 474 2990 EUSEBIUS
505 2962 579 2992 111.
1493 2947 1526 2998 5
