1992 3186
583 107 891 149 DEMONST.
916 107 1134 148 EVANG.
1164 108 1221 151 x.
1249 109 1289 148 2.
1634 104 1739 158 635

1231 219 1244 240 2

132 221 328 297 ἐχθρὸς
369 221 629 280 ὠνείδισέ
653 247 748 295 με,
788 218 1074 294 ὑπήνεγκα
1114 217 1224 294 αν,’
1277 224 1367 279 καὶ
1399 220 1464 279 τά
1497 224 1632 295 ἑξῆς.
1689 227 1736 280 8.

129 311 302 365 ταῦτα
335 307 396 363 δε
436 309 562 379 περὶ
609 312 707 364 τοῦ
743 305 922 364 Ἰούδα
951 313 1225 374 θεσπίσας
1273 305 1598 372 ἀκολούθως
1637 306 1740 378 τὴν

131 396 191 449 ἐκ
220 397 318 449 τοῦ
348 390 600 448 θανάτου
630 397 909 463 σωτηρίαν
939 393 1030 448 καὶ
1053 389 1352 464 ἀποφυγὴν
1373 394 1575 448 ἑαυτοῦ
1606 414 1736 463 προ-

132 474 383 534 διδάσκει
424 478 603 548 λέγων
624 474 772 548 “ἐγω
804 475 939 548 πρὸς
968 475 1066 532 τὸν
1093 474 1233 533 θεὸν
1266 479 1554 547 ἐκέκραξα,
1587 478 1679 532 καὶ
1708 470 1738 532 ὃ

86 583 107 616 5
130 559 318 633 κύριος
350 562 525 618 ἔσωσέ
551 556 673 633 με.”
731 562 965 631 ἑσπέρας
996 562 1087 616 καὶ
1112 565 1260 632 πρωῒ
1280 563 1373 616 καὶ
1396 566 1738 633 μεσημβρίας

131 644 460 718 διηγήσομαι
491 647 581 702 καὶ
612 640 925 716 ἀπαγγελῶ,
958 646 1048 701 καὶ
1081 643 1463 701 εἰσακούσεται
1492 648 1587 716 τῆς
1618 669 1739 716 φω-

128 734 228 801 νῆς
258 754 392 802 μου,
426 727 765 800 λυτρώσεται
797 732 856 785 ἐν
889 727 1081 803 εἰρήνῃ
1121 727 1222 800 τὴν
1252 729 1437 802 ψυχήν
1466 725 1627 801 μου.”
1689 733 1736 785 9.
1771 766 1789 788 e

131 813 202 880 ὥς
249 817 309 870 ἐν
350 810 484 887 εὐχῇ
521 812 618 870 τὸν
657 811 762 886 πρὸ
802 817 901 870 τοῦ
943 812 1197 870 θανάτου
1227 813 1423 886 καιρὸν
1462 819 1737 886 σημαίνει,

130 894 263 955 καθ’
296 894 362 954 ὃν
401 900 493 954 καὶ
532 893 799 962 ὁἸούδας
839 897 905 954 τὰ
934 903 1029 970 τῆς
1069 896 1188 954 κατ’
1236 895 1406 954 αὐτοῦ
1437 902 1739 968 προδοσίας

67 1007 107 1038 10
131 981 591 1040 συνεσκευάσατο.
666 986 746 1038 10.
794 981 915 1038 τότε
961 974 1064 1038 οὖν
1103 978 1132 1038 ὁ
1175 981 1358 1054 σωτὴρ
1407 984 1498 1038 καὶ
1551 980 1740 1053 κύριος

128 1063 303 1140 ἡμῶν,
336 1061 409 1133 ὥς
434 1068 522 1123 ἐπὶ
546 1063 763 1142 ὀλέθρῳ
787 1068 878 1122 καὶ
903 1063 1150 1141 ἀπωλείᾳ
1174 1069 1275 1123 τοῦ
1293 1073 1578 1138 γνωρίμου
1605 1072 1741 1122 δυσ-

129 1155 349 1224 φορῶν,
394 1152 486 1207 καὶ
532 1157 610 1207 ἔτι
640 1154 850 1223 μᾶλλον
889 1153 976 1207 ἐπὶ
1000 1154 1067 1224 τῇ
1097 1153 1197 1207 τοῦ
1225 1148 1429 1217 παντὸς
1454 1146 1741 1207 Ἰουδαίων

131 1241 334 1301 ἔθνους
363 1233 643 1308 ἀποβολῇ,
690 1233 875 1308 ὥσπερ
920 1236 1008 1292 ἐπὶ
1051 1233 1357 1308 μεμηνόσιν
1395 1240 1617 1299 οἰκείοις
1649 1236 1742 1291 καὶ

130 1318 203 1387 ὡς
235 1321 324 1377 ἐπὶ
353 1318 634 1392 φιλτάτοις
659 1318 1019 1392 συμπάσχων,
1050 1314 1235 1377 πᾶσαν
1257 1318 1359 1392 τὴν
1382 1319 1517 1390 πρὸς
1541 1317 1741 1385 αὐτοὺς

68 1429 108 1462 15
130 1403 353 1477 ὁμιλίαν
383 1406 476 1461 καὶ
510 1409 910 1475 διδασκαλίαν,
944 1403 1036 1460 διὰ
1065 1404 1125 1461 τὸ
1155 1405 1331 1476 μηδὲν
1360 1401 1562 1469 αὐτοὺς
1594 1401 1743 1476 ὠφε-

130 1491 372 1561 ληκέναι,
405 1485 738 1561 ἀδολεσχίαν
769 1486 1038 1545 ἀποκαλεῖ
1064 1486 1300 1561 φάσκων
1321 1486 1656 1560 ’(ἐλυπήθην
1682 1491 1742 1544 ἐν

129 1579 195 1647 τῇ
225 1571 523 1647 ἀδολεσχία
553 1597 680 1645 μου,
712 1575 803 1629 καὶ
828 1571 1143 1646 ἐταράχθην
1166 1570 1274 1629 ἀπὸ
1298 1575 1489 1644 φωνῆς
1515 1577 1741 1644 ἐχθροῦ,

130 1659 222 1714 καὶ
251 1655 358 1714 ἀπὸ
399 1663 647 1724 θλίψεως
678 1655 1033 1729 ἀμαρτωλοῦ,
1075 1681 1158 1714 οτι
1201 1653 1521 1725 §gemui-:vav
1568 1658 1743 1728 φησὶν

122 1737 248 1841 ‘Le'w'
298 1742 388 1813 ε’με
418 1738 656 1814 ἀνομίαν
700 1743 793 1798 καὶ
835 1745 895 1798 ἐν
934 1739 1073 1815 ὀργῇ
1117 1740 1408 1799 ἐνεκότουν
1446 1765 1553 1814 μοι
1561 1738 1590 1759 ”
1659 1744 1739 1798 11.
1766 1765 1789 1798 d

65 1852 107 1884 20
130 1822 270 1898 ἅπερ
296 1824 527 1882 δύναται
546 1849 649 1898 μεν
671 1827 761 1882 καὶ
796 1827 884 1882 ἐπὶ
915 1850 1042 1893 τους
1071 1823 1338 1898 ἄρχοντας
1360 1828 1473 1882 τῶν
1504 1829 1564 1882 ἐκ
1587 1847 1743 1898 περι-
1765 1848 1856 1894 [294]

128 1914 296 1982 τομῆς
326 1906 738 2012 ἀναφέρεσθαι,
779 1909 907 1976 τούς
952 1914 1248 1984 ἐχθρωδως
1279 1913 1370 1967 καὶ
1415 1914 1743 1981 ἐπιβουλευ-

131 2018 293 2059 τικως
325 1992 643 2067 ἐνεδρεύειν
666 1993 835 2051 αὐτὸν
858 1997 1263 2067 πειρωμένους,
1300 1993 1535 2052 δύναται
1564 1995 1623 2051 δε
1647 1995 1742 2051 καὶ

132 2081 259 2150 περὶ
291 2077 586 2151 δυνάμεων
615 2077 870 2151 ἀοράτων
893 2085 1106 2148 ἔξωθεν
1129 2076 1300 2136 αὐτὸν
1329 2086 1742 2151 προσπολεμου-

133 2167 250 2220 σῶν
279 2165 371 2220 καὶ
402 2161 504 2235 τὴν
544 2161 618 2220 δι’
653 2160 974 2235 ἀνθρώπων
1015 2163 1364 2236 κατασκευὴν
1395 2166 1745 2235 ἐνεργουσῶν

69 2272 110 2305 25
134 2249 412 2319 λέγεσθαι.
472 2243 508 2304 «32
537 2250 628 2304 καὶ
659 2246 931 2323 συνᾴδειν
953 2273 1044 2322 μοι
1072 2254 1227 2306 δοκεῖ
1252 2261 1367 2314 τοῖς
1392 2251 1452 2305 ἐν
1475 2251 1552 2324 τῷ
1583 2241 1742 2319 εὐαγ-

132 2339 299 2407 γελίῳ
328 2327 427 2389 ὑπ’
462 2330 638 2389 αὐτοῦ
667 2335 1042 2405 λελεγμένοις,
1090 2331 1229 2389 κατὰ
1271 2331 1368 2388 τὸν
1395 2335 1494 2388 τοῦ
1525 2330 1743 2397 πάθους

135 2414 355 2489 καιρὸν,
396 2413 486 2473 ὅτε
526 2418 673 2487 λέγει
711 2430 825 2483 τοῖς
866 2419 1065 2474 ἑαυτοῦ
1103 2426 1380 2488 μαθηταῖς
1405 2410 1744 2484 “περίλυπός

136 2502 285 2555 ἐστιν
323 2495 356 2568 ἡ
397 2497 547 2572 ψυχή
585 2523 692 2571 μου
733 2502 835 2564 ἕως
874 2499 1150 2556 θανάτου·
1206 2506 1430 2571 μείνατε
1470 2490 1605 2569 ὦδε,
1653 2500 1745 2555 καὶ

135 2597 454 2654 γρηγορεῖτε
482 2579 601 2655 μετ’
637 2581 824 2655 ἐμοῦ.”
895 2586 987 2640 καὶ
1018 2582 1187 2640 πάλιν
1208 2580 1352 2640 “νῦν
1392 2581 1425 2654 ἡ
1459 2581 1606 2655 ψυχή
1636 2606 1743 2654 μου

72 2692 114 2724 30
137 2664 510 2741 τετάρακται.”
583 2665 743 2740 ὅμοια
781 2670 923 2739 γοῦν
952 2667 1164 2734 τούτοις
1197 2670 1307 2724 ἐστὶ
1347 2668 1439 2724 καὶ
1470 2666 1536 2723 τὰ
1578 2670 1638 2725 ἐν
1666 2672 1741 2743 τῷ
1765 2692 1857 2735 (473)

252 2863 304 2901 27
337 2862 500 2903 Matth.
524 2863 590 2911 26,
614 2862 682 2903 38.
857 2863 910 2902 29
941 2863 1011 2904 J0.
1039 2863 1102 2913 12,
1128 2863 1196 2902 27.
