1946 3158
587 110 896 153 DEMONST.
928 109 1150 155 EVANG.
1178 111 1239 152 11.
1270 114 1309 153 3.
1636 111 1735 164 125

252 231 367 283 136.
417 227 530 284 Καὶ
574 227 819 284 ἐνταῦθα
857 231 932 302 τῷ
975 227 1405 299 καταλειφθέντι
1445 233 1544 284 τοῦ
1576 234 1731 300 λαοῦ,

121 308 246 384 οὐχὶ
278 311 339 368 δὲ
368 312 534 368 παντὶ
564 312 642 386 τῷ
671 316 828 367 ἔθνει
859 309 1064 382 αὐτῶν,
1084 307 1222 367 ἄλλα
1254 309 1443 383 μόνοις
1484 326 1598 379 τοῖς
1643 312 1733 369 διὰ

123 397 224 452 τοῦ
252 401 682 468 καταλείμματος
715 397 1157 468 σημαινομένοις,
1175 393 1272 452 τὸν
1301 393 1497 470 κύριον
1528 399 1731 469 στέφα-

125 503 226 537 νον
256 485 486 537 ἔσεσθαι
512 483 733 546 ἐλπίδος
765 481 856 536 καὶ
891 480 1049 551 δόξης
1080 478 1446 555 προφητεύει,
1477 478 1606 547 τούς
1638 478 1731 538 ἄλ-

80 585 102 617 5
127 572 256 631 λους
286 562 434 639 παρὰ
464 562 523 621 τὸ
555 562 893 637 κατάλειμμα
923 567 1021 621 τοῦ
1045 568 1181 621 λαοῦ
1212 566 1488 638 στέφανον
1517 561 1731 640 ὕβρεως

125 649 215 706 καὶ
246 646 563 722 μισθωτοὺς
592 651 691 706 τοῦ
714 647 946 722 Ἐφραῒμ
976 646 1274 721 ὀνομάζων.

265 737 380 790 137.
423 729 452 750 “
472 734 584 791 Καὶ
626 739 843 790 ἔσονται
891 737 949 789 οἱ
983 734 1524 806 ἐγκαταλελειμμένοι
1566 736 1626 792 ἐν
1666 738 1731 809 τῇ
1759 760 1823 801 [521

112 812 391 893 Ἰουδαίᾳ,
463 815 744 916 φυησουσι
818 821 974 891 ῥίζαν
1042 815 1217 888 κάτω,
1277 819 1369 874 καὶ
1436 817 1730 890 ποιήσουσι
1755 851 1771 873 c

122 903 338 976 σπέρμα
369 926 515 972 ανω,
560 898 644 958 ότι
676 903 730 968 ἐξ
748 897 1105 1001 Ἰερουσαλὴμ
1147 906 1364 959 ἔσονται
1404 906 1459 959 οἱ
1507 911 1731 960 καταλε-

0 993 1 1038 l
58 1006 99 1037 10
124 989 402 1060 λειμμένοι
434 987 526 1042 καὶ
558 988 614 1043 οἱ
641 983 938 1058 σωζόμενοι
971 983 1075 1053 ἐξ’
1057 984 1221 1087 όρους
1263 984 1431 1044 Σιών.
1503 983 1532 1044 ὁ
1577 991 1730 1060 ζῆλος

44 1116 47 1118 -
123 1076 321 1143 κυρίου
351 1068 607 1142 Σαβαώθ
637 1068 855 1174 wo’mffmc
886 1075 1075 1126 ταῦτα.

253 1159 368 1212 138.
427 1153 566 1222 Τοὺς
597 1153 716 1212 κατ’
755 1153 988 1228 ἐκλογὴν
1011 1153 1228 1228 χάριτος
1259 1156 1731 1227 καταλειφθέντας

127 1242 186 1296 ἐκ
223 1242 323 1297 τοῦ
356 1236 644 1297 Ἰουδαίων
696 1245 900 1306 ἔθνους
954 1237 1198 1312 φυήσειν
1247 1244 1404 1312 ῥίζαν
1443 1237 1588 1296 κάτω
1639 1242 1727 1296 καὶ

125 1321 376 1396 ποιήσειν
418 1325 634 1396 σπέρμα
683 1321 799 1381 ἅνω
843 1322 1210 1396 προφητεύει,
1264 1317 1580 1396 σαφέστατα
1630 1323 1732 1397 τὴν

63 1425 104 1457 15
126 1410 238 1464 τῶν
267 1405 588 1464 ἀποστόλων
618 1410 710 1464 καὶ
735 1410 1010 1507 μαθητων
1033 1412 1131 1465 τοῦ
1162 1412 1407 1482 σωτῆρος
1448 1404 1606 1481 ἡμῶν
1647 1412 1731 1465 ἐκ-

124 1491 295 1563 λογὴν
335 1489 618 1565 παριστάς.
689 1492 840 1548 οὑτοι
890 1516 994 1563 γαρ
1035 1489 1142 1549 ἀπὸ
1177 1516 1290 1549 των
1337 1496 1397 1549 ἐκ
1437 1498 1732 1566 περιτομῆς

124 1577 587 1649 καταλειφθέντες
627 1599 772 1632 κατω
811 1599 914 1648 μεν
958 1581 1036 1642 εἰς
1080 1578 1187 1648 γῆν
1225 1575 1321 1644 τὰς
1352 1580 1501 1650 ρίζας
1525 1580 1621 1648 τῆς
1645 1582 1732 1634 δι·-

125 1664 425 1727 δασκαλίας
449 1656 634 1717 αὐτῶν
665 1661 1032 1733 κατέβαλλον,
1077 1655 1150 1726 ὦς
1182 1663 1492 1733 ἐμπαγῆναι
1523 1662 1613 1717 καὶ
1646 1665 1729 1734 ρι-
1755 1686 1778 1716 d

123 1746 287 1813 ζῶσαι
317 1742 448 1801 καθ’
486 1742 616 1816 ὅλης
645 1748 741 1817 τῆς
771 1746 1098 1816 οἰκουμένης
1128 1741 1229 1816 τῆν
1255 1744 1491 1818 διδαχὴν
1525 1741 1729 1817 αὐτῶν,

59 1844 103 1876 20
126 1852 242 1886 ανω
276 1829 336 1886 δε
364 1826 425 1886 τὸ
456 1832 672 1902 σπέρμα
703 1830 795 1886 καὶ
825 1826 922 1885 τὸν
953 1826 1167 1902 καρπὸν
1197 1830 1470 1901 φέρεσθαι
1512 1835 1589 1895 εἰς
1637 1829 1731 1895 τὰς

125 1916 492 2020 έπουρανίους
517 1916 844 1986 ἐπαγγελίας
878 1910 1370 1987 παρεκελεύσαντο.
1430 1918 1546 1970 139.
1583 1918 1640 1971 οἱ
1674 1912 1724 1970 δ’

126 1994 283 2056 αὐτοὶ
312 1998 463 2055 οὗτοι
508 2001 566 2055 ἐκ
595 2001 695 2055 τοῦ
720 1996 1009 2056 Ἰουδαίων
1049 2004 1254 2064 ἔθνους
1307 2000 1730 2072 καταλελειμμέ-

123 2106 239 2154 νοι,
269 2085 381 2139 τῶν
420 2085 634 2140 λοιπων
664 2080 1092 2156 ἀπολλυμένων,
1125 2080 1284 2155 μόνοι
1314 2081 1609 2156 σωζόμενοι
1641 2085 1732 2140 λέ-

121 2190 328 2239 γονται.
391 2170 562 2224 ταῦτα
607 2167 666 2224 δὲ
707 2165 887 2224 πάντα
928 2163 956 2224 ὁ
999 2171 1152 2241 ζῆλος
1207 2174 1406 2240 κυρίου
1453 2170 1725 2240 ἐποίησεν.

59 2265 102 2298 25
127 2257 202 2318 εἰς
232 2249 338 2325 γὰρ
368 2251 428 2308 τὸ
470 2254 858 2325 παραζηλῶσαι
899 2249 1027 2318 τούς
1069 2250 1288 2324 ἀσεβεῖς
1326 2254 1438 2310 τῶν
1480 2255 1540 2308 ἐκ
1579 2275 1727 2323 περι-

123 2339 288 2409 τομῆς
341 2334 696 2409 ἐκλεξάμενος
740 2334 768 2393 ὁ
826 2340 980 2408 ζῆλος
1040 2342 1239 2409 κυρίου
1301 2336 1530 2402 τούτους
1587 2359 1729 2407 παρ-

127 2419 396 2492 εζήλωσεν
429 2423 693 2494 ἐκείνους,
725 2419 863 2478 κατὰ
902 2420 963 2478 τὸ
994 2419 1143 2494 παρὰ
1190 2429 1395 2478 Μωσεῐ
1430 2418 1729 2493 λεγόμενον

116 2500 148 2524 “
165 2501 322 2561 αὐτοὶ
351 2503 749 2578 παρεζήλωσοὲν
778 2530 846 2579 με
879 2501 966 2563 ἐπ’
1001 2501 1067 2562 οὐ
1107 2508 1254 2582 θεῷ,
1296 2504 1446 2576 κάγὼ
1486 2511 1730 2578 παραζη-

125 2586 284 2644 λώσω
298 2585 501 2655 αὐτοὺς
536 2586 623 2647 ἐπ’
657 2588 760 2648 οὐκ
792 2595 968 2662 ἔθνει,
1003 2587 1091 2646 ἐπ’
1130 2595 1283 2647 ἔθνει
1315 2585 1564 2666 ἀσυνέτῳ
1590 2612 1726 2660 παρ-

61 2694 104 2728 30
128 2675 296 2746 οργιαῖ
326 2671 569 2740 αὐτούς.”

241 2868 264 2907 7
297 2867 372 2906 Es.
397 2868 464 2918 37,
489 2869 554 2910 31.
728 2869 782 2909 28
813 2869 949 2911 Deut.
972 2870 1041 2920 32,
1064 2869 1133 2908 21.
