1992 3186
245 110 349 162 212
917 112 1166 153 EUSEBII

244 228 530 301 γεννητῶν
571 225 835 284 ἁπάντων
873 223 1188 294 οὐσιοόσεώς
1227 251 1285 285 τε
1326 230 1417 285 καὶ
1448 227 1736 302 ὑπάρξεως
1768 237 1860 286 αἵ-

206 327 389 370 οτιου·
446 315 710 377 θέλοντος
749 309 854 385 γάρ
899 315 1041 381 ἐστι,
1082 313 1238 369 θέλει
1282 313 1370 384 δὲ,
1423 309 1506 370 ὅτι
1549 312 1653 385 τὴν
1682 311 1857 386 φύσιν

152 422 219 464 [94]
247 393 457 470 άγαθὸς
489 391 568 453 ὢν
597 393 872 468 τυγχάνει.
935 393 1132 472 ἀγαθῷ
1166 397 1228 453 δὲ
1258 395 1428 454 οὐδὲν
1456 395 1539 454 ὅτι
1569 390 1641 470 μὴ
1674 397 1733 455 τὸ
1763 399 1857 455 θέ-

247 490 365 539 λειν
416 477 481 536 τα
532 478 720 552 ἀγαθὰ
762 481 1061 554 προσφυές.
1147 485 1190 537 7.
1223 483 1412 539 θέλων
1452 482 1514 538 δὲ
1552 485 1724 539 ταῦτα
1767 485 1859 540 καὶ

248 565 506 622 δύναται·
567 561 652 620 διὸ
694 565 787 620 καὶ
827 564 1015 620 θέλων
1053 558 1191 637 ὁμοῦ
1222 567 1314 621 καὶ
1349 563 1686 638 δυνάμενος,
1717 565 1858 624 ἆκω-
1881 588 1902 622 5

246 647 423 714 λύτως
464 650 556 704 καὶ
594 646 1058 722 ἀπαραποδίστως
1099 652 1212 706 πᾶν
1250 645 1281 705 ὅ
1310 673 1362 706 τι
1402 649 1573 707 καλὸν
1602 653 1694 707 καὶ
1723 668 1859 724 συμ-

245 736 420 806 φέρον
473 738 534 789 ἔν
585 755 644 788 τε
683 728 981 806 ὁρωμένοις
1021 734 1114 789 καὶ
1157 730 1432 805 ἀφανέσιν
1472 732 1635 800 αὐτὸς
1682 737 1860 810 ἑαυτῷ

245 815 649 889 συνεστήσατο,
691 815 835 890 ὕλην
876 814 1060 889 ὥσπερ
1100 815 1223 874 τινὰ
1263 819 1354 874 καὶ
1396 814 1594 876 οὐσίαν
1622 821 1719 890 τῆς
1748 822 1862 876 τῶν

243 900 391 959 ὅλων
420 899 688 974 γενέσεως
730 924 789 958 τε
819 904 913 958 καὶ
943 900 1260 968 συστάσεως
1284 900 1386 974 τὴν
1418 905 1619 960 ἑαυτοῦ
1649 901 1862 976 βουλὴν

245 989 338 1044 καὶ
372 983 613 1059 δύναμιν
643 989 1119 1059 προβεβλημένος,
1162 984 1235 1052 ὥς
1264 989 1456 1059 μηκέτι
1487 985 1726 1059 εὐλόγως
1757 985 1861 1059 φά-
1885 1010 1925 1041 10

199 1096 222 1128 d
246 1095 338 1128 ναι
371 1075 495 1129 δεῖν
528 1073 579 1138 ἐξ
611 1069 715 1127 οὐκ
745 1069 927 1127 ὄντων
959 1070 1109 1127 εἶναί
1132 1094 1182 1127 τι
1213 1074 1329 1129 τῶν.
1355 1068 1561 1128 ὄντων·
1593 1068 1727 1129 οὐδὲ
1756 1069 1861 1144 γὰρ

245 1153 315 1212 ἂν
349 1162 433 1226 εἴη
475 1180 526 1211 τι
566 1152 626 1211 τὸ
674 1157 733 1211 ἐκ
771 1154 845 1228 μὴ
875 1152 1047 1220 ὄντος.
1112 1157 1227 1221 πῶς
1269 1154 1374 1229 γὰρ
1404 1153 1464 1212 τὸ
1495 1153 1569 1228 μὴ
1599 1152 1665 1213 ὃν
1695 1158 1861 1232 ἑτέρω

245 1243 344 1296 τοῦ
376 1238 518 1296 εἶναι
558 1237 761 1312 γένοιτ’
819 1235 891 1296 ἂν
930 1248 1137 1309 αἰ’τιον;
1191 1241 1302 1295 πάν
1345 1240 1408 1296 δὲ
1446 1237 1475 1296 ὅ
1517 1263 1567 1296 τι
1609 1262 1741 1297 ποτε
1771 1242 1864 1296 καὶ

247 1330 398 1381 ἔστιν
430 1326 483 1391 ἐξ
518 1321 639 1390 ἑνὸς
670 1326 769 1380 τοῦ
797 1322 972 1396 μόνου
1003 1321 1160 1390 ὄντος
1191 1325 1283 1379 καὶ
1326 1323 1622 1397 προόντος,
1664 1327 1762 1381 τοῦ
1794 1321 1862 1396 δὴ

247 1411 340 1465 καὶ
369 1405 651 1480 φήσαντος
675 1403 823 1480 “ε’γω’
866 1414 975 1480 εἰμι
1005 1403 1033 1464 ὁ
1067 1403 1203 1479 ὦν,”
1239 1406 1299 1464 τὸ
1342 1408 1485 1465 εἶναι
1517 1405 1690 1480 λαβὸν
1721 1413 1861 1482 ἔχει·
1886 1429 1927 1462 15

249 1498 296 1550 8.
330 1490 413 1548 ὅτι
459 1490 527 1564 δὴ
570 1490 737 1565 μόνος
769 1487 849 1548 ὢν
893 1494 985 1548 καὶ
1027 1490 1115 1548 ἀεὶ
1156 1488 1235 1548 ὢν
1286 1488 1450 1558 αὐτὸς
1490 1496 1626 1549 πᾶσι
1663 1505 1778 1559 τοῖς
1809 1495 1863 1560 ἐξ

248 1573 422 1633 αὐτοῦ
450 1576 510 1633 τό
546 1577 688 1633 εἶναι
727 1579 1085 1649 κτησαμένοις
1118 1584 1290 1641 αἴτιος
1328 1579 1429 1634 τοῦ
1459 1576 1602 1634 εἶναι
1632 1579 1864 1649 κατέστη

247 1663 326 1737 τῷ
355 1661 547 1718 θέλειν
578 1662 670 1718 καὶ
695 1664 770 1737 τῷ
798 1659 1099 1733 δύνασθαι,
1132 1663 1225 1717 καὶ
1247 1659 1347 1733 τὴν
1370 1657 1571 1718 οὐσίαν
1593 1675 1706 1727 τοῖς
1729 1663 1863 1717 πᾶσι

249 1747 342 1802 καὶ
380 1743 475 1811 τὰς
519 1743 782 1818 δυνάμεις
822 1747 915 1802 καὶ
956 1743 1022 1802 τὰ
1065 1750 1186 1817 εἴδη
1226 1750 1505 1810 πλουσίως
1547 1746 1640 1801 καὶ
1670 1740 1859 1801 άνεπι-

252 1827 484 1902 φθόνως
517 1833 570 1898 ἐξ
602 1828 778 1887 αὑτοῦ
807 1830 1213 1902 κεχαρισμένος.
1884 1851 1925 1884 20

139 1940 230 1981 (με)
375 1914 435 1971 Π.
485 1916 589 1971 Καὶ
631 1913 699 1986 δὴ
729 1917 842 1970 τῶν
880 1911 1059 1970 ὄντων
1088 1910 1351 1969 ἁπάντων
1380 1914 1601 1985 πρῶτον
1630 1908 1863 1986 ὑφίστη-

253 2016 345 2056 σιν
390 1996 563 2055 αὐτοῦ
605 1999 852 2070 γέννημα
905 1995 1008 2068 τὴν
1062 1994 1413 2070 πρωτότοκον
1453 2002 1687 2069 σοφίαν,
1732 1993 1868 2069 ὅλην

256 2078 328 2137 δι’
363 2079 496 2138 ὅλου
535 2079 740 2156 νοεροὶν
780 2083 872 2137 καὶ
910 2079 1139 2152 λογικὴν
1170 2082 1261 2137 καὶ
1293 2078 1611 2154 πάνσοφον,
1652 2087 1863 2154 μᾶλλον

206 2190 229 2221 b
255 2166 315 2222 δὲ
347 2164 623 2222 αὐτόνουν
662 2167 753 2222 καὶ
798 2161 1100 2237 αὐτολόγον
1140 2166 1232 2221 καὶ
1273 2160 1646 2238 αὖτοσοφίαν,
1687 2167 1780 2222 καὶ
1813 2174 1871 2222 εἴ

253 2273 305 2306 τι
339 2250 399 2306 δὲ
431 2245 743 2306 αὖτάκαλον
787 2252 876 2306 καὶ
908 2247 1256 2321 αὐτοόγαθον
1299 2252 1542 2307 ἐπινοεῖν
1573 2252 1633 2307 έν
1661 2273 1863 2322 γεννη-
1886 2271 1927 2304 25

252 2348 367 2401 τοῖς
405 2336 594 2407 θέμις,
635 2339 798 2391 τοῦτο
837 2336 1056 2407 πρῶτον
1096 2329 1261 2400 αὐτὸς
1307 2336 1358 2401 ἐξ
1399 2332 1572 2391 αὐτοῦ
1600 2336 1864 2406 θεμέλιον

253 2421 368 2476 τῶν
397 2417 531 2491 μετὰ
554 2421 726 2475 ταῦτα
742 2420 1131 2491 γενησομένων
1154 2418 1540 2491 προβάλλεται,
1571 2418 1630 2475 τὸ
1654 2420 1865 2475 τέλειον

255 2502 929 2577 τελείου·δημιούργημα,
980 2504 1073 2559 καὶ
1114 2505 1292 2575 σοφοῦ
1335 2501 1511 2572 σοφὸν
1549 2499 1865 2576 ἀρχιτεκτό-

258 2611 431 2660 νημα,
479 2585 700 2659 ἀγαθοῦ
741 2585 944 2661 πατρὸς
974 2585 1193 2658 ἀγαθὸν
1223 2588 1495 2660 γέννημα,
1536 2590 1628 2644 καὶ
1670 2593 1726 2644 τί
1760 2586 1863 2660 γὰρ

257 2669 392 2728 ἄλλο
431 2668 463 2743 ἢ
505 2676 618 2728 τῶν
656 2675 946 2745 μετέπειτα
985 2669 1044 2728 τὸ
1079 2670 1219 2729 εἶναι
1263 2668 1340 2728 δι’
1375 2669 1548 2728 αὐτοῦ
1577 2669 1864 2743 λαβόντων
1885 2692 1928 2724 30

377 2866 427 2904 15
458 2866 601 2906 Exod,
627 2868 667 2918 3,
694 2867 758 2907 14.
