1992 3186
260 109 362 162 64ss
939 109 1191 152 EUSEBII

257 240 375 294 κοῖς
405 225 756 300 μαθήμασιν,
802 230 863 281 ἔν
900 247 959 282 τε
997 237 1112 291 τοῖς
1143 232 1389 299 σημείοις
1428 230 1521 285 καὶ
1558 229 1747 302 τέρασι
1777 230 1871 287 καὶ

212 334 235 367 b
258 326 376 379 ταῖς
407 309 598 376 ἄλλαις
629 312 1147 383 παραδοξοποιίαις,
1178 323 1298 376 ταῖς
1327 333 1386 367 τε
1418 310 1596 370 ἰάσεσι
1629 315 1721 370 καὶ
1751 327 1871 381 ταῖς

254 401 608 470 θεραπείαις·
663 392 822 467 ὑμεῖς
874 394 935 451 δὲ
983 397 1041 450 οἰ
1083 396 1180 466 τῆς
1229 393 1499 469 τοσαύτης
1553 393 1870 472 εὐεργεσίας

254 479 547 553 ἠξιωμένοι
579 476 704 536 δότε
732 475 829 536 τὸν
859 475 1069 551 μισθόν
1099 502 1206 551 μου
1247 475 1281 551 ἢ
1311 477 1657 554 ἀπείπασθε,
1699 486 1871 540 αι’τῶν

256 561 486 636 αὐτοὺς,
520 559 592 629 ὥς
627 562 789 636 εἰκὸς,
822 561 1068 637 καρποὺς
1101 559 1389 636 εὐσεβείας
1423 566 1515 622 καὶ
1547 569 1744 671 δεῖγμα
1773 571 1870 639 τῆς
1893 590 1913 622 5

256 653 332 715 εἰς
364 645 538 705 αὐτὸν
567 653 818 714 πίστεως.
896 652 941 705 8.
979 651 1036 703 οἱ
1071 648 1162 720 δε,
1206 671 1343 704 κατα
1382 646 1442 705 τὸ
1488 650 1779 724 εἰρημένον
1810 654 1871 709 ἐν

251 738 319 806 τῇ
350 730 456 807 πρὸ
485 730 688 805 ταύτης
719 732 1047 805 παραθέσει,
1066 727 1227 790 “02va
1249 736 1347 790 τοῦ
1364 731 1587 806 ἀγαπᾶν
1610 757 1678 807 με
1699 736 1872 792 ἐνδιέ-

254 816 473 888 βαλλόν
494 840 581 891 με,
613 819 704 874 καὶ
737 823 934 874 ἔθεντο
964 814 1085 875 κατ’
1126 819 1256 890 ε’μοῦ
1297 816 1438 875 κακὰ
1484 815 1607 876 ἀντὶ
1637 816 1872 891 ἀγαθῶν

252 904 344 959 καὶ
374 915 532 976 μῖσος
563 900 687 959 ἀντὶ
718 904 813 974 τῆς
835 898 1163 974 ἀγαπήσεως
1183 899 1351 975 μου,”
1386 902 1679 1005 τριάκοντα
1701 901 1871 978 ἀργυ-

251 989 384 1061 ροῦς
415 985 742 1060 στήσαντες,
788 983 974 1060 ω’σπερ
1004 985 1272 1044 τοσούτου
1304 986 1474 1044 αὐτὸν
1505 985 1869 1060 πωλούμενον
1893 1013 1934 1046 ιο

251 1069 594 1144 ἐτιμήσαντο.
666 1077 713 1129 9.
749 1067 870 1128 ἀλλ’
908 1073 1026 1128 ἐπεὶ
1059 1067 1155 1128 “τὸ
1199 1069 1434 1129 ἑκάστου
1482 1078 1646 1145 ἔργον
1675 1070 1871 1130 ὁποῖόν

252 1157 367 1213 ἐστι
396 1154 456 1212 τό
489 1159 599 1230 πῦρ
632 1153 765 1212 αὐτὸ
800 1152 1143 1227 δοκιμάσει,”
1178 1154 1399 1223 εἰκότως
1421 1174 1747 1230 προσταττει
1770 1181 1871 1214 κα·-

249 1250 440 1298 θεῖναι
457 1237 659 1307 αὐτοὺς
685 1246 762 1307 εἰς
774 1236 832 1296 τὸ
844 1239 1238 1314 χωνευτήριον,
1266 1236 1595 1313 .*Ξ’πιλέγων“τε
1577 1265 1642 1298 ον
1663 1239 1870 1314 τρόπον

200 1359 218 1380 c
253 1323 631 1398 ἐδοκιμάσθην
660 1320 804 1398 ὑπερ
836 1320 1035 1381 αὐτῶν.
1138 1323 1513 1398 χωνευτήριον
1539 1325 1600 1382 δε
1625 1327 1870 1383 ένταυθοι

252 1415 395 1467 ἔοικε
424 1408 522 1466 τὸν
552 1408 707 1467 οἷκον
736 1413 935 1482 κυρίου
960 1406 1265 1482 ὀνομαζειν.
1321 1407 1569 1476 εἰπόντος
1599 1412 1739 1482 γοῦν
1768 1413 1868 1468 τοῦ
1891 1434 1933 1466 15

145 1517 175 1558 1·-
180 1516 230 1558 ³9]
253 1499 451 1568 κυρίου
481 1517 619 1550 κατα
649 1491 777 1560 τοὺς
809 1491 1226 1566 ἑβδομήκοντα
1231 1489 1424 1561 καθες
1455 1491 1659 1560 αὐτούς
1700 1499 1778 1561 εἰς
1807 1492 1868 1552 τὸ

249 1575 660 1652 χωνευτήριον”
696 1577 982 1653 ἐπιφέρει
989 1573 1100 1634 καὶ
1134 1580 1398 1651 ἐνέβαλον
1429 1576 1629 1645 αὐτοὺς
1663 1584 1742 1646 εἰς
1771 1575 1870 1636 τὸν

250 1663 405 1721 οἶκον
435 1669 662 1737 κυρίου,
697 1667 774 1730 εἰς
805 1660 865 1719 τὸ
897 1661 1291 1736 χωνευτήριον.
1299 1659 1331 1682 ”
1396 1667 1477 1721 10.
1513 1661 1648 1721 κατὰ
1682 1664 1743 1721 δε
1771 1660 1869 1720 τὸν

245 1744 482 1806 Ἀκύλαν
516 1746 766 1815 εἰπόντος
796 1750 894 1804 τοῦ
929 1754 1129 1822 κυρίου
1151 1743 1360 1822 “ριψον
1394 1744 1568 1805 αυτὸ”
1604 1752 1775 1820 δῆλον
1808 1743 1864 1803 δ’

248 1829 331 1889 ὅτι
353 1830 413 1889 τὸ
437 1830 707 1906 ἀργύριον
724 1830 902 1907 “πρὸς
925 1831 1021 1890 τὸν
1044 1829 1322 1904 πλαστην”
1350 1834 1602 1904 ἐπιφέρει
1619 1827 1795 1888 “’καὶ
1775 1836 1867 1905 ε’ρ-
1889 1856 1931 1890 20

249 1930 384 1991 ριψα
415 1915 548 1974 αὐτὸ
582 1919 641 1974 ἐν
686 1925 820 1993 οἴκςο
861 1922 1060 1990 κυρίου
1099 1915 1235 1988 πρὸς
1273 1915 1371 1972 τὸν
1409 1913 1714 1988 πλάστην.”
1782 1919 1864 1973 11.

247 1999 385 2057 κατὰ
432 2002 491 2057 δὲ
532 1998 630 2057 τὸν
660 1999 967 2073 Σύμμαχον
1008 1996 1256 2064 εἰπόντος
1296 2004 1396 2056 τοῦ
1438 2004 1637 2069 κυρίου
1658 1995 1867 2074 “ρϊψον

204 2105 227 2138 d
250 2081 383 2141 αὐτὸ
409 2090 486 2149 εἰς
509 2082 570 2141 τὸ
594 2080 1007 2157 χωνευτήριον”
1039 2084 1286 2157 ἐπιφέρει
1310 2084 1487 2155 λέγων
1511 2080 1641 2140 ἰκαὶ
1666 2089 1866 2157 ἔρριψα

248 2164 382 2225 αὐτὸ
415 2173 492 2235 εἰς
522 2166 618 2225 τὸν
648 2168 803 2224 οἷκον
835 2175 1032 2240 κυρίου
1051 2211 1066 2239 ,
1100 2173 1177 2234 εἰς
1207 2166 1267 2224 τὸ
1297 2165 1730 2242 χωνευτήριον.”
1764 2167 1866 2242 μή·

246 2274 379 2310 ποτε
412 2253 473 2309 δὲ
512 2253 604 2309 καὶ
635 2255 795 2309 τοῦτο
829 2255 1163 2324 ἐπληροῦτο,
1205 2247 1294 2308 ὅτε
1322 2248 1531 2318 Ἰούδας
1570 2248 1597 2308 6
1631 2257 1863 2325 παραδι-
1885 2277 1928 2309 25

249 2337 380 2404 δοὺς
409 2334 506 2395 τὸν
544 2335 769 2439 κύριον,
793 2331 1019 2393 “ίδών
1000 2333 1082 2393 ότι
1112 2342 1433 2410 κατεκρίθη,
1464 2337 1865 2409 μεταμεληθεὶς

246 2420 555 2496 ἀπέστρεψε
593 2420 653 2478 τὸ
694 2418 961 2495 ἀργύριον
990 2434 1103 2487 τοις
1133 2417 1450 2494 ἀρχιερεῦσι
1492 2422 1585 2478 καὶ
1614 2426 1866 2495 πρεσβυ-

245 2508 441 2579 τέροις,
473 2506 669 2579 λέγων,
701 2530 947 2579 ημαρτον
977 2503 1260 2580 παραδους
1291 2511 1425 2578 αἱμα
1454 2503 1662 2562 ἆθωον.
1715 2509 1774 2562 οἱ
1801 2505 1863 2562 δὲ

249 2589 410 2647 εἶπαν
442 2614 619 2668 αυτω,
660 2596 719 2647 τί
754 2589 890 2666 πρὸς
930 2588 1097 2663 ἡμαςς
1139 2587 1210 2645 σὺ
1248 2586 1386 2657 όψει.
1462 2591 1554 2646 καὶ
1601 2594 1767 2693 ρι’ψας
1797 2587 1863 2646 τὰ

247 2671 484 2748 ἀργύρια
517 2653 595 2741 είς
623 2670 724 2732 τὸν
746 2674 884 2733 ναὸν
908 2671 1243 2748 ανεχώρησε,
1275 2675 1368 2730 καὶ
1393 2670 1659 2731 απελθων
1688 2671 1925 2746 ἀπήγ-ὃο

366 2868 415 2905 11
452 2867 489 2906 1.
515 2866 618 2910 cor.
641 2870 680 2920 3,
707 2868 771 2909 13.
950 2870 1004 2909 26
1035 2866 1195 2910 Matth.
1218 2868 1286 2918 27,
1310 2869 1351 2908 3.
