1992 3186
594 126 904 169 DEMONST.
935 126 1155 168 EVANG.
1187 127 1266 168 1x.
1299 128 1342 169 2.
1651 124 1755 177 569

151 246 324 309 πικῶς
354 240 452 299 τὸν
482 247 764 316 περίγειον
793 240 1028 316 κόσμον,
1075 248 1152 309 εἰς
1190 237 1307 300 3νὸ
1350 239 1509 314 λόγος
1540 262 1751 315 προφη-
1778 264 1865 307 [263]

150 326 296 385 τεύει
339 323 435 384 τὸν
476 325 672 399 κύριον
719 329 808 383 ἐπὶ
847 329 1084 399 νεφέλης
1141 325 1352 399 κούφης
1392 323 1569 399 ἥξειν,
1610 323 1755 383 οὕτω

149 409 248 470 τὸν
299 414 359 468 ἐκ
410 412 699 485 παρθένου
751 412 843 467 καὶ
895 409 1205 484 πνεύματος
1255 407 1416 483 ἁγίου
1468 413 1758 484 ληφθέντα

153 492 305 552 αὐτῶ
342 492 648 568 ἄνθρωπον
695 494 1104 595 αἰνιττόμενος·
1155 500 1508 569 χειροποίητα
1549 495 1611 551 δε
1652 501 1758 552 Αἰ-

107 601 129 634 5
151 578 366 653 γύπτου
397 578 828 652 σεισθήσεσθαι,
861 603 927 636 τα
950 582 1062 636 τῶν
1090 581 1275 636 ἐθνῶν
1307 578 1474 646 ξόανα
1505 581 1597 635 καὶ
1626 603 1756 645 τους

153 668 215 722 ἐν
246 661 434 730 αὐτοῖς
467 669 763 737 δαίμονας,
797 661 870 730 ῶς
901 655 973 719 αὖ
1003 661 1171 720 παλιν
1203 668 1548 735 Αἰγυπτίους
1580 686 1754 735 ηττω-
1777 683 1800 716 d

150 751 381 822 μένους,
413 746 620 815 πάντας
647 746 775 814 τούς
806 745 977 804 πάλαι
1008 745 1278 821 πρότερον
1309 750 1436 822 περὶ
1466 747 1567 819 τὴν
1600 751 1757 804 εἰδω-

151 838 451 904 λολατρίαν
497 834 883 905 ἐπτοημένους,
914 858 921 866 ·
955 836 1003 889 6.
1052 830 1198 903 πλὴν
1229 829 1367 888 ἄλλα
1401 833 1491 888 καὶ
1523 849 1758 904 σωματι-

150 920 260 984 κῶς
289 919 389 973 τοῦ
413 920 655 990 σωτῆρος
685 914 842 1015 ἡμῶν
867 917 1317 989 ἐπικομισθέντος
1340 919 1410 989 τῇ
1432 922 1759 987 Αἰγυπτίων

87 1023 130 1054 10
151 1000 338 1076 χῶρα,
371 997 460 1057 ὅτε
491 1024 627 1057 κατα
670 998 769 1057 τὸν
800 998 1047 1073 χρησμὸν
1078 997 1316 1066 ἀναστὰς
1358 999 1386 1056 ὁ
1423 997 1625 1072 Ἰωσὴφ
1658 1022 1759 1056 πα·
1804 999 1810 1006 ’

151 1089 354 1161 ρέλαβε
391 1083 494 1156 τὴν
533 1082 768 1157 Μαριαμ
809 1086 902 1140 καὶ
955 1082 1014 1141 τὸ
1060 1090 1287 1142 παιδίον
1330 1086 1422 1140 καὶ
1461 1076 1638 1156 ἦλθεν
1683 1089 1759 1149 εἰς

150 1178 472 1241 Αἴγυπτον,
513 1165 808 1244 απορρήτω
842 1167 1076 1242 δυναμει
1115 1171 1206 1225 καὶ
1250 1172 1500 1243 ἐνεργεια
1530 1167 1626 1233 τὰς
1657 1191 1762 1223 αυ-

150 1252 280 1311 τόθι
321 1252 381 1310 τὸ
425 1255 560 1325 πρὶν
600 1252 858 1319 οἰκούσας
910 1251 1155 1328 πονηρὰς
1199 1251 1461 1326 δυναμεις
1509 1249 1651 1317 εἰκὸς
1693 1248 1760 1308 οὐ

151 1340 359 1412 μικρῶς
401 1342 760 1410 κεκινῆσθαι,
803 1339 894 1394 καὶ
935 1337 1170 1411 μάλιστα
1201 1334 1291 1395 ὅτε
1332 1335 1424 1394 διὰ
1467 1339 1561 1409 τῆς
1603 1337 1763 1408 μετέ-

89 1442 130 1475 15
153 1445 313 1479 πειτα
346 1426 706 1488 διδασκαλίας
739 1418 914 1478 αὖτοῦ
951 1428 1123 1494 μυρία
1154 1420 1344 1493 πλήθη
1387 1426 1500 1478 τῶν
1529 1418 1630 1492 τὴν
1663 1428 1761 1477 Λῖ-

150 1528 365 1579 γυπτον
404 1505 739 1578 οἰκούντων,
782 1509 877 1577 τῆς
919 1510 1032 1563 τῶν
1079 1504 1359 1578 δαιμόνων
1399 1502 1761 1576 ἀποφυγόντα

151 1588 476 1662 πλανήσεως
495 1634 509 1662 ,
556 1596 632 1647 ἔτι
663 1591 754 1646 καὶ
797 1593 906 1647 νῦν
934 1588 1031 1647 τὸν
1062 1593 1172 1647 τῶν
1200 1587 1347 1646 ὅλων
1369 1587 1636 1662 ,ὁμολογεῖ
1662 1585 1763 1660 μό-

150 1699 254 1733 νον
286 1675 494 1731 εἰδέναι
535 1672 690 1732 θεόν.
750 1671 816 1730 τοὶ
849 1671 906 1730 δ’
953 1678 1013 1731 ἐν
1057 1686 1169 1739 τοῖς
1214 1676 1333 1746 ἑξῆς
1381 1670 1756 1745 ἐπιλεγόμενα,
1783 1693 1874 1735 (423)

154 1757 533 1831 αἰνιγματώδη
563 1756 696 1815 ὄντα
727 1756 982 1824 πλείονός
1011 1783 1070 1815 τε
1104 1756 1338 1831 δεόμενα
1369 1762 1762 1830 πραγματείας,

87 1863 130 1896 20
156 1839 249 1900 ἐπ’
282 1849 488 1909 οἰκείας
520 1846 717 1916 σχολῆς
751 1841 1176 1916 ἑρμηνεύσομεν.

655 2008 787 2067 Ἀπὸ
819 2012 931 2068 τῶν
955 2008 1252 2084 Ἀριθμῶν.

283 2133 360 2182 ΙΙΙ.
388 2117 416 2139 “
428 2124 573 2194 Φησὶ
587 2122 817 2201 Βαλαὰμ
841 2121 959 2189 υίὸς
973 2120 1149 2195 Βεῶρ,
1177 2124 1351 2196 φησὶν
1373 2118 1399 2178 ὁ
1426 2118 1764 2195 ἅνθρωποςὸ

158 2205 441 2278 ἀληθινῶς
464 2205 642 2279 ὁρῶν,
674 2209 848 2279 φησὶν
878 2204 1101 2264 ἄκου’ων
1133 2206 1289 2279 λόγια
1324 2210 1584 2280 ἰσχυροῦ,
1616 2204 1763 2270 ὅστις
1792 2216 1811 2246 b

157 2289 354 2363 ὅρασιν
385 2295 523 2348 θεοῦ
550 2291 700 2348 εἶδεν
744 2294 802 2348 ἐν
825 2288 1006 2368 ὕπνῳ,
1039 2288 1552 2364 ἄποκεκαλυμμένοι
1589 2296 1646 2346 οί
1664 2289 1762 2362 ὀφ-

92 2391 135 2424 25
156 2376 362 2447 θαλμοὶ
389 2373 584 2447 αὐτοῦ,
605 2373 675 2441 ῶς
699 2378 857 2432 καλοὶ
882 2381 939 2432 οἱ
957 2377 1103 2432 οἶκοί
1124 2394 1226 2432 σου
1250 2372 1462 2445 Ἰακώβ,
1489 2379 1550 2430 αί
1561 2376 1766 2445 σκηναί

156 2477 260 2514 σου
282 2457 525 2530 Ἰσραὴλ,
561 2457 691 2515 ὡσεὶ
721 2458 891 2515 νάπαι
916 2457 1252 2529 σκιαζουσαι,
1278 2460 1370 2514 καὶ
1402 2456 1475 2523 ῶς
1499 2455 1768 2530 παράδειξ

156 2559 253 2607 σος
286 2543 374 2597 ἐπὶ
407 2548 692 2614 ποταμῶν,
723 2544 815 2598 καὶ
847 2538 977 2599 ῶσεὶ
1008 2544 1227 2613 σκηναὶ,
1258 2537 1321 2606 ἃς
1353 2544 1516 2612 ἔπηξε
1558 2539 1764 2614 κύριος,

161 2620 292 2680 ῶσεὶ
325 2626 509 2697 κέδροι
552 2622 686 2698 παρ’
729 2625 920 2682 ὕδατα.
990 2624 1328 2694 ἐξελεύσεται
1374 2623 1670 2698 ἄνθρωπος
1704 2630 1763 2683 ἐκ

159 2711 260 2765 τοῦ
290 2710 593 2780 σπέρματος
627 2705 829 2780 αὐτοῦ,
875 2711 966 2766 καὶ
999 2707 1278 2782 κυριεύσει
1311 2711 1496 2768 ἐθνῶν
1526 2715 1764 2781 πολλῶν,

275 2876 327 2914 22
359 2875 486 2914 Num.
511 2875 578 2925 24,
600 2877 639 2915 3.
