1946 3158
231 155 265 205 2
868 155 1113 196 EUSEBII

232 273 549 344 βοωμένους
590 268 739 344 παρὰ
778 283 892 336 τοῖς
922 267 1188 343 ἀνδράσι,
1231 272 1444 328 Μωσεά
1477 269 1544 344 δὴ
1575 273 1716 344 λέγω
1748 273 1846 328 καὶ

231 352 358 424 τούς
399 353 516 428 μετ’
565 353 735 413 αὐτὸν
777 353 1160 428 ἐκλάμψαντας
1199 364 1531 429 θεοπρεπεῑς
1579 357 1672 412 καὶ
1711 353 1842 422 τούς

232 444 535 512 μακαρίους
590 437 877 514 προφήτας
920 463 978 496 τε
1029 440 1121 495 καὶ
1172 437 1525 512 ἱεροφάντας,
1567 437 1844 514 μάρτυσιν

231 520 639 597 ἀποχρώμενοι,
675 525 727 591 ἐξ
759 521 945 580 αὐτῶν
975 521 1022 579 τ’
1062 522 1438 581 ἐπιδεικνύναι
1465 527 1839 597 προῃρημένοι

230 607 296 664 τὰ
326 621 555 681 μακροῖς
584 604 818 680 ὕστερον
848 609 1045 664 αἰῶσιν
1077 613 1154 674 εἰς
1185 610 1303 680 φῶς
1338 606 1592 680 ἐλθόντα,
1625 609 1716 664 καὶ
1747 605 1839 664 διὰ
1861 629 1888 661 5

230 697 325 763 τῆς
356 694 458 749 τοῦ
482 694 727 765 σωτῆρος
750 687 1104 765 εὐαγγελικῆς
1131 688 1461 759 ἀποδείξεως
1492 714 1839 766 πραγματευ-

230 777 422 848 θέντα,
454 773 519 832 vo?
543 798 600 832 τε
617 773 751 833 καθ’
787 774 927 848 ’ἡμᾶς
952 774 1151 843 αὐτοὺς
1177 778 1341 833 εἰσέτι
1365 779 1473 833 νῦν
1495 774 1600 850 πρὸ
1625 773 1840 848 ὀφθαλ-

232 862 352 932 μῶν
385 858 796 933 συντελούμενα
826 865 966 936 θείῳ
997 858 1269 933 πνεύματι
1301 858 1731 934 προειληφότας,
1766 858 1841 928 ῶς

232 941 301 1001 ἂν
332 943 578 1017 παρόντα
609 942 673 1001 τοὶ
704 942 778 1017 μὴ
803 942 1049 1019 παρόντα
1090 946 1181 1001 καὶ
1214 943 1280 1001 τὰ
1319 947 1548 1017 μηδέπω
1572 946 1840 1017 μηδαμῶς

230 1026 362 1086 ὄντα
394 1024 465 1096 ῶς
499 1032 740 1102 ἐναργῶς
771 1026 903 1086 ὅντα
934 1026 1410 1101 κατωπτευκότας,
1452 1031 1541 1085 καὶ
1581 1025 1647 1086 οὐ
1678 1031 1839 1086 τοῦτο
1863 1049 1909 1081 10

230 1111 431 1185 μόνον,
465 1109 603 1169 ἄλλα
634 1115 724 1169 καὶ
755 1127 867 1179 τοῖς
897 1115 1183 1186 μετέπειτα
1225 1110 1315 1169 διὰ
1359 1117 1574 1186 γραφῆς
1613 1110 1679 1170 τα
1709 1115 1842 1186 μέλ-

233 1196 398 1254 λοντοὲ
438 1219 570 1254 ποτε
609 1203 837 1254 ἔσεσθαι
880 1195 1398 1271 προμεμηνυκότας,
1442 1194 1579 1254 ὥστε
1609 1194 1715 1269 ἤδη
1747 1199 1838 1254 καὶ

232 1283 449 1354 ἑτέρους
483 1284 536 1349 ἐξ
567 1279 754 1338 αὐτῶν
786 1283 994 1339 εἰδέναι
1023 1306 1081 1339 τε
1116 1282 1202 1338 καὶ
1232 1286 1517 1354 γνωρίζειν
1546 1282 1605 1338 τὸ
1636 1283 1842 1354 μέλλον

162 1383 208 1423 (3)
240 1363 548 1439 δύνασθαι,
603 1364 866 1439 ὁσημέραι
910 1389 969 1422 τε
1010 1371 1328 1438 προσδοκᾶν
1379 1368 1491 1422 τῶν
1531 1372 1736 1438 λογίων
1773 1363 1840 1422 τὰ

231 1448 656 1523 ἀποτελέσματα.
719 1454 766 1507 3.
802 1463 933 1507 ποῖα
966 1450 1028 1506 δὲ
1061 1454 1257 1519 ταῦτα;
1298 1455 1469 1523 μυριά
1499 1450 1600 1522 μὲν
1630 1444 1700 1507 ἂν
1730 1458 1834 1522 εἰή,
1861 1469 1910 1502 15

231 1536 322 1590 καὶ
353 1532 491 1590 ἄλλα
521 1532 755 1591 παντοῖά
786 1557 844 1591 τε
875 1536 963 1591 καὶ
997 1536 1123 1635 περὶ
1155 1531 1399 1606 πάντων,
1431 1539 1635 1591 κοινῶν
1656 1557 1715 1590 τε
1744 1533 1836 1589 καὶ

228 1621 341 1675 τῶν
371 1617 477 1675 ἀνὰ
508 1642 701 1691 μερος,
733 1616 863 1676 καθ’
904 1617 1134 1682 ε’καστόν
1164 1641 1222 1675 τε
1252 1615 1431 1690 ανδρα
1455 1619 1546 1675 καὶ
1569 1618 1695 1689 περὶ
1726 1618 1842 1674 τῶν

230 1700 511 1774 καθόλου,
558 1708 712 1768 ἰδίως
751 1727 809 1760 τε
850 1700 992 1775 αμφὶ
1031 1705 1143 1759 τῶν
1173 1699 1304 1758 καθ
1335 1697 1623 1775 Εβραίους
1664 1722 1836 1775 πραγ-

230 1785 445 1858 ιιάτων,
478 1789 570 1843 καὶ
603 1788 672 1842 αὐ
703 1785 872 1843 πάλιν
911 1788 1040 1859 περὶ
1080 1788 1191 1842 τῶν
1231 1788 1440 1852 ε’ξωθεν
1473 1787 1684 1858 ἐθνῶν,
1717 1792 1839 1842 οἱον

233 1869 300 1943 δὴ
332 1868 546 1927 πόλεων
575 1887 929 1940 αναστασεις,
961 1874 1169 1942 καιρῶν
1194 1893 1252 1926 τε
1277 1866 1517 1940 ἀλλαγας
1548 1871 1638 1926 καὶ
1664 1892 1834 1943 πραγ-
1858 1891 1904 1924 20

230 1951 418 2026 μάτων
448 1951 781 2026 μεταβολὰς,
813 1952 1129 2026 μελλόντων
1159 1976 1217 2009 τε
1247 1950 1479 2024 ἀγαθῶν
1509 1959 1837 2028 παρουσιάς,

231 2039 323 2094 καὶ
353 2041 464 2095 τῶν
496 2040 764 2094 ἐναντίων
797 2036 1079 2109 ἐπιφορὰς,
1111 2033 1595 2109 ἀνδραποδισμοὺς
1629 2040 1836 2110 ἐθνῶν,

233 2120 450 2179 πόλεων
473 2127 810 2194 πολιορκίας,
841 2126 951 2178 τῶν
976 2119 1222 2178 καθόλου
1247 2126 1545 2192 βασιλείων
1568 2119 1837 2195 μεταστά-

233 2225 346 2272 σεις
377 2229 434 2262 τε
466 2207 557 2262 καὶ
588 2204 979 2278 καταστάσεις,
1034 2207 1124 2275 καὶ
1165 2202 1303 2260 ἄλλα
1343 2211 1514 2279 μυριά
1556 2208 1680 2281 περὶ
1724 2208 1836 2263 τῶν

234 2297 461 2347 ἔσεσθαι
491 2303 718 2362 μακροῖς
749 2288 983 2361 ὕστερον
1013 2287 1228 2362 χρόνοις
1257 2288 1573 2361 μελλόντων
1603 2288 1833 2363 προεκή-
1858 2311 1903 2343 25

234 2398 447 2446 ρυττον.
523 2377 571 2430 4.
605 2370 730 2430 ἀλλ’
777 2369 844 2430 οὐ
887 2370 1096 2430 τούτων
1138 2370 1167 2429 ὅ
1207 2397 1268 2445 γε
1299 2373 1491 2445 παρών
1522 2373 1707 2447 καιρὸς
1737 2374 1836 2431 τὸν

233 2467 456 2532 ε’λεγχον
500 2457 639 2531 ἡμᾶς
679 2454 904 2515 ἀπαιτεῖ
931 2454 1420 2530 παραστήσασθαι,
1462 2456 1527 2514 τὰ
1567 2456 1742 2514 πολλὰ
1774 2458 1834 2514 δὲ

232 2549 484 2608 εἰσαῦθις
522 2543 966 2616 ὑπερθεμένους,
1012 2543 1071 2598 ἐκ
1112 2543 1207 2613 τῆς
1245 2543 1357 2598 τῶν
1387 2544 1834 2615 παρατεθησομέ-

230 2650 348 2683 νων
378 2624 644 2699 ἀληθείας
675 2624 848 2699 ἠρέμα
881 2627 970 2682 καὶ
1012 2628 1122 2682 τῶν
1161 2623 1703 2698 ἀποσεσιωπημένων
1734 2623 1837 2699 τὴν

233 2707 520 2778 (Ξπόδειξιν
549 2709 890 2768 πιστῶσεται.
1855 2729 1902 2762 30

358 2805 394 2854 Ι.
454 2801 590 2851 Τίνα
642 2799 834 2851 τοίνυν
872 2792 1007 2866 ἡμῖν
1046 2794 1134 2850 ἐπὶ
1174 2795 1272 2850 τοῦ
1310 2791 1579 2867 παρόντος
1622 2797 1680 2851 ἐκ
1721 2796 1835 2851 τῶν

232 2882 592 2951 προφητικῶν
631 2876 993 2952 προρρήσεων
1033 2883 1111 2945 εἰς
1152 2876 1255 2950 τὴν
1295 2873 1654 2950 εὐαγγελικὴν
1693 2875 1833 2935 ἀπό-
