1992 3186
593 115 900 157 DEMONST.
932 115 1150 158 EVANG.
1186 116 1238 156 v.
1271 118 1310 158 3.
1655 113 1758 165 309

146 232 367 304 χισεδὲκ
398 229 816 304 ὠνομασμένος,
851 228 880 287 ὃ
911 228 1385 304 μεταλαμβάνεται
1411 236 1489 296 εἰς
1514 227 1614 302 τὴν
1640 226 1759 287 Ἐλ-

147 314 290 372 λάδα
320 313 518 388 φωνὴν
548 314 809 387 βασιλεὺς
852 313 1235 387 δικαιοσύνης,
1281 321 1467 371 ἔπειτα
1499 312 1758 386 βασιλευς

148 397 378 472 Σαλήμ,
411 397 440 456 ὃ
472 401 564 456 καὶ
597 397 730 456 αὐτὸ
761 395 830 455 ἂν
862 408 947 471 εἰή
980 397 1282 471 “βασιλεύς
1325 397 1574 471 εἰρήνης,
1616 395 1758 454 ἀπά-
1783 420 1806 451 «ι

147 508 292 556 τωρ,
332 481 585 557 ἀμήτωρ,
629 480 1094 556 ἀγενεαλόγητος,
1145 482 1249 540 οὐκ
1302 488 1443 556 ἔχων
1484 480 1620 539 κατὰ
1660 481 1761 554 τὴν

103 591 124 624 5
150 573 399 642 ἱστορίαν
440 566 543 625 οὐκ
583 565 759 642 ἀρχὴν
798 562 1049 641 ἡμερῶν,
1094 566 1160 624 οὐ
1203 573 1338 639 ζωῆς
1377 564 1586 638 τέλος,”
1633 565 1755 623 ἀλλ’

147 649 284 709 οὐδε
314 650 503 710 κοινόν
533 676 584 709 τι
615 654 806 725 φέρων
837 651 972 725 πρὸς
1002 651 1099 709 τὸν
1128 655 1223 724 τῆς
1246 654 1342 709 τοῦ
1370 650 1584 724 Ἀαρών
1606 655 1761 724 ἱερω-

149 735 326 809 σύνης
362 734 582 810 τρόπον.
647 740 729 793 15.
762 734 890 793 οὔτε
929 759 1034 809 γαρ
1081 734 1178 792 ὑπ’
1216 734 1540 809 ανθρώπων
1570 734 1759 810 ᾕρητο,

147 819 252 878 οὐκ
284 824 449 878 ε’λαίω
481 824 766 896 σκευαστῷ
797 822 1075 920 κέχριστο,
1107 818 1173 876 οὐ
1205 823 1363 892 γένος
1394 821 1466 892 ἠν
1488 823 1599 878 τῶν
1622 820 1762 920 μηδε

147 908 441 977 φανέντων
471 921 587 961 πω·
634 907 727 960 καὶ
756 902 816 960 τὸ
840 902 1067 961 πάντων
1096 928 1159 976 γε
1182 903 1696 977 παραδοξότατον,
1678 902 1762 961 ότι

86 1012 127 1044 10
149 989 290 1062 μηδὲ
320 988 422 1060 τὴν
453 986 630 1059 σάρκα
660 990 1043 1061 περιτέτμητο,
1087 990 1179 1044 καὶ
1209 985 1354 1061 ὅμως
1394 986 1491 1045 τὸν
1515 987 1762 1061 Ἀβραὰμ

151 1071 387 1145 εὐλογεῖ,
421 1069 493 1140 ὦς
524 1068 596 1130 ἂν
625 1070 768 1129 πολῦ
791 1078 1057 1145 κρείττων
1083 1071 1254 1129 αὐτοῦ
1277 1070 1591 1146 τυγχάνων,
1622 1071 1762 1128 ἀλλὰ

147 1154 284 1214 οὐδὲ
312 1163 541 1224 θυσίαις
573 1159 665 1214 καὶ
707 1162 976 1223 σπονδαῖς
1015 1160 1091 1232 τῷ
1135 1154 1353 1233 ὑψίστῳ
1401 1160 1582 1228 ἱερᾶτο
1622 1158 1760 1233 θεῷ,

149 1240 282 1299 οὐδὲ
311 1239 424 1314 μὴν
464 1240 613 1315 παρὰ
650 1245 726 1317 τῷ
760 1245 820 1299 ἐν
841 1239 1198 1315 Ἰερουσαλὴμ
1240 1243 1359 1317 ναῷ
1385 1239 1488 1313 τὴν
1519 1248 1763 1314 λειτουρ-

148 1333 279 1398 γίαν
322 1327 565 1392 ἐξετέλει.
639 1330 719 1382 16.
761 1329 876 1393 πῶς
914 1324 1020 1398 γὰρ
1053 1330 1128 1401 τῷ
1168 1326 1310 1399 μηδὲ
1348 1323 1492 1395 ὅντι;
1538 1324 1758 1392 είκότως
1784 1348 1872 1390 (233)

87 1431 129 1464 15
151 1402 285 1481 οὖν,
329 1411 446 1466 ἐπεὶ
477 1411 569 1465 καὶ
599 1412 676 1486 τςὸ
705 1407 949 1485 ἡμετέρῳ
993 1413 1197 1483 σωτῆρι
1236 1412 1314 1486 τῷ
1342 1414 1562 1486 Χριστῷ
1594 1406 1764 1467 οὐδὲν

150 1495 252 1566 μὲν
293 1497 369 1569 τῷ
395 1490 608 1566 Ἀαρών
642 1494 872 1566 ἐμφερὲς
919 1499 1146 1566 ἔμελλεν
1176 1493 1592 1566 συμβήσεσθαι,
1635 1491 1764 1551 οὔτε

150 1575 256 1651 γὰρ
297 1575 371 1650 μὴ
413 1574 492 1635 ὢν
534 1575 803 1678 πρότερον
832 1575 1068 1650 ὕστερόν
1098 1599 1231 1634 ποτε
1265 1577 1442 1649 ἱερεὺς
1472 1575 1763 1634 άναδέδει-

151 1685 302 1733 κται,
335 1663 482 1717 καὶ
458 1659 636 1734 ιερεύς
665 1659 733 1717 οὐ
763 1659 1077 1734 γενόμενος,
1111 1658 1249 1718 ἄλλα
1280 1686 1374 1718 ων.
1429 1663 1763 1733 προσεκτέον

149 1769 254 1818 γαρ
288 1747 554 1818 ἐπιμελῶς
583 1749 659 1820 τῷ
684 1741 792 1801 “συ
824 1743 1003 1819 ἱερευς
1037 1751 1113 1812 είς
1144 1743 1241 1802 τὸν
1273 1749 1462 1802 αἰῶνα.
1470 1742 1502 1764 ”
1559 1742 1626 1802 οὗ
1656 1770 1761 1820 γαρ

88 1851 130 1885 20
153 1836 279 1903 ἔσῃ,
311 1831 478 1930 φησι,
509 1827 583 1902 μὴ
616 1826 694 1886 ὠν
724 1827 921 1899 πάλαι,
954 1826 1077 1885 αλλ’
1111 1826 1233 1886 ουδ’
1266 1821 1416 1901 ἦσθα
1439 1854 1542 1903 μεν
1572 1827 1763 1932 πάλαι,

151 1917 257 1971 νῦν
289 1915 349 1970 δε
372 1909 457 1983 οὒ,
503 1910 642 1969 ἄλλα
666 1935 815 1987 παρα
840 1918 938 1970 τοῦ
962 1911 1244 1986 φήσαντος
1267 1912 1414 1986 “ε’γω
1449 1920 1558 1987 εἰμι
1591 1909 1619 1970 6
1654 1911 1756 1971 ὤν’

153 2017 224 2054 συ
264 1997 315 2055 εἷ
350 1999 442 2053 καὶ
467 1997 688 2100 ἱερεὺς
707 2004 784 2064 εἰς
828 1996 926 2055 τὸν
965 2001 1141 2055 αἰωνα
1175 2001 1464 2071 διαμένεις.
1530 2003 1609 2054 17.
1645 2000 1762 2055 ἐπεὶ

153 2073 256 2139 οὐν
295 2104 422 2138 ουτε
452 2079 559 2139 ἀπὸ
589 2079 793 2155 χρόνον
833 2088 928 2155 τῆς
970 2081 1275 2156 ἱερωσύνης
1315 2081 1593 2157 ἆπήρξατο
1635 2080 1763 2139 οὕτε

155 2167 214 2222 ἐκ
243 2169 424 2238 φυλῆς
454 2190 566 2223 των
599 2168 916 2239 ἱερωμένων
945 2162 973 2223 6
1005 2166 1271 2242 Χριστὸς,
1312 2163 1445 2224 οὐδε
1478 2165 1569 2223 δια
1601 2187 1756 2224 σκευ-
1784 2193 1806 2224 b

91 2269 133 2303 25
155 2253 325 2307 αστοῦ
376 2251 468 2307 καὶ
514 2255 826 2324 σωματικοῦ
871 2253 1058 2309 ἐλαίου
1098 2253 1375 2325 κέχριστο,
1429 2249 1564 2308 οὐδὲ
1609 2252 1763 2316 τέλος

153 2336 295 2400 ἕξειν
326 2340 520 2407 ἔμελλε
548 2338 644 2407 τῆς
686 2334 1019 2410 ἱερωσύνης,
1066 2332 1200 2392 οὐδὲ
1239 2333 1427 2408 μόνοις
1451 2333 1759 2406 Ἰουδαίοις,

154 2415 293 2473 ἀλλά
322 2420 414 2474 καὶ
445 2421 614 2476 πᾶσιν
645 2426 838 2477 ἔθνεσι
868 2418 1332 2492 καταστήσεσθαι,
1363 2418 1577 2476 τούτων
1600 2422 1762 2475 ἕνεκα

156 2498 378 2558 πάντων
403 2501 623 2570 εἰκότως
644 2500 814 2561 αὐτὸν
838 2507 932 2577 τῆς
954 2504 1057 2576 μὲν
1080 2502 1217 2560 κατὰ
1238 2502 1335 2560 τὸν
1357 2501 1533 2559 τύπον
1548 2499 1764 2575 Ἀαρών

156 2589 496 2656 λειτουργίας
536 2583 894 2660 ἀπαλλάττει,
936 2585 1072 2644 κατὰ
1112 2586 1215 2659 τὴν
1253 2585 1406 2654 τάξιν
1450 2586 1511 2642 δὲ
1547 2593 1760 2658 Μελχι-

92 2687 134 2720 3ο
158 2667 320 2724 σεδὲκ
350 2670 499 2742 ἱερέα
527 2674 702 2743 φησὶν
733 2677 975 2729 ἔσεσθαι.
1031 2676 1111 2728 18.
1139 2672 1230 2727 καὶ
1253 2669 1314 2727 τό
1335 2693 1398 2743 γε
1421 2668 1762 2743 ἀποτέλεσμα

269 2862 295 2900 3
324 2859 464 2899 Hebr.
489 2862 526 2910 7,
548 2864 588 2902 3.
