1946 3158
758 126 1146 168 ΚΑΤΑΙῬΑΦΗ.
1688 142 1770 169 xlx

158 254 352 302 σονται,
379 233 432 288 τὸ
460 237 511 288 δὲ
537 233 682 304 ἅγιον
709 231 875 288 αὐτῶν
902 233 1036 304 ἱερὸν
1062 232 1153 301 τὴν
1179 236 1388 302 ἐσχάτην
1414 236 1622 303 ἐρημίαν
1648 233 1769 290 ὑπο-

197 328 310 360 ενει.

160 331 192 374 μ
231 384 348 435 546,
376 386 415 428 9
494 383 686 442 Σημεῖα
713 373 900 461 χρόνων
926 380 1013 441 τῆς
1040 381 1127 428 τοῦ
1153 379 1328 443 κυρίου
1363 379 1432 439 εἰς
1465 373 1771 446 ανθρῶπους

159 451 383 500 καθόδου
419 444 533 498 τάδε
572 449 774 498 ἔσεσθαι
811 442 835 498 5
871 449 1135 514 προφήτης
1177 450 1428 510 θεσπίζει,
1476 453 1773 514 καθαίρεσιν

159 522 379 583 παντελῆ
414 521 510 568 τῶν
546 538 678 601 παρα
712 514 970 580 Ιουδαίοις
995 537 1193 584 σεμνων
1227 518 1363 570 ἐθῶν
1395 519 1660 584 ἐπίγνωσιν
1685 523 1772 571 τοῦ
1850 581 1854 585 ,

159 609 291 657 παρα
317 595 419 671 τοῖς
438 586 720 656 προφήταις
738 589 1187 655 καταγγελλομένου
1205 593 1345 648 θεοῦ,
1374 591 1579 657 εἰρήνην
1604 593 1772 656 βαθυ-

160 681 316 724 τατην
341 679 543 711 παντων
570 662 672 710 τῶν
698 658 883 710 ἐθνῶν.

231 738 398 787 550,2
489 736 681 795 Σημεῖα
707 728 897 796 χρόνων
923 733 1009 794 τῆς
1035 732 1122 780 τοῦ
1148 733 1274 781 θεοῦ
1301 727 1447 797 λόγου
1473 731 1541 791 εἰς
1567 724 1770 797 ανθρώ-

159 820 282 862 πους
318 805 615 865 παρουσίας,
651 802 822 864 κλησίς
860 819 909 850 τε
947 801 1139 865 ἐθνῶν,
1180 793 1362 867 ὖστατη
1395 820 1445 851 τε
1482 804 1773 868 καθαίρεσις

159 875 244 936 τῆς
264 869 594 937 Ἰερουσαλήμ.

231 947 462 998 558,10.
542 946 734 1006 Σημεῖα
774 938 968 1008 χρόνων
1010 945 1096 1004 τῆς
1139 944 1229 991 τοῦ
1274 943 1447 1007 κυρίου
1482 944 1772 1010 παρουσίας,

161 1013 449 1079 Αἰγυπτίων
476 1011 737 1078 ἐπίγνωσις
762 1014 852 1062 τοῦ
879 1015 978 1062 τῶν
1005 1014 1275 1078 προφητῶν
1302 1014 1491 1078 κυρί.ου

231 1089 358 1139 562,
385 1091 424 1134 3.
500 1083 629 1149 Περὶ
656 1085 755 1132 τῶν
781 1102 905 1132 κατα
931 1076 1022 1146 τὴν
1049 1082 1437 1171 ἐνανθρῶπησιν
1467 1076 1622 1133 αὐτοῦ
1647 1102 1773 1147 πρα-

160 1153 503 1236 χθησομένων,
530 1153 613 1203 καὶ
642 1152 752 1220 περὶ
779 1155 866 1203 τοῦ
890 1154 1132 1217 φανέντος
1158 1152 1236 1203 ἐπὶ
1264 1156 1324 1222 τῇ
1348 1154 1532 1219 γενέσει
1558 1170 1775 1220 σωτηρος

160 1220 303 1288 ἡμῶν
329 1218 542 1288 αστέρος.

231 1300 346 1351 567,
375 1304 416 1345 7.
465 1289 551 1356 ,Ως
577 1285 602 1345 5
631 1293 806 1356 κύριος
831 1287 1006 1361 ἐπιβας
1032 1313 1092 1345 ου
1117 1288 1384 1359 ανείληφεν
1411 1290 1513 1357 ἐξ“
1484 1297 1629 1361 αγίας
1655 1315 1774 1378 παρ-

160 1365 314 1416 θένου
358 1365 609 1428 σώματος,
657 1360 795 1428 ἥξειν
838 1365 907 1425 εἰς
940 1366 1207 1430 Αἴγυπτον
1241 1367 1403 1432 ρ”ητῶς
1441 1385 1491 1416 τε
1527 1366 1611 1416 καὶ
1651 1386 1775 1416 κατα

163 1432 392 1485 διάνοιαν
419 1435 723 1497 ἐθεσπίζετο,
751 1431 883 1485 πᾶσα
909 1454 958 1484 τε
985 1435 1065 1486 ἐπὶ
1093 1438 1180 1498 τῆς
1207 1438 1480 1503 παρουσίας
1505 1432 1659 1487 αὐτοῦ
1685 1455 1774 1486 κα-

163 1503 566 1571 θαιρεθήσεσθαι
593 1507 694 1555 τῶν
721 1504 889 1555 ἐθνῶν
916 1506 1290 1570 δεισιδαιμονία

234 1582 358 1632 569,
386 1586 456 1625 22.
523 1572 610 1636 ,Ως
643 1567 669 1624 5
706 1574 919 1639 Χριστὸς
955 1577 1024 1637 εἰς
1058 1578 1318 1642 Αἴγυπτον
1365 1572 1500 1641 ήξειν
1535 1569 1776 1627 κακεῐθεν

168 1642 583 1696 ἐπανελεύσεσθαι
610 1647 887 1711 προείρητο.

238 1721 360 1770 573
383 1725 454 1768 21.
505 1714 615 1766 ’Έτι
653 1716 764 1781 περὶ
800 1719 916 1779 τοῦ,
952 1715 1000 1777 ἐξ
1025 1713 1285 1782 Αἰγύπτου
1318 1712 1524 1767 ἐκαλεσα
1549 1712 1636 1767 τὸν
1662 1716 1778 1768 υἱόν

166 1805 284 1852 μου,
314 1787 396 1836 καὶ
423 1786 536 1851 περὶ
558 1781 784 1850 Ηρώδου
807 1791 897 1837 τοῦ
920 1786 1184 1852 βασιλέως,
1222 1786 1306 1836 καὶ
1333 1787 1444 1853 περὶ
1480 1789 1566 1851 τῆς
1592 1794 1776 1838 καθαι-

167 1857 340 1923 ρέσεως
363 1860 449 1922 τῆς
469 1832 726 1908 Ἰουδαίων
748 1858 1025 1939 βασιλείας.

237 1934 362 1985 576,
390 1937 429 1980 9.
506 1928 633 1991 Περὶ
670 1931 759 1978 τοῦ
802 1947 928 1978 κατα
972 1921 1063 1991 τὴν
1098 1927 1283 1994 ε’ρημον
1310 1919 1547 1978 Ἰωαννου
1595 1926 1778 1995 κηρύγ-

165 2018 330 2065 ματος.

238 2075 352 2125 580,
382 2077 449 2120 16.
500 2067 610 2118 Έτι
644 2068 756 2131 περὶ
794 2070 882 2133 τῆς
922 2068 1133 2134 ἐρήμου,
1171 2067 1254 2118 καὶ
1280 2064 1435 2119 αὐτοῦ
1462 2063 1522 2132 δὴ
1549 2065 1778 2134 ὀνομαστὶ

165 2144 252 2190 τοῦ
271 2133 521 2207 Ιορδανου
546 2142 798 2204 ποταμοῦ,
824 2138 954 2222 παρ’
976 2159 1012 2210 ῳ
1034 2135 1268 2203 Ἰωαννης
1295 2139 1566 2205 ἐβάπτιζεν.

238 2215 366 2266 582,
405 2220 472 2262 27.
538 2210 664 2276 Περὶ
712 2214 798 2261 τοῦ
842 2229 960 2275 μετα
1003 2205 1056 2260 τὸ
1091 2209 1348 2275 βαπτισμα
1381 2212 1657 2277 πειρασμοῦ
1691 2212 1779 2260 τοῦ

169 2283 403 2348 Χριστοῦ.

237 2356 357 2415 589,
383 2360 453 2402 22.
505 2351 634 2416 Περὶ
659 2353 743 2416 τῆς
763 2352 1030 2411 Γαλιλαίας
1049 2353 1150 2401 τῶν
1170 2349 1362 2407 ἐθνῶν,
1390 2348 1472 2415 ἐφ
1497 2341 1529 2420 ᾖ
1558 2346 1583 2400 5
1615 2367 1777 2415 σωτηρ

166 2415 315 2502 ἡμῶν
338 2441 396 2472 τα
432 2426 633 2472 πλεῖστα
667 2424 766 2472 τῶν
790 2419 1083 2505 παραδόξων
1118 2418 1403 2488 εἰργάσατο,
1438 2422 1523 2471 καὶ
1551 2420 1664 2487 περὶ
1691 2423 1779 2484 τῆς

166 2494 264 2542 τῶν
289 2484 576 2543 ἀποστόλων
602 2487 761 2543 αὐτοῦ
786 2492 1018 2556 κλήσεως.

237 2567 354 2619 594,
380 2572 423 2613 9.
488 2561 614 2629 Περὶ
642 2565 727 2626 τῆς
752 2565 851 2613 τῶν
876 2557 1165 2613 αποστόλων
1190 2562 1426 2626 κλήσεως.

235 2638 448 2689 595,14.
515 2633 641 2697 Περὶ
666 2635 752 2698 τῆς
776 2635 1092 2699 προφητικῆς
1110 2626 1458 2719 ἀναγνώσεως,
1485 2625 1550 2696 ἣν
1577 2623 1776 2692 αὐτόςὸ

166 2703 339 2764 κύριος
363 2698 508 2768 ἡμῶν
535 2702 792 2766 διηλθεν’
769 2704 848 2755 επὶ
876 2708 962 2787 τῆς
987 2709 1280 2787 συναγωγῆς
1306 2704 1407 2753 τῶν
1427 2699 1696 2752 Ἰουδαίων.

165 2848 203 2892 θ
237 2779 354 2830 597,
380 2783 421 2823 4.
486 2774 611 2842 Περὶ
638 2776 725 2838 τῆς
752 2794 875 2824 κατα
899 2769 952 2824 τὸ
979 2769 1265 2840 εὐαγγέλιον
1291 2775 1378 2825 τοῦ
1397 2775 1615 2839 Χριστοῦ
1637 2790 1779 2837 νομο-

207 2846 350 2903 εσίας.
