1946 3158
233 104 303 157 10
897 106 1145 149 EUSEBII

229 234 463 297 μακροῖς
493 219 728 296 ὕστερον
757 221 972 296 χρόνοις
999 227 1111 282 τῶν
1142 227 1447 299 εἰρημένων
1477 229 1708 300 πέφηνε,
1742 230 1838 299 δῆ-

228 314 332 364 λον
364 303 436 374 ὥς
467 303 569 364 οὐκ
598 302 668 364 ἂν
687 306 799 364 εἶεν
813 306 1070 365 Ἰουδαῖοι
1094 312 1152 365 οἱ
1165 309 1269 383 πρὸ
1292 312 1404 367 τῶν
1423 307 1598 368 αὐτοῦ
1619 309 1837 384 χρόνων

233 387 321 448 ἐπ’
368 389 623 466 εὐσεβείᾳ
662 393 1156 466 μεμαρτυρημένοι.
1237 390 1356 450 ἀλλ’
1409 391 1541 452 οὐδὲ
1564 393 1835 467 ’Έλληνας

229 474 496 550 προσήκει
527 482 768 549 νομίζειν
798 474 1027 549 αὐτοὺς,
1069 475 1142 550 μὴ
1182 481 1246 552 τῇ
1278 481 1538 555 πολυθέω
1566 484 1835 545 δεισιδαι-

226 566 396 636 μονία
428 562 878 633 κεκρατημένους.
939 565 986 619 6.
1020 560 1050 618 ὅ
1079 584 1138 618 τε
1167 561 1270 634 γὰρ
1304 560 1549 637 Ἀβραὰμ
1581 570 1833 620 καταλεῖ-
1857 589 1877 622 5

225 658 332 712 abac
373 646 570 708 τελέως
610 647 823 716 λέγεται
863 645 1017 702 οἶκον
1056 650 1312 722 πατρῷον
1361 648 1453 703 καὶ
1505 649 1836 720 συγγένειαν

226 730 324 784 καὶ
365 730 448 784 ἑνὶ
487 726 639 804 μόνῳ
681 733 1116 803 προσεσχηκέναι
1156 733 1301 807 θεῷ,
1342 727 1408 789 ὂν
1447 732 1538 787 καὶ
1581 728 1837 804 ὁμολογεῖ

223 810 466 884 φάσκων
499 808 739 870 “ε’κτενῶ
793 812 927 887 πρὸς
977 814 1074 871 τὸν
1123 813 1261 872 θεὸν
1313 815 1410 872 τὸν
1456 812 1724 887 ὕψιστον,
1775 811 1834 882 ὃς

227 902 410 954 ἔκτισε
449 895 545 954 τὸν
585 893 829 970 οὐρανὸν
867 901 959 955 καὶ
1002 897 1103 971 τὴν
1145 896 1302 971 γῆν.”
1392 905 1436 956 7.
1483 896 1512 956 ὅ
1551 922 1609 956 τε
1641 897 1834 971 Ἰακώβ

224 978 640 1055 ἀναγέγραπται
681 1003 828 1054 παρα
868 986 943 1059 τῷ
975 991 1217 1040 Μωυσεῖ
1253 982 1435 1056 φήσας
1467 984 1544 1060 τῷ
1574 993 1708 1041 οῖ’κω
1741 986 1831 1041 καὶ
1857 1010 1897 1042 10

227 1069 360 1122 πᾶσι
394 1079 506 1132 τοῖς
537 1061 712 1122 αὐτοῦ
745 1062 948 1139 “ἅρατε
987 1091 1117 1133 τους
1155 1067 1324 1133 θεους
1355 1067 1480 1133 τούς
1510 1064 1833 1142 ἀλλοτρίους

227 1152 292 1206 ἐκ
321 1154 492 1223 μέσου
520 1145 697 1223 ὑμῶν,
731 1152 820 1206 καὶ
845 1148 1181 1217 αναστάντες
1205 1150 1500 1225 ἀναβωμεν
1524 1158 1601 1218 εἰς
1624 1151 1831 1224 Βεθὴλ,

227 1235 321 1290 καὶ
353 1231 652 1307 ποιήσομεν
694 1237 805 1292 ἐκεῖ
834 1234 1236 1341 θυσιαστήριον
1276 1260 1349 1292 τω
1391 1242 1566 1312 κυρίω
1597 1260 1671 1292 τω
1705 1239 1833 1293 ἐπα-

224 1316 500 1375 κου’σαντί
523 1342 630 1391 μου
664 1322 723 1377 ἐν
753 1317 927 1395 ἡμέρα
957 1326 1221 1392 θλίψεως,
1253 1343 1312 1385 ος
1313 1296 1402 1392 ἦν
1425 1319 1539 1392 μετ’
1580 1323 1710 1392 ἐμοῦ
1742 1323 1833 1377 καὶ

227 1404 407 1459 ἔσωσέ
442 1427 508 1475 με
552 1406 610 1460 ἐν
653 1407 718 1477 τῇ
751 1399 866 1460 ὁδω
905 1405 939 1477 ᾑ
988 1402 1317 1478 ἐπορεύθην.
1389 1406 1479 1460 καὶ
1511 1408 1727 1462 ἔδωκαν
1757 1429 1831 1462 τω
1856 1429 1897 1462 15

218 1483 414 1559 Ἰακωβ
445 1485 571 1552 τούς
610 1486 779 1554 θεοὺς
819 1512 945 1555 τους
977 1486 1326 1562 ἀλλοτρίους,
1370 1495 1426 1546 οἳ
1455 1481 1595 1560 ἦσαν
1626 1492 1686 1545 ἐν
1715 1502 1832 1555 ταῖς

228 1573 417 1644 χερσὶν
448 1567 659 1643 αὐτῶν,
691 1574 780 1628 καὶ
815 1570 878 1628 τὰ
901 1571 1098 1630 ἐνώτια
1127 1570 1192 1629 τα
1226 1575 1284 1629 ἐν
1315 1587 1427 1638 τοῖς
1459 1569 1597 1629 ὠσὶν
1627 1571 1831 1643 αὐτῶν,

223 1657 319 1712 καὶ
353 1662 596 1729 ἔκρυψεν
627 1653 767 1712 αὐτὰ
793 1652 982 1728 Ἰακώβ
1013 1652 1122 1714 ὑπὸ
1151 1657 1253 1728 τὴν
1282 1658 1610 1730 τερέβινιθον
1638 1656 1739 1729 τὴν
1771 1660 1831 1713 ἐν

227 1746 510 1812 Σικίμοις,
545 1742 635 1796 καὶ
665 1736 951 1797 ἀπώλεσεν
997 1737 1134 1797 αὐτοὶ
1165 1742 1265 1806 ἕως
1304 1743 1397 1812 τῆς
1428 1738 1668 1813 σήμερον
1698 1736 1832 1813 ἡμέ-

223 1820 385 1898 ρας.”
1852 1851 1895 1882 20

357 1912 403 1963 8.
454 1913 523 1964 Εί
567 1904 634 1979 δὴ
680 1900 781 1965 οὖν
812 1909 903 1964 καὶ
932 1911 1026 1979 τῆς
1059 1906 1462 1981 είδωλολάτρου
1495 1906 1705 1981 πλάνης
1736 1906 1830 1965 ἆλ-

229 1989 433 2062 λότριοι
466 1989 911 2063 καθεστήκεσαν,
958 1993 1048 2048 καὶ
1087 1990 1432 2064 Ἰουδαϊσμοῦ
1466 1992 1526 2048 δὲ
1559 1992 1707 2058 ἐκτὸς
1737 2017 1832 2065 γε-

227 2073 449 2148 γονότες
491 2072 929 2148 ἀπεδείχθησαν,
971 2073 1114 2148 ὅμως
1159 2099 1220 2148 γε
1261 2075 1370 2149 μὴν
1410 2073 1536 2133 οὔτε
1568 2075 1831 2150 Ἕλληνες

228 2158 356 2217 οὔτε
382 2156 638 2218 Ἰουδαῖοι
670 2159 876 2232 φύντες
915 2168 1198 2232 θεοφιλεῖς
1243 2162 1528 2233 γεγονέναι
1558 2160 1831 2236 μεμαρτύ-

229 2269 425 2317 ρηνται
456 2246 546 2302 καὶ
581 2249 782 2301 δίκαιοι
814 2246 903 2301 καὶ
937 2241 1212 2316 εὐσεβεῖς,
1256 2251 1307 2301 εί
1345 2250 1439 2301 καί
1478 2268 1622 2312 τινες
1654 2242 1828 2317 ἄλλοι,
1853 2270 1896 2302 25

231 2326 348 2401 ω’ρα
385 2336 572 2402 τρίτον
614 2332 856 2387 ἐπινοεῖν
886 2334 1210 2401 θεοσεβείας
1242 2327 1474 2402 τρόπον,
1525 2326 1599 2386 δι’
1633 2331 1700 2386 οὑ
1731 2354 1832 2386 κα-

132 2435 204 2476 414)
230 2417 514 2487 τορθῶσαι
547 2413 688 2480 εἰκὸς
720 2438 789 2486 ην
820 2410 1036 2479 αυτούς.
1127 2417 1174 2470 9.
1224 2411 1416 2470 σκόπει
1456 2418 1750 2487 τοιγαροῦν
1783 2419 1834 2470 εί

227 2498 300 2571 μὴ
343 2495 490 2556 τοῦτ’
535 2495 669 2555 αὐτὸ
711 2491 779 2570 ἦν
818 2495 877 2555 τὸ
918 2496 1118 2570 μεταξὺ
1145 2493 1485 2570 Ἰουδαϊσμοῦ
1530 2499 1622 2554 καὶ
1646 2492 1830 2569 Ἐλλη-

228 2586 427 2654 νισμοῦ
459 2589 643 2656 τρίτον
674 2578 805 2656 ἡμῖν
835 2578 1303 2655 ἀποδεδειγμένον
1332 2580 1527 2654 τάγμα,
1560 2585 1832 2638 παλαίτα-

227 2690 324 2723 τον
354 2667 455 2739 μὲν
486 2669 576 2724 καὶ
607 2666 831 2725 πάντων
861 2663 1133 2739 τυγχάνον
1174 2664 1584 2739 πρεσβύτατον,
1626 2667 1826 2723 νεωστὶ
1851 2689 1893 2722 30

342 2861 368 2900 8
400 2860 511 2902 Gen.
538 2861 600 2912 14,
625 2862 693 2901 22.
870 2861 918 2899 11
955 2860 1066 2902 Gen.
1090 2861 1156 2910 35,
1183 2862 1220 2902 2.
