1946 3158
586 117 891 160 DEMONST.
920 117 1138 160 EVANG.
1167 118 1228 161 11.
1261 120 1300 159 3.
1660 114 1760 167 133

154 233 315 309 ὑμῶν
345 231 794 308 ἀνασωζομένους
820 235 878 290 ἐκ
902 237 1178 307 ῥομφαίας
1203 236 1263 290 ἐν
1286 246 1399 299 τοῖς
1424 239 1633 305 ἔθνεσι,
1669 235 1760 290 καὶ

158 322 219 377 ἐν
247 322 325 396 τῷ
355 320 775 394 ὃιασκορπισμῷ
803 315 962 391 ὑμῶν
994 322 1054 375 ἐν
1084 330 1203 384 ταῖς
1232 316 1466 391 χώραις,
1499 318 1591 374 καὶ
1620 341 1762 391 μνη-

157 402 471 476 σθήσονταί
486 426 594 476 μου
616 407 674 459 oc
693 401 1098 475 ἀνασωζόμενοι
1123 404 1174 470 ἐξ
1198 400 1362 476 ὑμῶν
1387 404 1447 459 ἐν
1469 415 1583 469 τοῖς
1604 409 1762 460 ἔθνε-

157 507 276 561 σιν,
308 479 378 545 οὗ
407 485 920 561 ἠχμαλωτεύθησαν
952 490 1079 545 ἐκεῖ.
1093 484 1123 506 ”

111 597 132 628 5
284 576 402 629 168.
435 581 612 629 Δοκεῖ
638 596 728 644 μοι
753 570 1045 630 κάνταῦθα
1076 569 1345 647 συνάὃειν
1368 583 1483 638 τοῖς
1514 569 1622 628 ἀπὸ
1652 573 1765 628 τῶν

155 658 365 714 λοιπῶν
395 659 763 730 προφητειῶν.
826 653 954 723 τούς
994 653 1098 730 γάρ
1129 653 1579 730 ἀνασωζομένους
1609 660 1765 722 τίνας

155 737 225 798 ἀν
268 750 440 808 εἴποις
479 737 512 815 ἢ
552 737 612 798 τὸ
652 742 711 797 ἐν
752 742 956 814 ἑτέροις
996 738 1390 814 ωνομασμένον
1430 738 1764 813 ὑπόλειμμα,

155 827 246 881 καὶ
287 823 389 898 τὴν
428 823 667 898 σταγόνα
707 826 797 882 καὶ
836 821 939 897 τὴν
979 822 1182 898 δρόσον
1212 826 1311 881 τοῦ
1340 828 1479 881 λαοῦ
1519 826 1764 894 ἐκείνους

157 906 231 966 δι’
270 933 349 967 ων
381 911 644 981 ἐδηλουτο
675 906 708 981 ἡ
739 932 850 966 των
873 906 1196 966 ἀποστόλων
1219 911 1320 966 τοῦ
1342 911 1585 1010 σωτῆρος
1608 907 1766 982 ἡμων

93 1018 132 1051 10
158 990 436 1059 σι’στασις.
499 1017 653 1050 ουτοι
683 995 822 1066 γοῦν
853 990 1241 1061 ἀνασωθέντες
1274 997 1333 1051 ἐκ
1362 999 1457 1066 τῆς
1489 991 1765 1060 ἀπωλείας

154 1083 253 1135 τοῦ
295 1076 499 1144 παντὸς
540 1075 726 1135 αὐτῶν
766 1083 969 1144 ἔθνους
1008 1080 1100 1136 καὶ
1142 1080 1203 1135 ἐν
1241 1081 1318 1155 τῷ
1348 1081 1764 1154 ὃιασκορπισμῷ
1790 1101 1813 1133 d

158 1159 350 1221 αὐτῶν
383 1159 747 1236 ἐμνήσθησαν
777 1168 875 1220 τοῦ
907 1166 1076 1236 θεοῦ,
1111 1160 1183 1229 ὡς
1213 1160 1608 1237 ὁμολογεῖσθαι
1638 1164 1764 1238 περὶ

161 1244 348 1305 αὐτῶν
380 1252 639 1322 εἰρῆσθαι
670 1245 736 1304 τά
765 1245 1245 1323 ἀναγεγραμμένα.

643 1426 743 1498 νζ’.
797 1427 931 1487 Ἀπο
960 1436 1061 1487 τοῦ
1094 1428 1284 1488 αὐτοῦ.

94 1559 135 1591 15
287 1546 403 1598 169.
430 1539 460 1560 “
478 1539 623 1598 Τάδε
652 1543 797 1612 λέγει
822 1538 1064 1599 Ἀδωναῒ
1092 1539 1310 1613 κύριος,
1361 1539 1443 1598 ὅτι
1474 1539 1765 1614 ἀπώσομαι

157 1623 359 1691 αὐτούς
393 1631 470 1691 εἰς
492 1622 558 1681 τά
581 1630 741 1698 ἔθνη,
775 1626 866 1681 καὶ
893 1629 1234 1698 ὃιασκορπιῶ
1257 1623 1462 1691 αὐτοὺς
1487 1631 1564 1691 εἰς
1586 1623 1765 1683 πάντα

155 1707 221 1765 τά
254 1714 423 1780 ἔθνη,
457 1710 548 1766 καὶ
582 1713 922 1782 διασκορπιῶ
953 1707 1154 1775 αὐτοὺς
1186 1715 1263 1776 εἰς
1293 1714 1478 1768 πᾶσαν
1505 1708 1609 1782 τὴν
1637 1715 1763 1782 γῆν,

155 1795 248 1850 καὶ
279 1798 468 1866 ἔσομαι
499 1789 688 1860 αὐτοῖς
713 1799 791 1860 εἰς
815 1789 1059 1866 ἀγίασμα
1092 1792 1291 1867 μικρὸν
1327 1796 1386 1851 ἐν
1414 1808 1534 1862 ταῖς
1564 1792 1766 1867 χώραις

156 1868 225 1935 οὗ
255 1874 326 1935 ἀν
358 1880 690 1936 εἰσέλθωσιν
722 1874 888 1935 ἐκεῖ.”

92 1979 134 2013 20
286 1966 402 2019 170.
438 1963 548 2020 Καὶ
603 1964 850 2019 ἐνταῦθα
897 1963 1064 2038 ἑτέρω
1103 1958 1331 2036 ὀνόματι
1383 1960 1510 2028 τούς
1561 1960 1766 2029 αὐτούς

156 2047 422 2118 κέκληκεν
440 2090 455 2118 ,
488 2043 730 2119 ἀγίασμα
759 2045 959 2118 μικρὸν
979 2044 1153 2104 εἰπών
1173 2045 1303 2113 τούς
1328 2050 1381 2115 ἐξ
1413 2045 1599 2104 αὐτῶν
1628 2044 1767 2104 ἀνα-

155 2133 585 2203 σωθησομένους
618 2132 710 2187 καὶ
739 2129 1350 2204 ὑπολειφθησομένους.

633 2311 739 2386 νη’.
795 2310 925 2370 Ἀπὸ
955 2318 1054 2370 τοῦ
1086 2311 1274 2371 αὐτοῦ.

281 2428 395 2483 171.
412 2422 562 2482 “Καὶ
586 2422 794 2492 πάντας
816 2423 945 2492 τούς
972 2423 1550 2500 ἀντιλαμβανομένους
1574 2422 1762 2482 αὐτῶν
1787 2452 1860 2494 (85)

94 2525 134 2557 25
161 2513 439 2584 διασπερῶ
481 2514 558 2577 εἰς
611 2507 791 2567 πάντα
831 2507 1066 2584 ἄνεμον,
1119 2513 1210 2568 καὶ
1259 2515 1541 2586 ῥομφαίαν
1595 2512 1764 2584 ἐκχεῶ

156 2590 334 2650 ὀπίσω
366 2591 582 2666 αὐτῶν,
627 2596 718 2651 καὶ
761 2593 1160 2667 ἐπιγνώσονται
1199 2593 1282 2652 ὅτι
1315 2592 1421 2667 ἐγώ
1452 2592 1669 2669 κύριος,
1703 2597 1765 2652 ἐν

158 2683 233 2755 τῷ
265 2682 653 2752 διασκορπίσαι
692 2701 760 2753 με
806 2682 866 2738 ἐν
904 2694 1018 2746 τοῖς
1058 2685 1313 2752 ἔθνεσιν,
1356 2681 1447 2738 καὶ
1480 2684 1763 2755 ὃιασπερῶ

275 2872 326 2912 15
355 2869 523 2912 Ezech.
550 2872 617 2923 11,
640 2873 708 2912 16.
882 2874 938 2914 24
967 2872 1136 2914 Ezeeh.
1162 2874 1225 2925 12,
1254 2875 1316 2913 14.
