1946 3158
201 129 270 182 88
882 130 1128 172 EUSEBII

201 271 281 303 οτι
325 244 499 320 όνομα
538 270 629 320 μοι
672 245 874 320 κύριος.
945 243 1184 319 ἁμαρτία
1217 243 1396 304 Ἰούδα
1441 249 1805 319 ἐγγέγραπται

203 334 262 388 ἐν
294 335 480 405 γραφῇ
514 333 572 388 ἐν
613 329 772 403 ὄνυχι
812 326 1188 406 ἆδαμαντίνω,
1230 334 1670 404 ἐγκεκολαμμένη
1716 333 1804 388 ἐπὶ

200 420 299 473 τοῦ
352 414 596 488 στήθους
637 418 731 487 τῆς
782 418 1014 519 καρδίας
1075 412 1288 487 αὐτῶν,
1339 413 1502 488 ἡνίκα
1542 412 1612 472 οὶν
1665 438 1806 488 μνη-

204 502 421 557 σθῶσιν
452 524 518 556 τα
543 497 687 572 αλση
733 495 919 556 αὐτῶν
960 500 1048 556 ἐπὶ
1091 496 1260 566 ξύλου
1306 502 1531 577 δασέος,
1583 502 1675 556 καὶ
1716 502 1806 556 ἐπὶ

159 615 175 637 c
201 588 424 655 βουνῶν
454 583 778 657 μετεώρων,
811 585 901 640 καὶ
933 581 1109 656 ὀρέων
1153 585 1211 639 ἐν
1251 579 1418 661 ἀγρῷ.
1495 583 1658 658 ἰσχύν
1703 604 1804 641 σου
1847 607 1870 641 5

202 670 292 725 καὶ
326 666 646 740 θησαυρούς
670 686 772 724 σου
805 674 882 735 εἰς
913 665 1198 741 προνομὴν
1233 666 1420 742 δώσω,
1462 671 1554 726 καὶ
1585 668 1650 725 τὰ
1680 667 1806 737 ὕψι-

201 751 301 809 στα
361 774 463 810 σου
526 750 616 809 διὰ
660 753 754 820 τὰς
798 748 1064 826 ἁμαρτίας
1105 770 1206 808 σου
1259 750 1354 819 τὰς
1403 757 1463 810 ἐν
1515 759 1649 810 πᾶσι
1693 767 1807 818 τοῖς

199 832 372 910 ὁρίοις
425 856 542 895 σου.
615 839 707 895 καὶ
747 833 1008 912 ἀφεθήσῃ
1048 835 1209 910 μόνη,
1263 840 1353 894 καὶ
1412 836 1808 911 ταπεινωθήσῃ

200 919 307 978 ἀπὸ
339 925 432 994 τῆς
457 928 824 996 κληρονομίας
856 941 977 994 σου,
1002 913 1064 994 ἧς
1091 920 1270 978 ἔδωκά
1295 941 1397 979 σοι.
1449 926 1498 980 4.
1528 924 1620 979 καὶ
1642 946 1810 978 κατα-

206 1005 471 1063 δουλωσω
504 1027 566 1064 σε
596 1021 709 1074 τοῖς
742 1010 963 1079 ἐχθροῖς
994 1026 1096 1065 σου
1135 1009 1194 1064 ἐν
1225 1011 1290 1080 τῇ
1322 1010 1393 1081 γῇ
1422 998 1458 1081 ᾗ
1487 1004 1589 1064 οὐκ
1609 1011 1804 1079 ἔγνως·
1831 1028 1874 1060 10

204 1087 286 1147 ὅτι
330 1097 443 1163 πῦρ
487 1093 810 1148 ἐκκέκαυται
843 1095 902 1148 ἐν
941 1094 1016 1168 τῷ
1056 1096 1222 1168 θυμῷ
1265 1115 1402 1164 μου,
1456 1094 1557 1158 ἕως
1610 1095 1810 1157 αἰῶνος

203 1172 593 1248 καυθήσεται.”

698 1267 793 1332 σις’.
853 1270 983 1331 Ἀπὸ
1014 1278 1112 1332 τοῦ
1139 1270 1328 1347 Ἀμώς.

207 1389 280 1436 Τα
311 1394 419 1449 περὶ
451 1396 535 1450 τῆς
577 1393 643 1445 εἰς
672 1394 832 1438 πάντα
862 1411 919 1438 τα
972 1393 1095 1450 ἔθνη
1137 1396 1403 1449 διασπορᾶς
1443 1396 1528 1439 τοῦ
1559 1390 1812 1440 ΜΙουδαιων

156 1452 176 1484 ¹
202 1448 395 1505 ἔθνους,
418 1452 499 1495 καὶ
521 1451 630 1506 περὶ
651 1453 736 1508 τῆς
757 1447 1062 1501 ἀνανεώσεως
1084 1452 1167 1507 τῆς
1194 1453 1400 1504 Χριστοῦ
1422 1454 1687 1508 παρουσίας
1726 1451 1808 1495 καὶ
1832 1469 1874 1503 15

203 1507 469 1562 βασιλείας,
509 1508 591 1551 καὶ
630 1509 713 1564 τῆς
755 1503 832 1551 ἐπ’
856 1502 992 1577 αυτῇ
1030 1507 1351 1576 γεγενημένης
1391 1509 1475 1565 τῆς
1517 1509 1609 1552 τῶν
1650 1504 1808 1552 ἐθνῶν

765 1559 991 1607 ἆπαντων
1021 1562 1243 1620 κλήσεως.

329 1656 363 1709 5
416 1649 473 1671 (θ’

468 1653 604 1711 Ιδού
637 1652 742 1726 ε’γω
786 1656 1134 1728 ἐντέλλομαι,
1167 1656 1259 1712 καὶ
1299 1653 1546 1754 λικμήσω
1573 1657 1635 1712 ἐν
1674 1658 1810 1712 πᾶσι

202 1753 315 1804 τοις
373 1744 566 1796 ἔθνεσι
609 1737 708 1795 τὸν
738 1739 893 1796 οἶκον
918 1735 1162 1814 Ἰσραὴλ,
1205 1735 1270 1795 ὃν
1311 1737 1516 1811 τρόπον
1555 1742 1808 1811 λικμᾶται

206 1826 264 1878 ἐν
294 1825 372 1899 τῷ
402 1826 596 1898 λικμῷ,
630 1825 722 1879 καὶ
752 1823 819 1880 οὐ
843 1822 917 1896 μὴ
947 1826 1087 1898 πέσῃ
1120 1821 1431 1895 σύντριμμα
1457 1823 1663 1896 ἐπὶτὴν
1676 1826 1806 1896 γῆν·
1831 1849 1875 1881 20

117 1931 180 1972 [36]
208 1910 456 1980 ῥομφαία
474 1905 902 1980 τελευτήσουσιν
926 1905 1128 1973 πάντες
1149 1911 1207 1964 οἱ
1227 1902 1540 1982 ἁμαρτωλοὶ
1553 1912 1652 1966 τοῦ
1668 1910 1810 1965 λαοῦ

203 2013 339 2061 μου,
382 1995 440 2046 οὗ
465 1993 735 2062 λέγοντες,
781 1989 848 2048 οὗ
885 1989 960 2065 μὴ
1003 1994 1197 2066 ε’γγίσῃ
1237 1988 1372 2049 οὐδὲ
1401 1990 1476 2066 μὴ
1519 1999 1660 2068 ἔλθῃ
1705 1989 1796 2066 ἐφ’

204 2073 343 2146 ἡμᾶς
377 2072 443 2131 τὰ
484 2074 650 2131 κακά·
707 2079 766 2132 ἐν
815 2081 882 2149 τῇ
923 2072 1099 2152 ἡμέρᾳ
1141 2080 1324 2151 ἐκείνῃ
1363 2074 1658 2150 ἀναστήσω
1709 2074 1811 2149 τὴν

204 2157 414 2231 σκηνὴν
445 2162 635 2231 Δαβὶδ
664 2157 766 2231 τὴν
799 2175 1189 2233 πεπτωκυῖαν,
1245 2162 1336 2218 καὶ
1392 2159 1811 2236 ἀνοικοδομήσω

203 2242 268 2298 τὰ
300 2242 624 2301 πεπτωκότα
654 2242 854 2317 αὐτῆς,
921 2249 968 2302 6.
1012 2247 1104 2302 καὶ
1145 2245 1211 2303 τὰ
1251 2249 1670 2320 κατεσκαμμένα
1707 2244 1809 2303 αὐ-
1832 2271 1875 2304 25

204 2331 298 2399 τῆς
329 2326 647 2402 ἀναστήσω,
681 2331 773 2385 καὶ
803 2325 1220 2403 ἀνοικοδομήσω
1262 2328 1469 2404 αὐτὴν,
1511 2329 1702 2396 καθώς
1753 2335 1815 2387 αί

203 2410 402 2485 ἡμέραι
427 2416 525 2470 τοῦ
557 2417 778 2485 αἰῶνος,
809 2411 956 2481 ὅπως
999 2413 1336 2486 ἐκζητήσωσί
1368 2438 1436 2488 με
1465 2418 1523 2472 οἰ
1556 2412 1810 2473 κατάλοι-

205 2519 297 2553 ποι
329 2501 441 2555 τῶν
471 2495 809 2571 ἀνθρώπων,
843 2500 935 2555 καὶ
965 2496 1145 2556 πάντα
1185 2496 1252 2555 τὰ
1292 2505 1459 2572 ἔθνη,
1493 2497 1580 2572 ἐφ’
1616 2497 1651 2555 ὁὶ
1697 2502 1809 2557 ἐπι-

206 2583 460 2654 κέκληται
525 2581 585 2640 τό
635 2580 808 2657 ὄνομα
858 2607 966 2656 μου
1015 2580 1102 2640 ἐπ’
1147 2581 1312 2656 αὐτα,
1357 2585 1505 2656 λέγει
1544 2582 1732 2659 κύριος
1779 2578 1808 2639 ὁ

204 2670 381 2722 ποιῶν
409 2669 583 2725 ταῦτα
612 2665 836 2726 πάντα.”
1831 2673 1874 2706 3⁰

319 2889 370 2927 17
391 2887 527 2928 Amos
550 2891 596 2938 9,
627 2891 665 2929 9.
695 2874 700 2880 ⁴
