1946 3158
197 123 269 175 44
887 124 1135 165 EUSEBII

199 239 339 297 ἀλλά
378 265 502 298 τινα
543 238 737 297 καινὸν
775 241 868 295 καὶ
908 241 1038 296 νέον
1085 237 1390 312 ἄνθρωπον
1428 238 1638 297 θεόθεν
1679 237 1809 297 ἀπε-

114 328 520 398 (εο)σταλμένον.
590 320 674 381 48.
709 325 1143 397 μετατιθεμένου
1185 324 1247 380 δὲ
1277 324 1378 380 τοῦ
1405 330 1810 398 θυσιαστηρίου

202 410 351 484 παρὰ
381 408 447 466 τά
476 413 553 486 τῷ
583 418 784 466 Μωσεῖ
826 412 1127 480 δοκοῦντα,
1160 404 1375 482 άνάγκη
1406 412 1554 465 πᾶσα
1585 411 1677 465 καὶ
1708 411 1810 465 τοῦ

203 497 456 560 Μωσέως
485 493 660 566 νόμου
700 491 1011 565 μεταβολὴν
1049 494 1329 564 γενέσθαι.
1394 493 1509 550 εἶτα
1543 493 1605 550 δὲ
1634 492 1812 551 θύον-

202 603 291 646 τες
322 577 618 651 Αἰγύπτιοι
657 581 732 653 τῷ
776 579 863 633 ε’πὶ
905 575 1131 635 πάντων
1170 582 1286 654 θεῷ
1327 576 1547 643 πάντως
1578 599 1687 635 που
1718 579 1810 634 καὶ
1833 602 1897 641 5ή

208 662 513 763 ἱερωσύνης
566 659 990 734 άξιωθήσονται.
1075 665 1391 735 ἱερωμένων
1448 665 1584 735 δῆτα
1634 667 1814 734 Αἰγυ-

205 755 379 806 πτίων
411 744 477 803 τὰ
507 749 634 819 περὶ
665 751 916 804 Λευιτῶν
947 748 1037 803 καὶ
1069 749 1182 804 τῶν
1223 750 1282 803 ἐκ
1315 749 1575 819 διαδοχῆς
1598 744 1814 819 Ἀαρῶν

205 841 411 889 Μωσεῖ
449 833 844 904 διατεταγμένα
884 827 1066 888 οὐκέτ’
1119 856 1189 887 αν
1231 834 1444 903 γένοιτο
1486 845 1600 897 τοῖς
1640 837 1813 903 Αἰγυ-

204 923 381 983 πτιόις
411 914 663 991 χρήσιμα
735 919 819 972 49.
865 914 980 989 ῶρα
1012 914 1082 988 δὴ
1111 940 1214 973 ουν
1244 919 1437 989 καινῆς
1480 907 1816 987 νομοθεσίας

207 1006 328 1059 δεῖν
361 1007 438 1067 εἰς
466 1000 568 1074 τὴν
597 1004 709 1057 τῶν
739 1003 1101 1074 δηλουμένων
1136 998 1417 1058 σύστασιν.
1498 1006 1556 1057 τί
1585 1002 1677 1070 δέ;
1709 1024 1816 1074 αρα
1839 1026 1879 1058 10

116 1108 181 1150 [151
210 1090 328 1157 εἰκῆ
360 1085 516 1142 ταῦτ’
562 1083 1024 1158 ἀναπεφωνηται;
1066 1110 1099 1158 η
1141 1087 1234 1142 καὶ
1272 1088 1424 1151 τέλος
1458 1083 1817 1157 ἐπενήνεκται

161 1194 182 1225 b
206 1185 319 1236 τοῖς
350 1169 560 1242 λόγοις;
603 1172 805 1238 σκέψαι
848 1169 897 1226 δ’
937 1171 1039 1226 οὐν
1081 1168 1232 1242 εἰμὴ
1272 1169 1541 1242 σήμερον,
1574 1171 1715 1241 λέγω
1748 1167 1816 1242 δὴ

207 1253 337 1311 καθ’
374 1278 545 1327 ημας,
578 1250 767 1321 αὐτοῖς
798 1268 910 1321 τοῖς
940 1253 1253 1327 ὀφθαλμοῖς
1282 1250 1520 1326 ὁρῶνται
1549 1251 1615 1310 οὐ
1645 1251 1819 1326 μόνον

210 1337 537 1411 Αἰγύπτιοι,
577 1332 716 1395 ἄλλα
759 1341 850 1395 καὶ
891 1341 1003 1395 πᾶν
1034 1341 1192 1411 γένος
1221 1344 1333 1395 τῶν
1355 1340 1491 1410 πρὶν
1518 1343 1818 1395 εἰδωλολα-

209 1426 359 1495 τρῶν
379 1420 720 1497 ἀνθρώπων,
735 1421 831 1490 οὓς
856 1419 890 1495 ἡ
915 1422 1218 1496 πρόρρησις
1244 1420 1335 1479 δια
1356 1426 1468 1480 τῶν
1488 1429 1817 1495 Αἰγυπτίων
1839 1447 1881 1479 15

207 1506 488 1582 ᾐνίττετο,
536 1511 631 1580 τῆς
671 1509 773 1581 μὲν
814 1510 1099 1565 πολυθέου
1138 1509 1229 1564 καὶ
1281 1510 1601 1580 δαιμονικῆς
1643 1504 1821 1580 ἀπηλ-

209 1595 485 1665 λαγμένον
515 1591 747 1665 πλάνης,
779 1591 876 1649 τὸν
904 1593 961 1648 δὲ
986 1597 1100 1649 τῶν
1130 1595 1432 1664 προφητῶν
1449 1590 1588 1649 θεὸν
1609 1589 1820 1649 ἀνακα-

210 1676 507 1749 λούμενον’
554 1681 637 1734 50.
657 1680 750 1734 καὶ
778 1675 1030 1750 εὔχονται
1053 1678 1114 1733 δὲ
1142 1673 1326 1733 οὐκέτι
1349 1683 1565 1733 πλείοσι
1587 1682 1817 1748 κυρίοις,

213 1763 298 1818 ἑνὶ
332 1762 391 1818 δὲ
421 1763 500 1836 τῷ
527 1760 679 1838 μόνω
712 1768 888 1837 κυρίῳ
919 1760 1056 1817 κατὰ
1080 1759 1140 1817 τὸ
1166 1758 1316 1834 ἱερὸν
1346 1759 1552 1833 λόγιον,
1585 1763 1675 1817 καὶ
1699 1760 1820 1818 τού-

209 1869 285 1921 τῳ
316 1843 720 1918 θυσιαστήριον
749 1844 1002 1917 ἇναίμων
1031 1847 1123 1902 καὶ
1164 1847 1402 1917 λογικῶν
1432 1849 1653 1902 θυσιῶν
1683 1844 1820 1902 κατὰ
1843 1869 1884 1901 20

171 1927 278 1986 evo}
323 1928 487 1985 καινὰ
531 1928 808 2005 μυστήρια
851 1933 946 2000 τῆς
991 1932 1119 1995 νέας
1171 1931 1263 1986 καὶ
1309 1934 1502 2002 καινῆς
1549 1928 1820 2002 διαθήκης

211 2010 348 2070 καθ’
381 2011 510 2085 ὅλης
540 2016 635 2086 τῆς
666 2012 988 2086 ἀνθρώπων
1018 2017 1342 2087 οἰκουμένης
1367 2012 1729 2089 ἀνεγήγερται
1762 2018 1822 2071 ἐν

213 2095 355 2172 αὐτῇ
392 2120 451 2153 τε
493 2097 761 2175 Αἰγύπτῳ
815 2100 906 2154 καὶ
946 2113 1059 2164 τοῖς
1101 2107 1313 2164 λοιποῖς
1345 2105 1538 2156 ἔθνεσι
1567 2097 1666 2156 τὸν
1694 2097 1818 2172 τρό-

212 2203 319 2238 πον
361 2181 781 2253 αἰγυπτιάζουσι
826 2181 964 2239 κατὰ
1008 2182 1109 2254 τὴν
1157 2187 1540 2256 δεισιδαίμονα
1585 2181 1819 2256 πλάνην.

212 2270 295 2324 51.
329 2269 437 2323 νῦν
467 2264 600 2324 καθ’
634 2262 774 2340 ἡμᾶς
805 2265 838 2339 ἡ
869 2270 966 2323 τοῦ
995 2273 1107 2324 τῶν
1136 2266 1283 2324 ὅλων
1304 2271 1447 2325 θεοῦ
1470 2270 1674 2340 γνῶσις
1705 2273 1819 2324 δια·
1843 2290 1886 2322 25

213 2348 504 2423 λάμπουσα
543 2350 646 2423 τὴν
686 2358 875 2409 πίστιν
912 2349 1323 2424 ἀναμφίλεκτον
1362 2354 1474 2409 τῶν
1517 2361 1821 2423 προθεσπι-

213 2437 468 2493 σθέντων
501 2438 962 2510 ε’πισφραγίζεται.
1023 2439 1195 2493 ταῦτα
1228 2437 1288 2493 δὲ
1319 2442 1498 2510 ἔργοις
1543 2434 1822 2493 ἐπιτελού-

214 2544 352 2593 μενα
399 2519 576 2594 ὁρῶν,
628 2517 753 2578 ἀλλ’
800 2517 980 2578 οὐκέτ’
1038 2517 1175 2594 ακοῇ
1214 2519 1674 2595 προσδοκώμενα,
1725 2518 1823 2578 τὸν

214 2606 435 2678 καιρὸν,
480 2604 692 2663 ὁπόθεν
730 2605 834 2678 τὴν
863 2602 1039 2680 ἀρχὴν
1067 2609 1180 2662 τῶν
1217 2603 1553 2707 πραγμάτων
1584 2610 1821 2678 εἴληχεν,

215 2685 340 2744 ουδ’
373 2686 542 2746 άλλον
573 2687 914 2764 αναζητήσας
947 2685 1198 2763 ευρήσεις
1228 2713 1261 2762 η
1292 2689 1388 2746 τὸν
1417 2692 1512 2761 τῆς
1543 2695 1820 2791 σωτηρίου
1843 2710 1930 2769 3⁰„

169 2774 557 2844 ὶέπιφανείας.
629 2779 712 2832 52.
747 2774 909 2840 αὐτὸς
952 2772 1058 2848 άρα
1098 2774 1255 2840 οὗτος
1297 2765 1366 2845 ἦν
1409 2776 1642 2846 ἐκεῖνος,
1685 2771 1751 2830 ὃν
1791 2772 1818 2829 ὁ

214 2856 456 2931 χρησμὸς
504 2857 739 2932 ἐδήλου,
782 2858 963 2933 φήσας
1012 2856 1339 2916 ἀποστελεῖν
1383 2857 1479 2915 τὸν
1527 2860 1639 2915 τῶν
1675 2856 1820 2915 ὅλων
