1992 3186
530 112 839 156 DEMONST.
872 113 1092 158 EVANG.
1125 115 1202 156 1v.
1236 117 1416 156 10—12.
1680 114 1783 167 237

173 232 286 288 τῶν
315 226 484 286 πάλαι
513 226 841 286 τεθνεώτων
861 226 956 297 τὰς
979 227 1158 302 ψυχας
1180 227 1588 287 ἀνακαλέσοιτο.
1634 234 1682 287 2.
1702 228 1784 288 ὅτι

175 313 244 386 δὴ
275 315 388 370 τῶν
419 316 472 380 ἐξ
504 316 703 379 αἰῶνος
743 308 1006 370 ἁπάντων
1047 311 1197 389 αὐτῷ
1227 316 1322 386 τῆς
1354 321 1628 386 σωτηρίας
1660 320 1784 387 ἔμε-

174 407 298 468 λεν,
340 398 430 454 καὶ
473 394 621 463 ὅπως
664 395 755 453 διὰ
797 402 895 453 τοῦ
934 395 1185 454 θανάτου
1227 395 1547 471 καταργήσῃ
1588 396 1684 455 τὸν
1723 397 1781 455 τὸ

172 479 369 554 κράτος
403 486 595 554 ἔχοντα
625 485 724 537 τοῦ
756 481 1042 553 θανάτου,
1091 473 1127 555 ᾗ
1158 479 1223 538 τὰ
1253 492 1384 539 θεῖα
1415 480 1666 539 παιδεύει
1697 481 1784 539 λό-

128 591 150 623 5
173 590 294 638 για,
334 563 624 622 κάνταῦθα
665 563 834 622 πάλιν
865 562 1063 638 ἀναμὶξ
1094 563 1261 640 ὑπῄει
1302 563 1403 637 τὴν
1442 571 1782 639 οἰκονομίαν,

174 649 247 716 ῶς
277 650 378 722 μὲν
419 646 716 723 ἅνθρωπος
766 648 825 706 τὸ
871 652 1028 722 σῶμα
1058 653 1124 724 τῇ
1167 647 1406 722 συνήθει
1437 653 1784 725 παραχωρῶν

171 737 339 808 ταφῇ,
371 731 676 806 ἀναχωρῶν
702 733 763 790 δὲ
794 730 969 791 αὐτοῦ
992 731 1064 798 ῶς
1094 731 1240 799 θεός.
1285 737 1333 789 3.
1359 733 1624 805 φωνήσας
1647 737 1785 806 γοῦν

172 820 311 890 μέγα
351 816 480 873 καὶ
484 813 580 874 τῶ
611 819 776 890 πατρὶ
795 823 1192 917 παρατίθεμαι
1223 815 1282 873 τὸ
1318 815 1555 890 πνεῦμα’
1560 816 1784 875 ἐίπων

171 899 372 974 ἄφετος
413 898 679 974 ἀνεχώρει
719 906 817 957 τοῦ
849 900 1124 974 σώματος,
1167 899 1423 973 οὐδαμῶς
1463 910 1782 975 περιμείνας

110 1012 152 1044 10
175 997 463 1060 προσεῖναι
496 983 648 1042 αὐτῶ
675 984 771 1042 τὸν
801 983 1069 1057 θανατον,
1100 987 1370 1057 μέλλοντα
1396 987 1456 1043 δε
1481 988 1573 1042 καὶ
1599 985 1782 1059 ῶσπερ

170 1066 552 1142 αποκνοῦντα,
584 1075 794 1142 μᾶλλον
820 1069 880 1126 δε
910 1065 1019 1127 υπὸ
1043 1069 1188 1126 πόδα
1212 1071 1499 1142 χωροῦντα
1523 1072 1615 1126 καὶ
1644 1092 1784 1127 απο-

170 1152 476 1227 φεύγοντα,
527 1114 746 1211 διώκων
776 1152 939 1220 αὐτὸς
970 1151 1208 1211 ὄπισθεν
1248 1155 1340 1210 καὶ
1376 1152 1656 1227 ἐλαύνων,
1687 1153 1782 1220 τάς

171 1261 230 1294 τε
263 1241 317 1305 ἐξ
348 1244 548 1304 αἰῶνος
579 1236 756 1304 πύλας
787 1243 900 1295 τῶν
931 1244 1167 1296 σκοτίων
1197 1243 1389 1311 μυχῶν
1423 1237 1781 1311 διαρρήγνύς,

173 1323 264 1377 καὶ
308 1337 420 1388 τοῖς
462 1320 660 1379 αὐτόθι
690 1336 908 1395 νεκροῖς
940 1335 1148 1395 σειραῖς
1179 1321 1430 1379 θανάτου
1471 1324 1785 1396 πεπεδημέ-

111 1434 150 1467 15
174 1429 292 1470 νοις
322 1412 698 1478 παλίντροπον
739 1408 836 1476 τῆς
880 1407 968 1462 ἐπὶ
998 1407 1100 1478 τὴν
1132 1405 1274 1477 ζωὴν
1319 1404 1527 1464 ἀνόδου
1556 1405 1657 1478 τὴν
1687 1429 1782 1464 πο-

174 1495 333 1561 ρειάν
362 1488 704 1562 ποιούμενος.
774 1493 822 1546 4.
856 1488 1028 1562 ταύτῃ
1061 1514 1143 1546 τοι
1175 1487 1323 1565 αὐτῷ
1358 1492 1449 1547 καὶ
1480 1489 1508 1547 5
1540 1490 1781 1556 τεθνεώς

172 1569 521 1646 ἀνηγείρετο,
575 1575 667 1629 καὶ
718 1573 893 1630 πολλὰ
945 1571 1169 1647 σώματα
1219 1576 1330 1630 τῶν
1371 1575 1782 1646 κεκοιμημένων

172 1656 349 1728 ἁγίων
369 1654 683 1728 ἀνίσταντο,
696 1655 1199 1715 συνεισελαύνοντα
1221 1654 1371 1733 αὐτῷ
1397 1664 1472 1723 εἰς
1495 1656 1597 1728 τὴν
1617 1654 1782 1730 ἁγίαν

173 1742 266 1796 καὶ
298 1736 370 1806 ῶς
401 1739 627 1812 ἀληθῶς
658 1738 1052 1814 ου’ρανόπολιν,
1087 1739 1159 1807 ὡς
1193 1739 1414 1807 εἰκότως
1440 1745 1500 1798 ἐν
1522 1755 1640 1807 ταῖς
1664 1748 1782 1799 θεί-

109 1852 150 1885 20
174 1848 258 1890 αις
288 1821 620 1897 ἆνειρῆσθαι
650 1839 864 1897 φωναῖς
888 1820 1184 1882 “κατε’πιεν
1207 1824 1234 1881 ὁ
1263 1823 1506 1892 θάνατος
1532 1824 1779 1898 ἰσχύσας,

174 1910 266 1964 καὶ
296 1906 464 1966 πάλιν
504 1905 734 1981 ἀφεῖλεν
775 1907 803 1965 5
834 1907 966 1975 θεὸς
1006 1913 1117 1966 πᾶν
1164 1907 1410 1983 δάκρυον
1441 1906 1546 1965 ἀπὸ
1578 1908 1781 1975 παντὸς

173 1989 531 2063 προσῶπου.”
607 1997 655 2050 5.
691 1995 783 2050 καὶ
815 1991 977 2059 αὐτὸς
1010 1994 1070 2050 δὲ
1101 1989 1128 2049 5
1160 1998 1272 2051 τῶν
1301 1992 1447 2051 ὅλων
1479 1993 1659 2067 σωτὴρ
1691 1996 1783 2050 καὶ

172 2074 360 2149 κύριος
390 2072 576 2150 ἡμῶν,
618 2073 644 2133 5
678 2070 912 2152 Χριστὸς
942 2080 1043 2134 τοῦ
1082 2083 1253 2150 θεοῦ,
1297 2077 1596 2151 νικηφόρος
1626 2076 1783 2150 λεγό-

171 2184 356 2233 μενος,
391 2164 450 2218 ἐν
479 2174 597 2226 ταῖς
621 2177 987 2234 προφητικαῖς
1012 2159 1385 2235 προρρήσεσιν
1411 2164 1783 2235 ἐπικερτομῶν

110 2274 151 2306 25
176 2243 450 2317 εἰσαγεται
480 2248 555 2321 τῷ
585 2243 844 2322 θανατω,
877 2247 968 2302 καὶ
999 2270 1095 2311 τας
1126 2244 1325 2303 αὐτόθι
1356 2244 1508 2303 λύων
1537 2251 1783 2318 πεπεδη-

174 2331 342 2400 μένας
369 2328 565 2401 ψυχὰς,
600 2327 672 2385 δι’
710 2321 789 2386 ῶν
811 2327 959 2387 τόν’
934 2337 1204 2388 επινίκιον
1226 2329 1405 2403 ὕμνον
1427 2332 1779 2431 προφέρεται,

174 2409 312 2470 αὐτα
346 2411 413 2484 δὴ
443 2418 614 2469 ταῦτα
646 2415 823 2485 λέγων
847 2409 945 2471 “ε’κ
984 2413 1163 2488 χειρὸς
1179 2410 1374 2472 ’Ἅιδου
1415 2412 1649 2487 ῥύσομαι
1680 2411 1778 2469 αὐ-

174 2493 329 2568 τοὺς,
361 2497 454 2552 καὶ
486 2499 546 2553 ἐκ
575 2495 826 2554 θανάτου
857 2497 1206 2571 λυτρῶσομαι
1239 2496 1425 2554 αὐτῶν
1457 2496 1552 2562 τὰς
1585 2495 1779 2569 ψυχας.

177 2582 284 2635 ποῦ
325 2597 456 2652 σου,
496 2578 734 2653 θάνατε,
779 2579 840 2638 τὸ
884 2595 1063 2651 νῖκος;
1116 2585 1223 2639 ποῦ
1265 2600 1394 2653 σου,
1436 2578 1679 2652 θάνατε,
1719 2577 1779 2637 τὸ

113 2693 154 2724 30
177 2663 434 2734 κέντρον;
475 2664 535 2720 τὸ
575 2665 636 2721 δὲ
666 2666 895 2738 κέντρον
931 2669 1032 2723 τοῦ
1060 2663 1310 2724 θανάτου
1352 2666 1501 2722 ἐστὶν
1539 2663 1573 2736 ἡ
1605 2660 1782 2738 ἆμαρ-

290 2801 315 2839 3
345 2799 462 2839 Heb.
487 2801 526 2850 2,
551 2801 618 2839 14.
803 2803 828 2842 8
860 2803 974 2842 Luc.
997 2804 1064 2853 23,
1087 2803 1156 2843 46.
1350 2803 1402 2842 16
1433 2802 1597 2844 Mattli.
1621 2802 1686 2852 27,
1712 2803 1779 2843 53.

177 2857 230 2895 20
262 2856 336 2896 Es.
362 2857 429 2905 25,
452 2857 491 2895 8.
664 2857 717 2896 27
748 2858 857 2900 Hos.
886 2860 950 2909 13,
975 2860 1043 2898 14.
1104 2860 1142 2897 1.
1167 2857 1269 2901 Cor.
1297 2859 1363 2910 15,
1390 2860 1457 2900 55.
