1992 3186
247 129 353 182 534
913 126 1162 168 EUSEBII

247 241 281 318 ὴ
313 248 412 302 τοῦ
447 241 663 314 Δανιὴλ
697 243 964 298 ἐντεῦθεν
986 247 1294 314 προφητεία
1317 240 1419 314 τὴν
1451 241 1733 348 καταρχὴν
1763 245 1856 316 τῆς

249 328 524 403 ἐκβάσεως
571 325 909 399 ἐλάμβανεν,
955 322 990 397 ῆ
1033 349 1092 382 τε
1137 323 1429 397 φάσκουσα
1472 323 1617 384 “οἰπό
1664 325 1856 395 ἐξόδου

249 413 418 486 λόγου
448 417 547 468 τοῦ
589 408 964 484 ἀποκριθῆναι
1009 411 1102 466 καὶ
1142 413 1243 466 τοῦ
1274 415 1632 486 οἰκοδομῆσαι
1655 410 1857 485 Ιερου-

250 493 467 570 σαλήμ”·
518 498 610 553 καὶ
643 492 716 552 δι’
759 495 823 568 ῆς
871 504 1077 569 εἴρηται
1115 489 1260 566 “ἐγω
1293 495 1511 569 Δανιὴλ
1550 499 1765 568 συνῆκα
1799 499 1857 554 ἐν

138 607 211 648 (369
194 611 224 646 6)
247 596 365 649 ταῖς
398 586 612 654 βίβλοις
642 577 740 637 τόν
769 577 1013 652 ἀριθμὸν
1051 581 1163 636 τῶν
1195 582 1359 651 ἐτῶν,
1401 576 1459 679 (Ιὶς
1493 580 1733 654 ἐγενήθη
1765 581 1899 638 λό-5

247 691 342 739 γος
384 672 584 740 κυρίου
625 663 761 738 πρὸς
794 660 1060 736 Ιερεμίαν
1098 662 1195 720 τὸν
1234 662 1551 737 προφήτην,
1601 671 1677 731 εἰς
1716 686 1859 740 συμ-

247 749 535 825 πλήρωσιν
560 748 883 824 ἐρημωσεως
901 744 1274 822 Ῑερουσαλὴμ,
1303 747 1726 823 ἐβδομήκοντα7
1706 756 1814 822 ε’τη.

249 839 330 892 85.
364 859 502 892 κατα
539 839 679 907 γοῦν
718 832 778 890 τὸ
810 831 1076 907 δεύτερον
1107 839 1222 900 ἔτος
1253 841 1501 908 Δαρείου
1541 829 1574 906 ὴ
1607 833 1860 907 συμπλή-

248 937 415 994 ρωσις
445 923 540 992 τῆς
574 921 1209 992 ἑβδομηκονταετηρίδος
1249 914 1636 976 ἀποδέδεικται
1666 941 1861 993 περαι-

250 1015 490 1076 ωθεῖσα,
534 1003 671 1060 ω’στε
714 1006 767 1071 ἐξ
806 1001 1048 1068 άπαντος
1090 1000 1362 1076 ἄρχεσθαι
1406 1007 1526 1060 δεῖν
1565 1002 1707 1076 ἡμας
1746 1027 1860 1061 των
1882 1028 1922 1059 10

252 1087 631 1162 ἑβδομήκοντα
662 1085 991 1160 ἑβδομάδων
1014 1084 1121 1143 ἀπὸ
1145 1090 1240 1158 τῆς
1274 1089 1566 1160 ἑξηκοστῆς
1586 1089 1678 1145 καὶ
1703 1091 1859 1161 ἕκτης

244 1170 610 1246 Ὀλυμπιάδος
652 1175 745 1230 καὶ
786 1168 892 1228 άπὸ
937 1172 1201 1245 δευτέρου
1233 1177 1387 1237 ἔτους
1417 1178 1695 1246 Δαρείου,
1731 1176 1792 1230 ἐν
1817 1173 1858 1249 ςὸ

247 1282 314 1314 τα
343 1261 438 1329 τῆς
479 1259 772 1330 οἰκοδομῆς
813 1259 1150 1329 περαιοῦται.
1226 1260 1308 1313 86.
1345 1259 1612 1314 ἐντευθεν
1641 1260 1779 1329 γοῦν
1813 1262 1863 1313 εἰ

247 1341 375 1409 τοὺς
407 1345 707 1415 ἑπομένους
748 1339 980 1414 χρόνους
1011 1337 1408 1414 ἀριθμήσειας,
1457 1363 1636 1415 ευροις
1668 1337 1738 1398 ἂν
1770 1337 1857 1398 ἐπ’

202 1449 225 1480 b
250 1425 420 1484 αὐτὸν
455 1425 714 1527 Ηρεόδην
763 1423 1043 1499 μόναρχόν
1092 1449 1151 1482 τε
1183 1421 1467 1498 Ῥωμαίων
1508 1424 1857 1498 Αὔγουστον,
1883 1447 1923 1480 15

248 1508 382 1569 καθ’
417 1535 513 1578 ους
544 1507 578 1583 ὴ
609 1513 707 1569 τοῦ
737 1516 981 1583 σωτῆρος
1012 1508 1170 1583 ἡμῶν
1202 1513 1444 1582 ἐπέφανε
1473 1534 1548 1587 τῳ
1574 1516 1679 1587 βίω
1710 1512 1861 1582 γε’νε-

249 1613 363 1667 σις,
408 1594 475 1652 τά
518 1595 841 1668 τετρακόσια
886 1591 1227 1667 ογδοήκοντα
1271 1600 1396 1669 τρία
1442 1600 1562 1668 ἔτη,
1617 1600 1679 1652 αί
1720 1600 1861 1652 εἰσιν

249 1678 383 1737 ἑπτά
414 1683 505 1737 καὶ
540 1679 804 1752 ἑξήκοντα
838 1677 939 1737 δύο
971 1678 1296 1753 ἑβδομάδες,
1327 1677 1479 1736 κατὰ·
1493 1679 1596 1752 τὴν
1625 1685 1722 1736 τοῦ
1746 1689 1861 1737 Δα-

249 1764 377 1836 νιὴλ
407 1771 753 1839 προφητείαν
783 1762 1214 1839 περιοριζόμενα.
1258 1769 1340 1821 87.
1367 1757 1474 1821 άπὸ
1497 1763 1602 1837 γὰρ
1625 1769 1722 1835 τῆς
1745 1765 1860 1834 ἑξη-

251 1855 448 1922 κοστῆς
501 1852 592 1906 καὶ
644 1853 801 1921 ἕκτης
849 1845 1215 1922 Ὀλυμπιάδος
1270 1850 1358 1904 ἐπὶ
1408 1847 1509 1919 τὴν
1560 1844 1861 1918 ἑκατοστὴν
1883 1871 1922 1904 20

250 1930 627 2006 ὀγδοηκοστὴν
651 1937 814 2005 ἕκτην
831 1939 1080 2004 γίνονται
1106 1929 1470 2003 Ὀλυμπιάδες
1501 1929 1699 2003 μεταξύ
1734 1933 1862 1988 ἑκα-

180 2055 187 2058 -
250 2017 347 2074 τὸν
380 2027 552 2074 εἴκοσι
582 2023 707 2089 μία,
756 2024 848 2087 ἔτη
877 2013 1199 2087 τετρακόσια
1230 2013 1568 2087 ὀγδοήκοντα
1599 2018 1859 2089 τέσσαρα,

251 2107 568 2173 τετραετίαν
598 2104 694 2172 τῆς
716 2098 1084 2172 Ὀλυμπιάδος
1118 2098 1447 2173 ἐπεχούσης,
1481 2098 1611 2157 καθ’
1647 2095 1714 2157 ὃν
1745 2123 1860 2156 και-

211 2219 228 2242 e
253 2184 351 2257 ρὸν
391 2182 713 2257 Αὔγουστος
745 2182 1026 2256 Ρωμαίων
1063 2183 1321 2255 βασιλεὺς
1366 2185 1860 2242 πεντεκαιδέκατον

250 2276 366 2335 ἐτος
396 2272 491 2341 τῆς
532 2274 815 2341 βασιλείας
859 2270 1070 2341 ἐπέχων
1101 2266 1392 2339 Αἰγύπτου
1423 2282 1615 2340 κρατεῖ
1641 2270 1733 2324 καὶ
1762 2273 1858 2338 τῆς
1882 2291 1923 2324 25

250 2356 442 2425 λοιπῆς
473 2354 828 2426 οἰκουμένης,
869 2348 972 2425 ὑφ’
1007 2354 1073 2409 οὐ
1105 2375 1316 2425 πρωτος
1355 2351 1667 2425 ἀλλόφυλος
1690 2349 1859 2422 εΗρω-

253 2442 351 2511 δης
380 2437 483 2510 τὴν
505 2462 616 2496 των
639 2436 927 2495 Ἰουδαίων
951 2440 1301 2511 ἐγχειρίζεται
1325 2442 1632 2509 βασιλείαν,
1664 2439 1861 2508 γεννᾶ-

251 2547 338 2578 ται
381 2523 441 2579 δὲ
479 2518 507 2579 ὁ
540 2522 722 2596 σωτὴρ
763 2524 854 2579 καὶ
895 2520 1084 2595 κύριος
1122 2520 1281 2594 ἡμῶν
1313 2520 1522 2594 Ἰησοῦς
1566 2519 1595 2578 ὁ
1627 2518 1859 2593 Χριστὸς

249 2609 349 2664 τοῦ
387 2612 554 2678 θεοῦ,
599 2606 735 2664 κατὰ
774 2605 834 2664 τὸ
876 2603 1008 2663 αὐτὸ
1042 2603 1461 2679 συντρεχόντων
1500 2607 1613 2662 τῶν
1643 2601 1859 2677 χρόνων

248 2696 344 2761 τῆς
395 2693 665 2762 γενέσεως
725 2690 896 2748 αὐτοῦ
959 2693 1050 2747 καὶ
1102 2694 1198 2762 τῆς
1250 2687 1697 2763 συμπληρωσεως
1748 2690 1859 2744 τῶν
1881 2710 1922 2742 30

250 2773 398 2844 παρὰ
420 2781 494 2850 τῷ
526 2773 743 2847 Δανιὴλ
778 2776 912 2832 ἑπτα
945 2777 1034 2832 καὶ
1069 2773 1331 2846 ἐξήκοντα
1365 2772 1467 2830 δύο
1501 2770 1854 2845 ἑβδομάδων·

244 2856 377 2930 μεθ’
408 2855 471 2922 ἃς
499 2861 831 2932 διῃρημένης
855 2861 947 2916 καὶ
969 2857 1186 2933 μακράν
1210 2857 1700 2931 ἀπεσχοινισμένης
1725 2852 1860 2928 μετὰ
