1992 3186
248 120 354 171 240
922 77 1169 160 E‘nsnssn

248 260 361 294 των
384 232 489 292 “οὐ
522 240 712 308 χρείαν
743 241 964 307 ἔχουσιν
995 239 1052 290 οἰ
1079 232 1360 307 ἰσχύοντες
1393 237 1603 308 ἰατροῦ,
1635 230 1772 290 ἀλλά
1803 237 1860 291 οἱ

250 323 429 385 κακῶς
469 325 708 391 ἔχοντες·
775 315 879 374 οὐκ
923 309 1100 389 ἦλθον
1141 321 1366 375 καλέσαι
1409 323 1685 389 δικαίους,
1727 314 1851 374 ἀλλῗ

249 402 605 477 ἁμαρτωλοὺς
651 407 728 468 εἰς
759 399 1118 474 μετάνοιαν;”
1184 406 1232 458 4.
1268 400 1446 458 ἐκάλει
1491 405 1628 473 δῆτα
1658 398 1687 458 ὃ
1719 401 1855 459 πάν·

248 512 360 544 των
382 484 562 559 σωτὴρ
584 481 784 542 “δεῦτε
807 484 1034 558 (λέγων)
1057 484 1192 558 πρός
1211 509 1278 558 με
1309 484 1508 551 πάντες
1537 491 1595 543 οἱ
1621 489 1854 543 κοπιῶν·

248 595 335 637 τες
367 572 457 626 καὶ
488 572 934 642 πεφορτισμένοι,
967 566 1117 641 κάγώ
1148 565 1455 626 ἀναπαύσω
1485 565 1682 641 ὑμᾶς.”
1734 568 1852 626 ἐκά-
1877 592 1897 625 5

249 663 331 712 λει
365 656 453 710 καὶ
497 656 614 710 ἰᾶτο
654 651 919 726 ἀφθόνως
963 651 1040 709 δι’
1091 650 1334 727 ὀργάνου
1364 644 1434 710 οὗ
1477 655 1856 727 προυβέβλητο

247 736 651 811 ἀνθρωπίνου,
692 734 782 794 0ἷά
822 761 902 803 τις
943 735 1204 810 μουσικὸς
1247 735 1387 811 ἀνὴρ
1432 735 1523 793 διὰ
1561 741 1656 809 τῆς
1689 736 1857 808 λύρας

249 820 349 893 τὴν
380 828 584 894 σοφίαν
617 821 1087 894 ἐπιδεικνύμενος,
1121 823 1209 878 καὶ
1245 819 1539 887 νοσούσαις
1570 844 1632 894 γε
1656 833 1858 894 ψυχαῖς

249 920 366 974 ταῖς
422 910 482 963 ἐν
522 904 806 978 σώμασιν,
858 903 948 963 οἷά
998 931 1078 972 τις
1130 908 1333 979 ἰατρῶν
1381 903 1602 978 ἄριστος
1656 925 1857 978 συγγε-

248 1006 340 1048 νεῖ
375 992 465 1047 καὶ
507 988 830 1067 καταλλήλῳ
871 989 1185 1063 βοηθήματι
1215 987 1311 1047 τὸν
1342 987 1646 1063 ἄνθρωπον
1682 1000 1855 1063 θερα-
1883 1014 1921 1044 10

249 1073 468 1147 πεύων,
521 1073 682 1141 αὐτός
723 1099 782 1132 τε
823 1072 1023 1131 ἑαυτὸν
1071 1073 1380 1147 ὑπόδειγμα
1430 1072 1724 1146 πανσόφου
1766 1075 1857 1130 καὶ

249 1160 561 1232 παναρέτου
634 1160 727 1214 καὶ
803 1155 1069 1230 εὐσεβοῦς
1124 1164 1411 1231 παρείχετο
1473 1163 1630 1230 βίου,
1701 1157 1858 1214 διδά-

141 1266 231 1307 (169)
251 1262 401 1300 σκων
431 1243 533 1314 μὲν
563 1240 629 1298 τά
668 1241 853 1314 ἀληθῆ
891 1238 959 1298 οὐ
990 1239 1123 1313 παρ’
1169 1244 1372 1315 ἑτέρων
1400 1239 1770 1315 ἠρανισμένα,
1805 1245 1858 1309 ἐξ

250 1324 421 1383 αὐτοῦ
463 1326 524 1382 δὲ
563 1328 656 1383 καὶ
698 1326 847 1400 παρὰ
887 1329 986 1383 τοῦ
1016 1325 1217 1398 πατρὸς
1248 1325 1312 1383 τὰ
1347 1328 1514 1382 πάλαι
1546 1327 1636 1382 καὶ
1671 1327 1730 1382 ἐκ
1759 1349 1857 1398 μα-

250 1414 385 1485 κροῦ
425 1412 524 1466 τοῦ
567 1413 767 1477 αἰῶνος
811 1424 924 1476 τοῖς
965 1406 1244 1467 ἀνέκαθεν
1283 1412 1573 1482 θεοφιλέσι
1613 1411 1703 1466 καὶ
1744 1422 1857 1475 τοῖς
1882 1431 1920 1464 15

249 1492 355 1567 πρὸ
389 1495 638 1559 Μωσέως
661 1492 934 1567 Ἑβραίοις
959 1496 1465 1567 νενομοθετημένα
1513 1497 1560 1550 5.
1588 1491 1859 1567 σωμάτων

252 1579 311 1634 δε
355 1576 456 1651 οὐχ
499 1579 664 1650 ἡττον
694 1574 727 1651 ἢ
768 1581 964 1651 ψυχῶν
996 1577 1411 1651 ἐπιμελόμενος,
1454 1579 1546 1634 καὶ
1578 1590 1859 1651 σαρκικοῖς

249 1687 350 1734 μεν
391 1659 712 1736 ἀνθρώπων
749 1659 1063 1735 ὀφθαλμοῖς
1103 1687 1167 1718 τα
1211 1660 1302 1719 διὰ
1342 1665 1436 1734 τῆς
1475 1659 1676 1735 σαρκὸς
1709 1659 1860 1717 αὐτω

252 1745 510 1819 δρώμενα
540 1744 974 1819 παρασκευάζων
1003 1742 1172 1819 ὁρᾶν,
1214 1743 1405 1812 ἀκοαῖς
1438 1746 1500 1802 δὲ
1530 1743 1698 1801 πάλιν
1729 1761 1858 1816 σαρ-

250 1828 342 1895 κὸς
372 1827 466 1895 τάς
499 1829 590 1887 διὰ
620 1828 862 1902 γλώττης
891 1831 981 1887 καὶ
1005 1828 1205 1903 σαρκὸς
1225 1826 1455 1902 ὑπηχῶν
1479 1833 1856 1900 διδασκαλίας,
1882 1853 1921 1885 20

203 1937 225 1969 b
250 1915 342 1970 καὶ
374 1912 552 1971 πάντα
583 1938 646 1985 γε
688 1916 954 1971 ἐπιτελῶν
997 1910 1073 1969 δι’
1107 1937 1174 1970 ου
1213 1911 1515 1984 ἀνείληφεν
1549 1909 1856 1985 ἀνθρώπου

250 2011 363 2066 τοῖς
394 1998 498 2054 οὐκ
528 1995 705 2063 ἄλλως
745 1994 779 2070 ἢ
809 1995 990 2069 μόνως
1032 1995 1206 2062 οὕτως
1237 1999 1331 2068 τῆς
1371 1993 1544 2053 αὐτοῦ
1554 1995 1858 2097 θειότητος

144 2081 665 2150 [108]συναισθε’σθαι
699 2082 1044 2152 δυναμένοις.
1117 2085 1164 2138 6.
1198 2084 1368 2137 ταῦτα
1411 2078 1478 2152 δὴ
1510 2082 1612 2138 οὐν
1641 2078 1858 2137 ἅπαντα

252 2170 329 2230 εἰς
368 2163 428 2220 τὸ
466 2162 734 2237 χρήσιμον
777 2166 868 2220 καὶ
909 2166 1079 2220 πᾶσιν
1117 2161 1252 2236 ἡμῖν
1297 2161 1578 2237 ωφέλιμον
1617 2160 1646 2221 ὁ
1677 2163 1856 2222 πάντα

251 2245 650 2321 φιλάνθρωπος
680 2271 777 2304 του
807 2253 947 2305 θεοῦ
978 2245 1135 2319 λόγος
1166 2262 1283 2313 ταῖς
1306 2262 1595 2322 πατρικαῖς
1626 2254 1857 2320 βουλαῖς
1880 2266 1920 2300 25

253 2337 591 2403 διηκονεῖτο,
621 2333 808 2431 με’νων
839 2329 1005 2388 πάλιν
1036 2329 1200 2397 αὐτὸς
1231 2330 1397 2398 αυλος
1428 2334 1519 2389 και
1553 2329 1856 2404 ἀσώματος,

251 2412 363 2482 οἷος
396 2418 487 2472 καὶ
531 2413 638 2489 πρὸ
668 2419 767 2472 τοῦ
798 2438 946 2488 παρα
985 2419 1060 2491 τῷ
1092 2417 1255 2488 πατρὶ
1297 2408 1500 2487 ἦν,οὐ
1533 2414 1859 2488 μεταβαλων

249 2497 351 2571 τὴν
381 2496 608 2571 ουσίαν,
649 2496 777 2556 οὐδ’
823 2498 1156 2572 ἀφανισθεὶς
1187 2503 1280 2570 τῆς
1311 2491 1471 2565 αύτος
1513 2522 1714 2556 εαυτου
1747 2499 1860 2572 φύ-

251 2600 423 2655 σεως,
464 2581 602 2640 οὐδέ
648 2607 712 2655 γε
762 2598 875 2650 τοῖς
925 2586 1018 2655 τῆς
1068 2582 1267 2657 σαρκὸς
1309 2589 1529 2656 δεσμοῖς
1571 2585 1857 2656 πεδηθεὶς,

252 2665 385 2723 οὐδὲ
416 2664 714 2724 ἀποπεσων
742 2671 836 2740 τῆς
866 2667 1155 2740 θεότητος,
1187 2664 1315 2724 ἀλλ’
1349 2666 1483 2725 οὐδὲ
1513 2665 1614 2740 τὴν
1645 2673 1855 2725 οἰκείαν
1877 2689 1918 2724 30

367 2860 388 2897 1
421 2859 587 2899 Matth.
611 2861 650 2909 9,
677 2861 741 2903 12.
916 2862 944 2900 4
973 2860 1139 2901 Matth.
1165 2863 1230 2912 11,
1254 2862 1322 2901 28.
