1992 3186
230 125 333 178 236
904 125 1150 166 EUSEBn

231 243 324 298 καὶ
354 239 640 315 ἀσώματος
673 243 1013 312 ἐπιστατοίη,
1056 237 1243 306 αὐτοῖς
1275 241 1338 298 δὲ
1367 242 1567 314 σαρκὸς
1597 240 1837 316 ὄμμασιν

229 322 524 399 ὁρώμενος,
555 323 876 399 ἀνθρώπων
898 347 957 380 τε
986 321 1298 398 ὀφθαλμοῖς
1322 327 1411 382 καὶ
1443 322 1585 400 ὑπὲρ
1616 325 1836 400 ἅνθρω-

231 431 337 466 πον
367 415 819 483 θαυματουργίας
849 410 1105 481 παρέχων
1133 404 1299 483 ὁρᾶν,
1340 412 1431 466 καὶ
1473 412 1697 484 προσέτι
1727 410 1838 468 σώ-

231 517 397 566 ματος
440 491 630 559 ἀκοαῖς
670 492 765 559 τὰς
809 491 900 549 διὰ
930 490 1170 565 γλώττης
1211 494 1301 549 καὶ
1334 497 1524 566 φωνῆς
1557 493 1837 568 ἐνάρθρου

231 577 576 650 παραδιδοὺς
621 581 1008 648 διδασκαλίας,
1061 575 1224 633 θεῖόν
1273 600 1332 634 τε
1373 575 1445 643 ὦς
1491 576 1714 650 ἀληθῶς
1746 581 1880 636 καὶὸ

230 659 545 733 παράδοξον
575 667 783 735 χρῆμα,
828 657 949 718 οἷον
979 658 1101 717 οὐδ’
1138 659 1272 717 ἄλλο
1304 684 1389 717 πω
1421 662 1598 734 φανὲν
1628 686 1841 736 μνημο-

229 742 468 817 νεύεται,
502 743 776 817 σωτήριόν
798 768 855 802 τε
878 741 1018 818 ὁμοῦ
1039 746 1130 800 καὶ
1155 742 1504 818 εὐεργετικὸν
1525 758 1639 813 τοῖς
1670 750 1841 804 πᾶσιν

231 826 395 894 αὐτὸς
439 827 638 886 ἑαυτὸν
682 829 1119 903 ἐνδεικνύμενος.
1188 833 1268 886 19.
1303 826 1447 886 οὕτω
1482 833 1618 902 δῆτα
1648 829 1677 887 ὁ
1709 829 1840 896 θεὸς

229 911 257 969 ὁ
289 913 447 985 λόγος
489 912 610 979 υἱὸς
640 911 948 988 ἀνθρώπου
981 915 1222 985 ἐλέγετο,
1267 915 1358 970 καὶ
1383 912 1591 986 Ἰησοῦς
1623 912 1840 988 ὠνομά-

232 1004 375 1068 ζετο,
408 994 543 1069 παρ’
576 995 709 1055 ὅσον
739 1001 835 1070 τῆς
865 1001 978 1055 τών
1008 994 1387 1071 ἀνθρωπίνων
1417 1002 1612 1071 ψυχῶν
1645 996 1839 1066 ἰάσεώς
1863 1019 1903 1050 10

181 1115 199 1136 c
229 1105 287 1138 τε
319 1083 410 1137 καὶ
441 1088 744 1155 θεραπείας
786 1080 949 1156 χάριν
987 1082 1091 1154 τὴν
1122 1079 1368 1154 πάροδον
1382 1087 1478 1148 ἐἰς
1517 1080 1658 1155 ἡμᾶς
1688 1086 1839 1140 ἐποι-

232 1179 358 1221 εῖτο.
429 1165 611 1239 σωτὴρ
653 1163 713 1222 δ’
755 1158 858 1223 οὖν
888 1168 980 1223 καὶ
1020 1163 1149 1239 παρ’
1177 1163 1448 1239 Ἑβραίοις
1482 1165 1842 1239 ἑρμηνεύεται

230 1246 263 1321 ἡ
287 1251 390 1305 τοῦ
411 1247 590 1321 Ἰησοῦ
609 1255 963 1325 προσηγορία.
1006 1248 1102 1315 τάς
1125 1272 1184 1306 τε
1207 1247 1395 1316 κοινάς
1425 1246 1558 1323 ἡμῖν
1576 1249 1842 1324 ὑπέμεινε

233 1332 538 1405 διατριβὰς,
570 1330 828 1407 οὐδαμῶς
847 1335 950 1407 μὲν
981 1338 1078 1391 τοῦ
1111 1334 1253 1391 εἶναι
1282 1331 1341 1400 ὃς
1373 1331 1443 1406 ἣν
1477 1333 1840 1408 ἐξιστάμενος,

229 1415 367 1489 ὁμοῦ
397 1417 458 1473 δὲ
491 1419 550 1474 ἐν
580 1421 654 1493 τῷ
685 1416 969 1495 ἀνθρώπῳ
1002 1417 1299 1490 φυλάττων
1322 1415 1418 1474 τὸν
1438 1417 1588 1476 θεόν.
1631 1423 1715 1476 20.
1744 1416 1836 1476 εύ-
1863 1436 1904 1469 1⁵

196 1530 201 1533 ’
230 1500 336 1566 θύς
367 1505 663 1575 τοιγαροῦν
696 1504 783 1559 ἐπὶ
814 1505 910 1574 τῆς
941 1500 1160 1576 πρώτης
1193 1507 1270 1567 εἰς
1305 1498 1641 1573 ἀνθρώπους
1672 1527 1840 1560 κατα-

230 1587 397 1656 βολῆς
441 1588 519 1660 τῷ
568 1589 684 1663 θεῷ
725 1590 821 1659 τῆς
860 1582 1126 1660 ἡμετέρας
1177 1588 1446 1659 γενέσεως
1490 1585 1592 1659 τὴν
1639 1593 1841 1645 ἔνθεον

229 1670 502 1744 ἄνακιρνᾷ
531 1678 960 1745 μεγαλουργιάν,
991 1668 1307 1743 τικτόμενος
1324 1671 1426 1743 μὲν
1456 1669 1590 1743 ἡμῖν
1617 1670 1838 1743 ὁμοίως,

230 1755 321 1809 καὶ
353 1759 567 1826 θνητοῦ
612 1759 776 1827 δίκην
815 1753 1120 1828 ἄνθρωπον
1151 1751 1622 1827 άμφιεννύμενος·
1667 1753 1740 1822 ὦς
1780 1754 1832 1811 δ’

229 1834 413 1894 οὐκέτι
444 1835 774 1911 ἅνθρωπος,
807 1836 944 1896 ἄλλα
975 1836 1133 1909 θεὸς,
1169 1840 1222 1904 ἐξ
1253 1834 1527 1910 άχράντου
1559 1840 1650 1895 καὶ
1680 1836 1835 1896 άπει-
1861 1856 1901 1888 20

231 1919 476 1994 ρογάμου
507 1921 703 1995 κόρης,
746 1921 872 1994 οὐχὶ
906 1923 964 1979 δὲ
1008 1926 1067 1978 ἐκ
1096 1924 1296 1994 μίξεως
1338 1922 1430 1978 καὶ
1461 1928 1705 1995 φθορᾶς,
1737 1921 1839 1997 τὴν

184 2025 205 2057 d
230 2009 327 2061 τοῦ
353 2008 694 2077 φαινομένου
724 2008 943 2077 γένεσιν
972 2003 1357 2078 ὑφιστάμενος.

356 2088 447 2144 XI.
489 2090 598 2145 Καὶ
641 2088 736 2145 τὸν
779 2091 901 2160 ἑξῆς
942 2090 1002 2145 δὲ
1043 2088 1335 2161 σύμπαντα
1377 2096 1502 2162 βίον
1543 2088 1714 2163 ταύτῃ
1760 2114 1836 2162 πη

233 2173 488 2244 διετέλει,
521 2173 640 2229 τοτὲ
670 2173 773 2245 μὲν
802 2172 905 2245 τὴν
933 2171 1069 2246 πρὸς
1098 2171 1237 2246 ἡμᾶς
1267 2170 1685 2247 ὁμοιοπάθειαν,
1717 2175 1837 2231 τοτὲ

231 2255 293 2312 δὲ
323 2253 419 2313 τὸν
449 2255 586 2313 θεὸν
617 2255 782 2328 λόγον
810 2255 1162 2329 ὑποφαίνων,
1195 2262 1591 2331 μεγαλουργῶν
1611 2259 1701 2314 καὶ
1734 2281 1833 2314 πα-
1858 2283 1899 2315 25

231 2342 608 2413 ραδοξοποιών
649 2337 721 2406 ώς
762 2339 920 2412 θεὸς,
965 2343 1057 2397 καὶ
1095 2366 1205 2398 των
1245 2341 1560 2415 μελλόντων
1605 2347 1836 2399 ἔσεσθαι

121 2448 210 2489 (166)
232 2445 657 2496 προαναφωνων
686 2448 782 2491 τας
812 2424 1169 2525 προρρήσεις,
1211 2428 1303 2482 καὶ
1333 2423 1429 2483 τὸν
1459 2423 1530 2498 μὴ
1562 2438 1674 2491 τοῖς
1705 2434 1836 2482 πολ-

126 2534 213 2575 [106]
233 2516 348 2574 λοῖς
379 2503 664 2582 ὁρώμενον
703 2508 840 2567 θεὸν
881 2508 1046 2582 λόγον
1075 2524 1188 2576 τοις
1222 2515 1399 2583 ἔργοις
1429 2507 1690 2582 ἄντικρυς
1723 2513 1834 2566 ἐπι-

232 2590 617 2665 δεικνύμενος,
663 2592 844 2650 εἰκότα
877 2594 936 2650 δε
967 2595 1059 2650 καὶ
1089 2590 1246 2666 ὅμοια
1275 2606 1393 2658 ταῖς
1425 2590 1616 2665 ἀρχαῖς
1647 2596 1739 2649 καὶ
1769 2614 1835 2650 τα

229 2677 356 2748 τέλη
387 2673 539 2753 αύτῷ
566 2683 661 2749 τῆς
703 2680 754 2745 ἐξ
785 2674 1104 2752 ἀνθρώπων
1134 2676 1450 2748 ἀπαλλαγῆς
1493 2679 1828 2751 ἐνεχειρεῖτο.
1856 2701 1898 2733 30

367 2771 469 2818 ΧΠ.
515 2763 625 2817 Καὶ
666 2760 768 2834 γὰρ
811 2763 967 2834 μέχρι
997 2759 1247 2818 θανάτου
1279 2762 1368 2816 καὶ
1401 2757 1586 2818 αύτών
1617 2764 1832 2834 νεκρῶν

231 2847 288 2898 οἶ
313 2846 407 2914 τῆς
429 2851 856 2919 φιλανθρωπίας
880 2842 1050 2902 αὐτὸν
1074 2842 1308 2901 ἐκάλουν
1327 2843 1505 2918 νόμοι,
1539 2843 1610 2911 ὥς
1641 2841 1710 2902 ἂν
1741 2846 1832 2901 καὶ
