1992 3186
530 103 839 148 DEMONST.
866 104 1087 149 EVANG.
1118 105 1246 147 VIII.
1280 107 1319 146 1.
1631 103 1736 157 509

129 225 188 277 αἱ
213 230 366 278 θεῖαι
398 217 686 291 δυνάμεις,
719 224 777 276 οἵ
801 242 860 275 τε
893 222 980 277 ἐπὶ
1010 225 1109 293 γῆς
1133 218 1425 277 ἀπόστολοι
1451 222 1542 276 καὶ
1575 218 1735 294 εὐαγ-

129 305 404 377 γελισταὶ,
437 304 530 359 καὶ
559 301 694 376 μετὰ
722 301 949 371 τούτους
989 301 1225 371 ἅπαντες
1256 309 1312 361 οὗ
1340 307 1391 372 ἐξ
1435 308 1620 362 ἐθνῶν
1653 303 1729 361 δι’

130 386 299 446 αὐτοῦ
329 387 426 444 τὸν
457 389 555 444 ἕνα
586 388 676 444 καὶ
707 386 880 459 μόνον
909 385 1092 461 ἀληθῆ
1116 389 1324 462 πατέρα
1346 386 1485 446 θεὸν
1515 392 1735 463 ἐπιγρα-

128 470 390 545 ψάμενοι,
422 476 622 537 οἵτινες
654 471 792 528 θεὸν
823 471 989 545 λόγον
1018 470 1150 529 ὄντα
1179 472 1275 530 τὸν
1293 471 1534 547 Χριστὸν
1562 495 1737 546 μεμα-

84 554 361 628 5θηκότες
413 551 485 622 ὡς
540 554 676 613 θεὸν
719 569 1057 628 προσκυνεῖν
1109 553 1280 613 αὐτὸν
1319 555 1732 629 ὁμολογοῦνται.

129 644 212 697 63.
245 636 366 696 ἀλλ’
414 642 531 696 ἐπεὶ
575 642 740 713 ἐχρῆν
781 642 872 696 καὶ
901 639 967 697 τὰ
996 643 1091 712 τῆς
1134 642 1403 712 γενέσεως
1443 637 1617 698 αὐτοῦ
1644 642 1734 698 καὶ
1760 664 1852 705 (378)

126 722 319 803 τάιτοῦ
350 722 603 781 θανάτου
643 722 916 798 μυστήρια
956 730 1025 796 τῇ
1057 726 1182 798 περὶ
1225 721 1395 780 αὐτοῦ
1427 731 1737 800 προφητεία
1761 747 1850 790 [235]

128 814 592 881 συμπεριλαβεῖν,
627 806 848 874 εἰκότως
879 805 1014 881 μετὰ
1043 805 1109 864 τὰ
1139 810 1509 882 προειρημένα
1539 816 1735 866 θεσπί-

129 898 235 960 ζων
275 887 303 948 6
340 889 532 964 Ἰακὼβ
575 893 811 964 ἐπιλέγει
842 889 1122 963 ς’σκύμνος
1163 894 1380 958 λέοντος
1415 889 1616 949 Ἰούδα·
1677 896 1736 949 ἐκ

65 999 106 1032 10
129 978 374 1048 βλαστοῦ
412 979 504 1032 υἰέ
538 999 646 1048 μου
690 972 920 1048 ἀνέβης,
967 972 1264 1032 ἀναπεσὼν
1319 975 1617 1049 ἐκοιμήθης
1664 975 1736 1043 ὡς

127 1062 272 1118 λέων
309 1061 400 1116 καὶ
443 1083 518 1125 ως
559 1057 832 1132 σκύμνος,
873 1065 955 1125 τίς
989 1062 1169 1133 ἐγερεῖ
1196 1056 1435 1129 αυτόν;”
1489 1059 1737 1132 σκύμνον

126 1167 228 1216 μεν
259 1167 363 1200 ουν
394 1144 612 1209 λέοντος
644 1141 812 1200 αὐτὸν
853 1140 1102 1216 ὀνομάζει
1136 1143 1227 1200 διὰ
1267 1141 1326 1200 τὸ
1361 1146 1418 1200 ἐκ
1449 1146 1736 1228 βασιλικῆς

129 1225 299 1284 αὐτὸν
341 1229 630 1300 γεγονέναι
670 1232 866 1300 φυλῆς
940 1232 1022 1285 64.
1059 1230 1117 1284 ἐκ
1148 1229 1456 1301 σπέρματος
1497 1233 1638 1300 γοῦν
1668 1229 1739 1300 ἠν

126 1312 227 1368 τοῦ
256 1313 446 1383 Ααβὶδ
486 1309 622 1367 κατὰ
663 1309 854 1384 σάρκα.
918 1309 1020 1368 “ε’κ
1050 1317 1293 1383 βλαστοῦ
1326 1313 1386 1368 δὲ
1417 1308 1618 1384 ἀνέβης
1649 1313 1740 1368 υἰέ
1762 1335 1783 1367 b

65 1417 122 1450 15
128 1391 254 1466 μου’
260 1391 492 1468 ’φησὶν,
512 1397 780 1469 ἐπείπερ’
754 1419 812 1452 εκ
837 1396 1143 1468 σπέρματος
1167 1398 1260 1453 καὶ
1285 1400 1434 1469 ρίζης
1452 1399 1549 1453 τοῦ
1566 1399 1738 1453 ταῦτα

127 1483 668 1579 προαναφωνοῦντος
696 1475 889 1551 Ἰακώβ
921 1475 1128 1551 ἀνέφυ,
1171 1477 1440 1552 πρότερον
1473 1504 1575 1552 μεν
1605 1478 1737 1545 θεὸς

129 1560 287 1634 λόγος
311 1559 418 1634 ὢν,
447 1560 746 1635 γενόμενος
782 1563 842 1619 δε
875 1561 1137 1636 δεύτερον
1167 1561 1286 1628 υιὸς
1320 1560 1626 1636 ἀνθρώπου
1660 1561 1733 1619 δι’

126 1642 196 1718 ἣν
237 1643 530 1714 ἀνεδέξατο
567 1669 708 1719 υπερ
748 1645 904 1720 ἡμων
935 1652 1268 1719 οἰκονομίαν.
1340 1651 1422 1702 65.
1457 1656 1541 1719 εἰή
1585 1643 1636 1702 δ’
1671 1670 1740 1703 αν

129 1732 220 1786 καὶ
242 1732 342 1786 τοῦ
362 1728 614 1787 θανάτου
638 1728 808 1787 αὐτοῦ
834 1728 1138 1802 δηλωτικὸν
1160 1730 1219 1787 τὸ
1242 1726 1627 1787 (εάναπεσων’
1602 1754 1736 1787 εκοι-

65 1836 107 1869 20
132 1812 314 1887 μήθης
347 1837 420 1881 ως
451 1816 594 1871 λέων
624 1815 715 1870 καὶ
750 1838 822 1879 ως
857 1812 1133 1886 σκύμνος,’
1140 1813 1242 1881 ’ἐξ
1285 1821 1452 1880 ἔθους
1482 1819 1578 1886 τῆς
1608 1839 1737 1888 γρα-

130 1903 241 1970 φῆς
283 1896 417 1954 κατά
455 1923 507 1955 τι
547 1903 754 1955 οἰκεῖον
795 1896 1062 1971 θεώρημα
1100 1896 1197 1955 τὸν
1237 1896 1486 1955 θάνατον
1526 1900 1618 1954 καὶ
1650 1901 1739 1955 ἐπὶ

129 1986 346 2055 μυρίων
377 1979 560 2038 ἄλλων
590 1987 845 2054 κοίμησιν
875 1979 1275 2054 ἀποκαλούσης.
1330 1987 1413 2039 66,
1447 1979 1506 2039 τὸ
1541 1982 1600 2038 δὲ
1621 1977 1740 2047 “τίς

133 2069 310 2138 ἐγερεῖ
340 2062 544 2122 αὐτόν”
579 2067 705 2140 περὶ
737 2069 832 2138 τῆς
865 2069 924 2122 ἐκ
947 2069 1162 2139 νεκρῶν
1185 2063 1536 2131 ἀναστάσεως
1569 2063 1741 2122 αὐτοῦ

130 2152 524 2221 θαυμαστικῶς
556 2158 780 2223 εἴρηται.
828 2148 1274 2224 ἐγερθησόμενον
1302 2148 1407 2224 γάρ
1439 2147 1610 2206 αὐτὸν
1641 2166 1742 2205 σα-

68 2255 109 2288 25
133 2238 250 2304 φῶς
282 2233 436 2290 οἶδεν
465 2233 492 2289 6
526 2231 758 2306 φάσκων
782 2229 899 2299 “τίς
932 2237 1114 2308 ἐγερεῖ
1141 2230 1366 2291 αὐτόν.”
1427 2244 1742 2306 θαυμαστι-
1766 2267 1783 2289 c

133 2322 241 2382 κῶς
275 2317 336 2372 δὲ
369 2317 605 2388 ἐπιλέγει
635 2315 694 2373 τὸ
717 2313 836 2384 “τίς
857 2315 963 2390 ἄρα
984 2316 1012 2374 6
1037 2322 1195 2375 τοῦτο
1217 2316 1465 2390 ποιήσων
1488 2319 1580 2374 καὶ
1603 2314 1741 2373 ἀνα-

133 2397 352 2470 στήσων
383 2397 608 2472 αύτόν,”
644 2399 784 2474 ἡμᾶς
819 2402 905 2457 ἐπὶ
937 2398 996 2457 τὸ
1028 2409 1207 2474 ζητεῖν
1239 2406 1529 2475 διεγείρων
1559 2406 1640 2465 τίς
1671 2396 1741 2456 ἂν

137 2491 220 2552 εἴη
251 2481 279 2538 6
311 2482 407 2539 τὸν
436 2483 631 2556 κύριον
660 2483 817 2556 ἡμῶν
846 2483 943 2541 τὸν
974 2483 1172 2556 ὑπὲρ“
1144 2508 1301 2556 ημων
1330 2482 1578 2540 θάνατον
1609 2481 1739 2540 ἀνα-

139 2563 439 2637 δεξάμενον
480 2569 539 2622 ἐκ
579 2591 793 2640 νεκρων
824 2564 1164 2639 ἀναστησων.
1238 2572 1321 2623 67
1355 2572 1435 2632 τίς
1468 2563 1521 2622 δ’
1556 2591 1625 2623 αν
1658 2575 1740 2639 εἴη

74 2672 115 2705 30
138 2646 300 2714 άλλος
330 2673 364 2720 η
394 2647 420 2705 6
454 2673 565 2706 των
594 2647 740 2707 ολων
785 2649 916 2717 θεὸς
948 2653 1038 2706 καὶ
1069 2649 1246 2724 πατὴρ
1278 2646 1483 2722 αὐτοῦ,
1517 2674 1558 2726 ςο
1590 2648 1741 2726 μόνῳ

138 2729 443 2789 ἀναθετέον
481 2757 582 2804 την
621 2739 719 2790 τοῦ
760 2738 1002 2806 σωτῆρος
1044 2732 1201 2806 ἡμῶν
1233 2731 1562 2805 ἀνάστασιν,
1606 2757 1742 2791 κατα

762 2816 773 2835 ἱ
848 2813 916 2837 <fu

138 2813 240 2887 τὴν
282 2818 555 2888 λέγουσαν
595 2841 818 2891 γραφην
886 2842 951 2874 ον
989 2816 1016 2874 6
1060 2816 1236 2892 πατὴρ
1286 2815 1508 2893 ἤγειρεν
1549 2821 1609 2874 ἐκ
1651 2841 1743 2874 νε-
