1946 3158
183 123 252 174 22
865 122 1112 164 EUSEBII

182 243 258 298 τῶ
290 245 481 316 κυρίω.
543 247 683 296 οἴσει
725 240 786 296 δὲ
816 236 983 295 πάλιν
1013 236 1161 310 παρὰ
1190 236 1286 296 τὸν
1330 237 1586 314 ἀρχιερέα
1627 242 1687 296 ἐν
1716 242 1794 316 τῷ

183 323 333 402 τόπῳ
366 322 579 396 δηλαδὴ
610 326 688 400 τῷ
717 319 1124 400 ἐξειλεγμένω.”

137 440 161 472 d
310 412 393 466 35.
422 410 533 466 Καὶ
559 411 717 465 ἕκτον
741 408 802 465 δε
824 405 998 480 νόμον
1021 405 1235 474 τούτοις
1259 413 1615 510 προστίθησι
1617 409 1796 480 λέγων

173 492 364 569 “ψυχὴ
405 489 475 550 ἂν
490 488 728 594 ἁμάρτῃ
783 493 875 549 καὶ
915 490 1117 565 ποιήσῃ
1148 499 1282 565 μίαν
1311 490 1419 549 ἀπὸ
1459 495 1654 550 πασῶν
1683 515 1797 550 των

184 581 425 635 ἐντολῶν
468 578 547 634 ὠν
587 574 654 634 οὐ
689 582 779 634 δεῖ
813 589 1022 649 ποιεῖν,
1054 578 1146 633 καὶ
1175 573 1279 633 οὐκ
1303 582 1473 650 ἔγνω,
1504 579 1595 634 καὶ
1620 584 1794 650 πλημ-
1838 602 1858 634 5

182 660 422 737 μελήσῃ,
478 663 570 718 καὶ
617 659 759 735 λάβῃ
805 659 906 734 τὴν
951 656 1223 735 ἁμαρτίαν
1269 659 1468 734 αὐτοῦ,
1518 663 1611 718 καὶ
1655 670 1797 718 οἴσει

182 745 351 804 παλιν
381 745 539 820 κριὸν
569 751 645 822 τῷ
675 744 946 847 ἀρχιερει,
990 748 1082 803 καὶ
1124 744 1430 814 ἐξιλασεται
1461 751 1593 820 περὶ
1624 741 1799 802 αὐτοῦ

181 826 210 887 6
243 835 453 905 ιερευς,
501 832 628 904 περὶ
672 834 768 902 τῆς
798 827 1025 903 ἀγνοίας
1058 828 1234 887 αὐτοῦ
1261 831 1326 903 ἧς
1355 828 1660 933 ήγνόησεν,
1703 831 1795 887 καὶ

182 916 344 982 οὗτος
375 913 478 973 οὐκ
507 912 659 990 ῄδει,
693 917 785 972 καὶ
815 911 1163 988 αφεθήσεται
1195 911 1360 991 αὐτω.

309 1004 394 1057 36.
413 998 559 1073 ’Ήδη
592 1000 654 1056 δε
684 998 925 1073 ἕβδομόν
954 1019 1091 1073 φησι
1114 995 1354 1073 “ψυχὴ’
1333 1023 1403 1056 αν
1434 997 1671 1108 ἆμαρτῃ,
1704 999 1796 1056 καὶ
1820 1025 1860 1057 10

183 1083 438 1186 παριδών
476 1090 686 1159 παρίδῃ
725 1109 821 1154 τας
864 1082 1085 1151 ἐντολας
1125 1091 1352 1159 κυρίου,
1395 1085 1488 1141 καὶ
1527 1082 1796 1157 ψεύσηται

183 1167 320 1243 πρὸς
349 1167 446 1226 τὸν
476 1176 713 1242 πλησίον
744 1165 915 1226 αυτοῦ
948 1171 1008 1226 ἐν
1031 1167 1502 1243 παρακαταθήκῃ,
1535 1170 1662 1242 περὶ
1686 1192 1797 1225 κοι-

182 1258 390 1320 νωνίας
421 1248 454 1325 ἢ
485 1249 735 1327 αρπαγῆς
753 1298 768 1326 ‚
799 1250 833 1326 ἢ
865 1250 1100 1356 ήδίκησέ
1125 1277 1176 1310 τι
1205 1250 1303 1310 τὸν
1333 1258 1604 1326 πλησίον,
1637 1249 1671 1324 ἢ
1703 1275 1798 1309 ευ-

184 1361 285 1411 ρεν
314 1336 622 1411 ἀπώλειαν,
665 1340 756 1395 καὶ
787 1337 1058 1411 ψεύσηται
1096 1340 1222 1412 περὶ
1255 1334 1452 1410 αυτῆς,
1499 1339 1591 1394 καὶ
1621 1335 1796 1411 ὀμόσῃ

183 1420 391 1491 αδίκως
422 1425 547 1497 περὶ
576 1421 698 1490 ἑνὸς
721 1420 828 1480 ἀπὸ
859 1444 1086 1480 παντων
1110 1415 1189 1480 ὠν
1214 1421 1311 1479 ἐὰν
1341 1419 1543 1495 ποιήσῃ
1575 1418 1794 1497 ἅνθρω-
1819 1447 1860 1480 15

183 1530 303 1580 πος,
337 1504 476 1564 ω’στε
507 1503 773 1581 ἆμαρτειν
806 1509 865 1565 ἐν
894 1505 1124 1580 τούτοις,
1158 1504 1310 1564 καὶ”
1282 1512 1449 1578 ηνίκα
1479 1531 1551 1563 αν
1580 1529 1796 1580 αμαρτῃ

183 1594 277 1648 και
322 1591 684 1666 πλημμελήσῃ
727 1593 818 1648 καὶ
849 1587 1040 1667 αποδῷ
1082 1589 1142 1648 τὸ
1173 1614 1436 1666 αρπαγμα
1465 1587 1495 1647 ὃ
1525 1588 1793 1692 ῃρπασεν,

182 1700 216 1747 η
247 1674 307 1733 τὸ
338 1674 627 1750 ἀδίκημα
611 1701 640 1733 ο
672 1674 959 1779 ἠδίκησεν,
991 1701 1025 1748 η
1047 1669 1150 1748 τὴν
1172 1673 1649 1748 παρακαταθήκην
1677 1672 1796 1746 η’τις

110 1788 158 1830 (5)
185 1763 466 1835 παρετέθη
499 1759 677 1837 αυτςό,
690 1786 763 1861 ἓ,η
773 1759 875 1832 τὴν
904 1758 1187 1817 ἀπώλειαν
1209 1783 1280 1831 ην
1304 1782 1495 1833 ευρεν,
1527 1754 1633 1816 απὸ
1658 1780 1795 1815 παν-

181 1843 271 1911 τὸς
302 1867 618 1918 πραγματος
641 1868 706 1901 ου
732 1842 914 1917 ὤμοσε
938 1846 1064 1952 περὶ
1089 1841 1260 1900 αὐτοῦ
1292 1841 1516 1916 ἀδίκως,
1547 1845 1637 1900 καὶ
1661 1843 1795 1901 ἀπο-
1818 1869 1858 1901 20

182 1936 321 1985 τίσει
353 1925 487 1985 αὐτὸ
518 1928 577 1986 τὸ
610 1927 911 2002 κεφαλαιον
942 1930 1034 1984 καὶ
1064 1925 1124 1985 τὸ
1158 1924 1552 2001 ἑπίπεμπτον.”

311 2017 394 2070 37.
422 2011 620 2087 Ἐχρῆν
663 2009 716 2069 δ’
749 2009 819 2070 ἂν
858 2010 993 2085 μετὰ
1032 2011 1092 2069 τὸ
1132 2014 1487 2087 ἐξαγορεῦσαι
1527 2010 1586 2069 τὸ
1617 2009 1796 2086 ἁμάρ-

183 2121 326 2170 τημα
366 2099 458 2154 καὶ
509 2094 645 2170 μετὰ
682 2096 742 2154 τὸ
798 2093 1054 2154 ἀποτῖσαι
1099 2095 1364 2154 σπεύδειν
1408 2095 1576 2153 πάλιν
1617 2095 1796 2154 πάντα

182 2184 574 2254 ὑπερθέμενοι)
606 2187 683 2248 είς
713 2180 810 2238 τὸν
839 2180 1009 2238 τόπον
1039 2205 1104 2238 ον
1135 2206 1204 2238 αν
1237 2183 1515 2253 ἐκλέξηται
1547 2180 1734 2255 κύριος
1766 2177 1795 2238 6

182 2265 342 2339 θεὸς,
377 2267 469 2322 καὶ
501 2270 838 2341 προσφέρειν
867 2288 930 2338 γε
953 2267 1080 2340 περὶ
1108 2268 1203 2338 τῆς
1235 2271 1607 2339 πλημμελείας
1638 2264 1796 2339 κριὸν
1818 2289 1859 2322 25

183 2374 439 2424 αμωμον,
486 2352 578 2407 καὶ
624 2349 925 2418 ἔξιλασεται
968 2352 1095 2424 περὶ
1126 2348 1297 2408 αὐτοῦ
1338 2345 1366 2406 6
1401 2354 1577 2423 ιερευς
1610 2355 1796 2407 ἔναντι

138 2459 161 2492 b
186 2441 414 2509 κυρίου,
448 2437 540 2492 καὶ
570 2432 914 2508 αφεθήσεται
946 2433 1115 2491 αὐτω.

312 2524 394 2577 38.
437 2524 621 2578 Ταῦτα
663 2522 754 2576 καὶ
794 2521 919 2592 περὶ
951 2521 1130 2576 τοῖνδε
1168 2516 1196 2574 6
1238 2515 1552 2590 θαυμάσιος
1583 2519 1796 2589 Μωσῆς

185 2611 317 2678 περί
337 2627 395 2660 τε
418 2607 530 2661 τῶν
553 2601 827 2670 ἀκουσίως
851 2601 1244 2678 ἡμαρτηκότων
1268 2603 1358 2658 καὶ
1384 2603 1513 2671 περὶ
1535 2604 1647 2658 τῶν
1670 2599 1788 2658 κατ’

186 2685 417 2759 ἄγνοιαν
450 2687 852 2763 ἐξηκριβώσατο
895 2686 1192 2762 πόρρωθεν
1220 2690 1333 2743 τῶν
1365 2685 1501 2742 κατὰ
1532 2691 1795 2760 προαίρε-
1817 2710 1858 2741 30

304 2880 357 2920 10
387 2881 538 2926 Levit.
561 2884 602 2933 6,
625 2883 665 2923 2.
