<?xml version="1.0" encoding="UTF-8"?>
<!DOCTYPE html PUBLIC "-//W3C//DTD XHTML 1.0 Transitional//EN"
    "http://www.w3.org/TR/xhtml1/DTD/xhtml1-transitional.dtd">
<html xmlns="http://www.w3.org/1999/xhtml" xml:lang="en" lang="en">
 <head>
  <title>
</title>
<meta http-equiv="Content-Type" content="text/html;charset=utf-8" />
  <meta name='ocr-system' content='tesseract 3.04.00' />
  <meta name='ocr-capabilities' content='ocr_page ocr_carea ocr_par ocr_line ocrx_word'/>
</head>
<body>
  <div class='ocr_page' id='page_1' title='image "./operaeusebius03euseuoft_0217.png"; bbox 0 0 1946 3158; ppageno 0'>
   <div class='ocr_carea' id='block_1_1' title="bbox 559 125 1729 177">
    <p class='ocr_par' dir='ltr' id='par_1_1' title="bbox 559 125 1729 177">
     <span class='ocr_line' id='line_1_1' title="bbox 559 125 1729 177; baseline 0.008 -9"><span class='ocrx_word' id='word_1_1' title='bbox 559 125 867 171; x_wconf 80' lang='lat' dir='ltr'><strong>DEMONST.</strong></span> <span class='ocrx_word' id='word_1_2' title='bbox 897 126 1118 170; x_wconf 81' lang='lat' dir='ltr'>EVANG.</span> <span class='ocrx_word' id='word_1_3' title='bbox 1150 127 1234 168; x_wconf 91' lang='lat'>111.</span> <span class='ocrx_word' id='word_1_4' title='bbox 1266 127 1306 172; x_wconf 83' lang='grc'><em>6.</em></span> <span class='ocrx_word' id='word_1_5' title='bbox 1629 125 1729 177; x_wconf 83' lang='grc'><em>193</em></span> 
     </span>
    </p>
   </div>
   <div class='ocr_carea' id='block_1_2' title="bbox 39 240 1840 2994">
    <p class='ocr_par' dir='ltr' id='par_1_2' title="bbox 39 240 1840 2994">
     <span class='ocr_line' id='line_1_2' title="bbox 118 240 1729 315; baseline -0.002 -14"><span class='ocrx_word' id='word_1_6' title='bbox 118 247 217 301; x_wconf 82' lang='grc' dir='ltr'><em>τοῦ</em></span> <span class='ocrx_word' id='word_1_7' title='bbox 249 241 464 315; x_wconf 76' lang='grc' dir='ltr'><em>βάθους</em></span> <span class='ocrx_word' id='word_1_8' title='bbox 495 246 591 314; x_wconf 83' lang='grc' dir='ltr'><em>τῆς</em></span> <span class='ocrx_word' id='word_1_9' title='bbox 635 244 814 315; x_wconf 81' lang='grc' dir='ltr'><em>ψυχῆς</em></span> <span class='ocrx_word' id='word_1_10' title='bbox 861 240 1077 313; x_wconf 78' lang='grc' dir='ltr'><em>αὐτῶν,</em></span> <span class='ocrx_word' id='word_1_11' title='bbox 1124 240 1523 299; x_wconf 80' lang='grc' dir='ltr'><em>καθάπτεσθαί</em></span> <span class='ocrx_word' id='word_1_12' title='bbox 1547 265 1606 299; x_wconf 92' lang='grc' dir='ltr'><em>τε</em></span> <span class='ocrx_word' id='word_1_13' title='bbox 1637 245 1729 299; x_wconf 85' lang='grc' dir='ltr'><em>καὶ</em></span> 
     </span>
     <span class='ocr_line' id='line_1_3' title="bbox 119 322 1730 402; baseline -0.001 -17"><span class='ocrx_word' id='word_1_14' title='bbox 119 326 442 402; x_wconf 78' lang='grc' dir='ltr'><strong><em>τιτρώσκειν</em></strong></span> <span class='ocrx_word' id='word_1_15' title='bbox 479 325 539 383; x_wconf 87' lang='grc' dir='ltr'><em>τὸ</em></span> <span class='ocrx_word' id='word_1_16' title='bbox 580 324 813 383; x_wconf 80' lang='grc' dir='ltr'><em>ἑκάστου</em></span> <span class='ocrx_word' id='word_1_17' title='bbox 844 324 1131 398; x_wconf 75' lang='grc' dir='ltr'><em>συνειδὸς,</em></span> <span class='ocrx_word' id='word_1_18' title='bbox 1180 322 1252 393; x_wconf 75' lang='grc' dir='ltr'><em>ὦς</em></span> <span class='ocrx_word' id='word_1_19' title='bbox 1291 327 1483 398; x_wconf 83' lang='grc' dir='ltr'><em>μηκέτι</em></span> <span class='ocrx_word' id='word_1_20' title='bbox 1514 329 1730 398; x_wconf 75' lang='grc' dir='ltr'><em>στέγειν</em></span> 
     </span>
     <span class='ocr_line' id='line_1_4' title="bbox 121 407 1775 484; baseline -0.001 -15"><span class='ocrx_word' id='word_1_21' title='bbox 121 409 605 484; x_wconf 79' lang='grc' dir='ltr'><em>ἀποκρύπτοντας,</em></span> <span class='ocrx_word' id='word_1_22' title='bbox 648 415 724 476; x_wconf 83' lang='grc' dir='ltr'><em>εἰς</em></span> <span class='ocrx_word' id='word_1_23' title='bbox 766 410 1013 484; x_wconf 88' lang='grc' dir='ltr'><em>φανερὸν</em></span> <span class='ocrx_word' id='word_1_24' title='bbox 1045 411 1106 467; x_wconf 76' lang='grc' dir='ltr'><em>δὲ</em></span> <span class='ocrx_word' id='word_1_25' title='bbox 1136 407 1292 481; x_wconf 77' lang='grc' dir='ltr'><em>ἄγειν</em></span> <span class='ocrx_word' id='word_1_26' title='bbox 1326 411 1392 466; x_wconf 76' lang='grc' dir='ltr'><em>τὰ</em></span> <span class='ocrx_word' id='word_1_27' title='bbox 1423 408 1726 484; x_wconf 78' lang='grc' dir='ltr'><em>ἀπόρρητα,</em></span> <span class='ocrx_word' id='word_1_28' title='bbox 1752 436 1775 466; x_wconf 79' lang='lat' dir='ltr'>d</span> 
     </span>
     <span class='ocr_line' id='line_1_5' title="bbox 121 491 1729 570; baseline 0 -18"><span class='ocrx_word' id='word_1_29' title='bbox 121 497 374 570; x_wconf 75' lang='grc' dir='ltr'><em>ἐλέγχους</em></span> <span class='ocrx_word' id='word_1_30' title='bbox 403 517 463 552; x_wconf 92' lang='grc' dir='ltr'><em>τε</em></span> <span class='ocrx_word' id='word_1_31' title='bbox 493 491 694 560; x_wconf 79' lang='grc' dir='ltr'><em>αὐτοὺς</em></span> <span class='ocrx_word' id='word_1_32' title='bbox 731 496 947 552; x_wconf 75' lang='grc' dir='ltr'><em>ἑαυτῶν</em></span> <span class='ocrx_word' id='word_1_33' title='bbox 987 496 1079 550; x_wconf 86' lang='grc' dir='ltr'><em>καὶ</em></span> <span class='ocrx_word' id='word_1_34' title='bbox 1109 497 1204 565; x_wconf 82' lang='grc' dir='ltr'><em>τῆς</em></span> <span class='ocrx_word' id='word_1_35' title='bbox 1244 497 1511 569; x_wconf 78' lang='grc' dir='ltr'><em>προτέρας</em></span> <span class='ocrx_word' id='word_1_36' title='bbox 1543 492 1729 552; x_wconf 71' lang='grc' dir='ltr'><em>αὐτῶν</em></span> 
     </span>
     <span class='ocr_line' id='line_1_6' title="bbox 75 577 1730 654; baseline -0.002 -15"><span class='ocrx_word' id='word_1_37' title='bbox 75 606 96 639; x_wconf 85' lang='lat'>5</span> <span class='ocrx_word' id='word_1_38' title='bbox 118 585 426 654; x_wconf 81' lang='grc' dir='ltr'><em>μοχθηρίας</em></span> <span class='ocrx_word' id='word_1_39' title='bbox 450 577 872 652; x_wconf 77' lang='grc' dir='ltr'><em>ἀπεργάζεσθαι.</em></span> <span class='ocrx_word' id='word_1_40' title='bbox 929 583 1011 635; x_wconf 83' lang='grc'><em>18.</em></span> <span class='ocrx_word' id='word_1_41' title='bbox 1043 581 1280 635; x_wconf 76' lang='grc' dir='ltr'><em>τοιοῦτοι</em></span> <span class='ocrx_word' id='word_1_42' title='bbox 1303 580 1364 636; x_wconf 73' lang='grc' dir='ltr'><em>δὲ</em></span> <span class='ocrx_word' id='word_1_43' title='bbox 1387 580 1479 635; x_wconf 86' lang='grc' dir='ltr'><em>καὶ</em></span> <span class='ocrx_word' id='word_1_44' title='bbox 1509 583 1568 636; x_wconf 78' lang='grc' dir='ltr'><em>οἱ</em></span> <span class='ocrx_word' id='word_1_45' title='bbox 1593 579 1730 654; x_wconf 84' lang='grc' dir='ltr'><em>πρὸς</em></span> 
     </span>
     <span class='ocr_line' id='line_1_7' title="bbox 119 661 1729 737; baseline -0.001 -16"><span class='ocrx_word' id='word_1_46' title='bbox 119 663 305 722; x_wconf 71' lang='grc' dir='ltr'><em>αὐτῶν</em></span> <span class='ocrx_word' id='word_1_47' title='bbox 344 661 787 737; x_wconf 87' lang='grc' dir='ltr'><em>μαθητευόμενοι</em></span> <span class='ocrx_word' id='word_1_48' title='bbox 826 664 1064 736; x_wconf 79' lang='grc' dir='ltr'><em>καθαροὶ</em></span> <span class='ocrx_word' id='word_1_49' title='bbox 1106 665 1196 719; x_wconf 86' lang='grc' dir='ltr'><em>καὶ</em></span> <span class='ocrx_word' id='word_1_50' title='bbox 1238 662 1455 736; x_wconf 87' lang='grc' dir='ltr'><em>γνήσιοι</em></span> <span class='ocrx_word' id='word_1_51' title='bbox 1485 661 1579 729; x_wconf 76' lang='grc' dir='ltr'><em>τὰς</em></span> <span class='ocrx_word' id='word_1_52' title='bbox 1613 668 1729 720; x_wconf 90' lang='grc' dir='ltr'><em>δια-</em></span> 
     </span>
     <span class='ocr_line' id='line_1_8' title="bbox 118 746 1730 821; baseline -0.001 -16"><span class='ocrx_word' id='word_1_53' title='bbox 118 751 324 820; x_wconf 79' lang='grc' dir='ltr'><em>θέσεις,</em></span> <span class='ocrx_word' id='word_1_54' title='bbox 359 772 430 814; x_wconf 89' lang='grc' dir='ltr'><em>ως</em></span> <span class='ocrx_word' id='word_1_55' title='bbox 453 749 628 821; x_wconf 88' lang='grc' dir='ltr'><em>μηδεν</em></span> <span class='ocrx_word' id='word_1_56' title='bbox 650 746 899 805; x_wconf 77' lang='grc' dir='ltr'><em>ὕπουλον</em></span> <span class='ocrx_word' id='word_1_57' title='bbox 926 750 984 803; x_wconf 84' lang='grc' dir='ltr'><em>ἐν</em></span> <span class='ocrx_word' id='word_1_58' title='bbox 1008 746 1195 813; x_wconf 80' lang='grc' dir='ltr'><em>αὐτοις</em></span> <span class='ocrx_word' id='word_1_59' title='bbox 1220 746 1546 819; x_wconf 87' lang='grc' dir='ltr'><em>λανθανειν,</em></span> <span class='ocrx_word' id='word_1_60' title='bbox 1575 750 1730 804; x_wconf 90' lang='grc' dir='ltr'><em>ἐνσε-</em></span> 
     </span>
     <span class='ocr_line' id='line_1_9' title="bbox 118 830 1726 906; baseline -0.002 -16"><span class='ocrx_word' id='word_1_61' title='bbox 118 831 435 905; x_wconf 83' lang='grc' dir='ltr'><em>μνύνεσθαι</em></span> <span class='ocrx_word' id='word_1_62' title='bbox 467 833 528 889; x_wconf 90' lang='grc' dir='ltr'><em>δε</em></span> <span class='ocrx_word' id='word_1_63' title='bbox 558 834 650 888; x_wconf 86' lang='grc' dir='ltr'><em>καὶ</em></span> <span class='ocrx_word' id='word_1_64' title='bbox 677 830 1150 906; x_wconf 79' lang='grc' dir='ltr'><em>παρρησιαζεσθαι</em></span> <span class='ocrx_word' id='word_1_65' title='bbox 1188 834 1278 887; x_wconf 83' lang='grc' dir='ltr'><em>ἐπὶ</em></span> <span class='ocrx_word' id='word_1_66' title='bbox 1307 835 1374 904; x_wconf 81' lang='grc' dir='ltr'><em>τῇ</em></span> <span class='ocrx_word' id='word_1_67' title='bbox 1405 854 1517 888; x_wconf 89' lang='grc' dir='ltr'><em>των</em></span> <span class='ocrx_word' id='word_1_68' title='bbox 1547 855 1726 905; x_wconf 89' lang='grc' dir='ltr'><em>κρειτ-</em></span> 
     </span>
     <span class='ocr_line' id='line_1_10' title="bbox 118 914 1729 989; baseline 0 -17"><span class='ocrx_word' id='word_1_69' title='bbox 118 915 298 974; x_wconf 83' lang='grc' dir='ltr'><em>τόνων</em></span> <span class='ocrx_word' id='word_1_70' title='bbox 342 915 448 973; x_wconf 82' lang='grc' dir='ltr'><em>ἀπὸ</em></span> <span class='ocrx_word' id='word_1_71' title='bbox 490 921 604 973; x_wconf 77' lang='grc' dir='ltr'><em>τῶν</em></span> <span class='ocrx_word' id='word_1_72' title='bbox 641 914 908 988; x_wconf 84' lang='grc' dir='ltr'><em>χειρόνων</em></span> <span class='ocrx_word' id='word_1_73' title='bbox 948 919 1239 989; x_wconf 82' lang='grc' dir='ltr'><em>μεταβολῇ.</em></span> <span class='ocrx_word' id='word_1_74' title='bbox 1305 920 1384 971; x_wconf 82' lang='grc'><em>19.</em></span> <span class='ocrx_word' id='word_1_75' title='bbox 1419 920 1477 972; x_wconf 96' lang='grc' dir='ltr'><em>οι</em></span> <span class='ocrx_word' id='word_1_76' title='bbox 1517 914 1584 987; x_wconf 89' lang='grc' dir='ltr'><em>δὴ</em></span> <span class='ocrx_word' id='word_1_77' title='bbox 1626 917 1729 972; x_wconf 84' lang='grc' dir='ltr'><em>οὐν</em></span> 
     </span>
     <span class='ocr_line' id='line_1_11' title="bbox 56 998 1734 1075; baseline -0.002 -16"><span class='ocrx_word' id='word_1_78' title='bbox 56 1029 96 1061; x_wconf 88' lang='lat'><em>10</em></span> <span class='ocrx_word' id='word_1_79' title='bbox 120 1002 255 1070; x_wconf 84' lang='grc' dir='ltr'><em>πυρὶ</em></span> <span class='ocrx_word' id='word_1_80' title='bbox 297 998 638 1075; x_wconf 86' lang='grc' dir='ltr'><em>παραδόντες</em></span> <span class='ocrx_word' id='word_1_81' title='bbox 676 1023 771 1066; x_wconf 90' lang='grc' dir='ltr'><em>τας</em></span> <span class='ocrx_word' id='word_1_82' title='bbox 811 1023 1045 1073; x_wconf 83' lang='grc' dir='ltr'><em>μαγικας</em></span> <span class='ocrx_word' id='word_1_83' title='bbox 1084 1005 1315 1071; x_wconf 78' lang='grc' dir='ltr'><em>βίβλους</em></span> <span class='ocrx_word' id='word_1_84' title='bbox 1355 1002 1445 1056; x_wconf 89' lang='grc' dir='ltr'><em>καὶ</em></span> <span class='ocrx_word' id='word_1_85' title='bbox 1488 1002 1734 1071; x_wconf 79' lang='grc' dir='ltr'><em>παντελῆ</em></span> 
     </span>
     <span class='ocr_line' id='line_1_12' title="bbox 119 1079 1731 1159; baseline -0.001 -17"><span class='ocrx_word' id='word_1_86' title='bbox 119 1082 344 1159; x_wconf 73' lang='grc' dir='ltr'><em>φθορὰν</em></span> <span class='ocrx_word' id='word_1_87' title='bbox 383 1082 568 1142; x_wconf 77' lang='grc' dir='ltr'><em>αὐτῶν</em></span> <span class='ocrx_word' id='word_1_88' title='bbox 608 1082 984 1158; x_wconf 75' lang='grc' dir='ltr'><em>ψηφισάμενοι</em></span> <span class='ocrx_word' id='word_1_89' title='bbox 1025 1086 1141 1149; x_wconf 78' lang='grc' dir='ltr'><em>πῶς</em></span> <span class='ocrx_word' id='word_1_90' title='bbox 1184 1082 1286 1140; x_wconf 82' lang='grc' dir='ltr'><em>οὐκ</em></span> <span class='ocrx_word' id='word_1_91' title='bbox 1326 1079 1396 1140; x_wconf 71' lang='grc' dir='ltr'><em>ἂν</em></span> <span class='ocrx_word' id='word_1_92' title='bbox 1439 1083 1550 1140; x_wconf 83' lang='grc' dir='ltr'><em>εἷεν</em></span> <span class='ocrx_word' id='word_1_93' title='bbox 1592 1083 1731 1154; x_wconf 87' lang='grc' dir='ltr'><em>πρό-</em></span> 
     </span>
     <span class='ocr_line' id='line_1_13' title="bbox 122 1165 1729 1241; baseline -0.001 -15"><span class='ocrx_word' id='word_1_94' title='bbox 122 1174 278 1241; x_wconf 91' lang='grc' dir='ltr'><em>δηλοι</em></span> <span class='ocrx_word' id='word_1_95' title='bbox 308 1181 421 1235; x_wconf 87' lang='grc' dir='ltr'><em>τοῖς</em></span> <span class='ocrx_word' id='word_1_96' title='bbox 446 1171 616 1226; x_wconf 75' lang='grc' dir='ltr'><em>πᾶσιν</em></span> <span class='ocrx_word' id='word_1_97' title='bbox 638 1165 720 1225; x_wconf 80' lang='grc' dir='ltr'><em>ὅτι</em></span> <span class='ocrx_word' id='word_1_98' title='bbox 745 1173 1022 1241; x_wconf 83' lang='grc' dir='ltr'><em>μηδεμίαν</em></span> <span class='ocrx_word' id='word_1_99' title='bbox 1048 1173 1225 1240; x_wconf 80' lang='grc' dir='ltr'><em>ἔχοιεν</em></span> <span class='ocrx_word' id='word_1_100' title='bbox 1246 1170 1346 1224; x_wconf 79' lang='grc' dir='ltr'><em>τοῦ</em></span> <span class='ocrx_word' id='word_1_101' title='bbox 1376 1171 1571 1224; x_wconf 81' lang='grc' dir='ltr'><em>λοιποῦ</em></span> <span class='ocrx_word' id='word_1_102' title='bbox 1602 1170 1729 1240; x_wconf 85' lang='grc' dir='ltr'><em>περὶ</em></span> 
     </span>
     <span class='ocr_line' id='line_1_14' title="bbox 120 1250 1729 1326; baseline -0.001 -17"><span class='ocrx_word' id='word_1_103' title='bbox 120 1259 377 1325; x_wconf 81' lang='grc' dir='ltr'><em>γοητείαν</em></span> <span class='ocrx_word' id='word_1_104' title='bbox 407 1252 690 1324; x_wconf 84' lang='grc' dir='ltr'><em>σπουδὴν,</em></span> <span class='ocrx_word' id='word_1_105' title='bbox 723 1255 964 1326; x_wconf 82' lang='grc' dir='ltr'><em>καθαροὶ</em></span> <span class='ocrx_word' id='word_1_106' title='bbox 996 1253 1056 1308; x_wconf 72' lang='grc' dir='ltr'><em>δὲ</em></span> <span class='ocrx_word' id='word_1_107' title='bbox 1090 1255 1141 1319; x_wconf 81' lang='grc' dir='ltr'><em>ἐξ</em></span> <span class='ocrx_word' id='word_1_108' title='bbox 1176 1255 1394 1309; x_wconf 87' lang='grc' dir='ltr'><em>ἐκείνου</em></span> <span class='ocrx_word' id='word_1_109' title='bbox 1426 1250 1604 1325; x_wconf 75' lang='grc' dir='ltr'><em>πάσης</em></span> <span class='ocrx_word' id='word_1_110' title='bbox 1634 1256 1729 1324; x_wconf 79' lang='grc' dir='ltr'><em>τῆς</em></span> 
     </span>
     <span class='ocr_line' id='line_1_15' title="bbox 121 1331 1731 1410; baseline 0 -18"><span class='ocrx_word' id='word_1_111' title='bbox 121 1338 246 1410; x_wconf 87' lang='grc' dir='ltr'><em>περὶ</em></span> <span class='ocrx_word' id='word_1_112' title='bbox 270 1335 470 1394; x_wconf 86' lang='grc' dir='ltr'><em>τούτου</em></span> <span class='ocrx_word' id='word_1_113' title='bbox 492 1331 758 1403; x_wconf 78' lang='grc' dir='ltr'><em>ὑπονοίας</em></span> <span class='ocrx_word' id='word_1_114' title='bbox 783 1336 1115 1410; x_wconf 84' lang='grc' dir='ltr'><em>ἐτύγχανον;</em></span> <span class='ocrx_word' id='word_1_115' title='bbox 1147 1334 1237 1394; x_wconf 78' lang='grc' dir='ltr'><em>ὅτε</em></span> <span class='ocrx_word' id='word_1_116' title='bbox 1259 1342 1453 1394; x_wconf 89' lang='grc' dir='ltr'><em>τοίνυν</em></span> <span class='ocrx_word' id='word_1_117' title='bbox 1470 1341 1526 1393; x_wconf 78' lang='grc' dir='ltr'><em>οἱ</em></span> <span class='ocrx_word' id='word_1_118' title='bbox 1544 1346 1731 1409; x_wconf 85' lang='grc' dir='ltr'><em>μαθη-</em></span> 
     </span>
     <span class='ocr_line' id='line_1_16' title="bbox 59 1418 1729 1494; baseline -0.001 -16"><span class='ocrx_word' id='word_1_119' title='bbox 59 1447 100 1480; x_wconf 85' lang='lat'><em>15</em></span> <span class='ocrx_word' id='word_1_120' title='bbox 121 1422 211 1476; x_wconf 86' lang='grc' dir='ltr'><em>ταὶ</em></span> <span class='ocrx_word' id='word_1_121' title='bbox 240 1423 339 1477; x_wconf 83' lang='grc' dir='ltr'><em>τοῦ</em></span> <span class='ocrx_word' id='word_1_122' title='bbox 368 1422 611 1494; x_wconf 80' lang='grc' dir='ltr'><em>σωτῆρος</em></span> <span class='ocrx_word' id='word_1_123' title='bbox 653 1418 812 1493; x_wconf 78' lang='grc' dir='ltr'><em>ἡμῶν</em></span> <span class='ocrx_word' id='word_1_124' title='bbox 841 1421 1123 1492; x_wconf 84' lang='grc' dir='ltr'><em>πεφήνασι</em></span> <span class='ocrx_word' id='word_1_125' title='bbox 1154 1419 1440 1493; x_wconf 89' lang='grc' dir='ltr'><em>γεγονότες</em></span> <span class='ocrx_word' id='word_1_126' title='bbox 1470 1424 1729 1493; x_wconf 83' lang='grc' dir='ltr'><em>τοιοῦτοι,</em></span> 
     </span>
     <span class='ocr_line' id='line_1_17' title="bbox 121 1501 1840 1578; baseline 0 -17"><span class='ocrx_word' id='word_1_127' title='bbox 121 1526 237 1571; x_wconf 92' lang='grc' dir='ltr'><em>πως</em></span> <span class='ocrx_word' id='word_1_128' title='bbox 268 1502 333 1561; x_wconf 80' lang='grc' dir='ltr'><em>οὐ</em></span> <span class='ocrx_word' id='word_1_129' title='bbox 364 1503 506 1560; x_wconf 82' lang='grc' dir='ltr'><em>πολὺ</em></span> <span class='ocrx_word' id='word_1_130' title='bbox 537 1504 806 1578; x_wconf 88' lang='grc' dir='ltr'><em>πρότερον</em></span> <span class='ocrx_word' id='word_1_131' title='bbox 834 1501 862 1560; x_wconf 84' lang='grc' dir='ltr'>ὁ</span> <span class='ocrx_word' id='word_1_132' title='bbox 903 1502 1260 1574; x_wconf 86' lang='grc' dir='ltr'><em>διδασκαλος;</em></span> <span class='ocrx_word' id='word_1_133' title='bbox 1291 1509 1375 1560; x_wconf 77' lang='grc'><em>20.</em></span> <span class='ocrx_word' id='word_1_134' title='bbox 1414 1511 1464 1562; x_wconf 83' lang='grc' dir='ltr'><em>εἰ</em></span> <span class='ocrx_word' id='word_1_135' title='bbox 1496 1506 1556 1562; x_wconf 91' lang='grc' dir='ltr'><em>δε</em></span> <span class='ocrx_word' id='word_1_136' title='bbox 1586 1502 1725 1570; x_wconf 89' lang='grc' dir='ltr'><em>ολως</em></span> <span class='ocrx_word' id='word_1_137' title='bbox 1751 1529 1840 1569; x_wconf 76' lang='lat'><strong>(129)</strong></span> 
     </span>
     <span class='ocr_line' id='line_1_18' title="bbox 121 1581 1729 1662; baseline 0 -18"><span class='ocrx_word' id='word_1_138' title='bbox 121 1585 227 1644; x_wconf 79' lang='grc' dir='ltr'><em>ἀπὸ</em></span> <span class='ocrx_word' id='word_1_139' title='bbox 259 1591 371 1646; x_wconf 78' lang='grc' dir='ltr'><em>τῶν</em></span> <span class='ocrx_word' id='word_1_140' title='bbox 401 1595 698 1662; x_wconf 85' lang='grc' dir='ltr'><em>γνωρίμων</em></span> <span class='ocrx_word' id='word_1_141' title='bbox 720 1586 816 1645; x_wconf 83' lang='grc' dir='ltr'><em>τὸν</em></span> <span class='ocrx_word' id='word_1_142' title='bbox 839 1587 1154 1662; x_wconf 80' lang='grc' dir='ltr'><em>προστάτην</em></span> <span class='ocrx_word' id='word_1_143' title='bbox 1177 1584 1364 1654; x_wconf 82' lang='grc' dir='ltr'><em>ὁποῖός</em></span> <span class='ocrx_word' id='word_1_144' title='bbox 1387 1612 1470 1654; x_wconf 89' lang='grc' dir='ltr'><em>τις</em></span> <span class='ocrx_word' id='word_1_145' title='bbox 1499 1581 1570 1659; x_wconf 73' lang='grc' dir='ltr'><em>ἦν</em></span> <span class='ocrx_word' id='word_1_146' title='bbox 1599 1587 1729 1659; x_wconf 83' lang='grc' dir='ltr'><em>βού-</em></span> 
     </span>
     <span class='ocr_line' id='line_1_19' title="bbox 121 1669 1730 1745; baseline 0.001 -17"><span class='ocrx_word' id='word_1_147' title='bbox 121 1679 204 1728; x_wconf 89' lang='grc' dir='ltr'><em>λει</em></span> <span class='ocrx_word' id='word_1_148' title='bbox 237 1671 680 1744; x_wconf 77' lang='grc' dir='ltr'><em>διαγιγνώσκειν,</em></span> <span class='ocrx_word' id='word_1_149' title='bbox 715 1678 853 1745; x_wconf 86' lang='grc' dir='ltr'><em>ἔχεις</em></span> <span class='ocrx_word' id='word_1_150' title='bbox 883 1676 982 1729; x_wconf 81' lang='grc' dir='ltr'><em>τοῦ</em></span> <span class='ocrx_word' id='word_1_151' title='bbox 1011 1669 1188 1743; x_wconf 83' lang='grc' dir='ltr'><em>Ιησοῦ</em></span> <span class='ocrx_word' id='word_1_152' title='bbox 1212 1676 1323 1729; x_wconf 79' lang='grc' dir='ltr'><em>τῶν</em></span> <span class='ocrx_word' id='word_1_153' title='bbox 1346 1671 1526 1744; x_wconf 86' lang='grc' dir='ltr'><em>λόγων</em></span> <span class='ocrx_word' id='word_1_154' title='bbox 1544 1682 1730 1744; x_wconf 90' lang='grc' dir='ltr'><em>μαθη-</em></span> 
     </span>
     <span class='ocr_line' id='line_1_20' title="bbox 118 1753 1729 1830; baseline 0 -18"><span class='ocrx_word' id='word_1_155' title='bbox 118 1779 212 1822; x_wconf 92' lang='grc' dir='ltr'><em>τας</em></span> <span class='ocrx_word' id='word_1_156' title='bbox 264 1758 431 1813; x_wconf 82' lang='grc' dir='ltr'><em>εἰσέτι</em></span> <span class='ocrx_word' id='word_1_157' title='bbox 476 1759 588 1813; x_wconf 85' lang='grc' dir='ltr'><em>νῦν</em></span> <span class='ocrx_word' id='word_1_158' title='bbox 630 1763 894 1830; x_wconf 86' lang='grc' dir='ltr'><em>μυρίους,</em></span> <span class='ocrx_word' id='word_1_159' title='bbox 944 1780 1023 1813; x_wconf 89' lang='grc' dir='ltr'><em>ων</em></span> <span class='ocrx_word' id='word_1_160' title='bbox 1073 1763 1302 1812; x_wconf 85' lang='grc' dir='ltr'><em>πλειστα</em></span> <span class='ocrx_word' id='word_1_161' title='bbox 1348 1780 1450 1829; x_wconf 88' lang='grc' dir='ltr'><em>μεν</em></span> <span class='ocrx_word' id='word_1_162' title='bbox 1502 1753 1729 1828; x_wconf 91' lang='grc' dir='ltr'><em>ανδρων</em></span> 
     </span>
     <span class='ocr_line' id='line_1_21' title="bbox 59 1838 1730 1915; baseline -0.002 -16"><span class='ocrx_word' id='word_1_163' title='bbox 59 1867 99 1899; x_wconf 81' lang='lat'><em>20</em></span> <span class='ocrx_word' id='word_1_164' title='bbox 121 1838 380 1914; x_wconf 80' lang='grc' dir='ltr'><em>τυγχάνει</em></span> <span class='ocrx_word' id='word_1_165' title='bbox 410 1839 601 1912; x_wconf 85' lang='grc' dir='ltr'><em>πλήθη</em></span> <span class='ocrx_word' id='word_1_166' title='bbox 632 1842 1102 1915; x_wconf 81' lang='grc' dir='ltr'><em>παραταξαμένων</em></span> <span class='ocrx_word' id='word_1_167' title='bbox 1131 1864 1234 1913; x_wconf 87' lang='grc' dir='ltr'><em>μεν</em></span> <span class='ocrx_word' id='word_1_168' title='bbox 1265 1838 1400 1914; x_wconf 83' lang='grc' dir='ltr'><em>πρὸς</em></span> <span class='ocrx_word' id='word_1_169' title='bbox 1433 1864 1527 1906; x_wconf 92' lang='grc' dir='ltr'><em>τας</em></span> <span class='ocrx_word' id='word_1_170' title='bbox 1559 1859 1730 1913; x_wconf 90' lang='grc' dir='ltr'><em>φυσι-</em></span> 
     </span>
     <span class='ocr_line' id='line_1_22' title="bbox 121 1922 1730 1998; baseline -0.001 -17"><span class='ocrx_word' id='word_1_171' title='bbox 121 1922 218 1991; x_wconf 73' lang='grc' dir='ltr'><em>κὰς</em></span> <span class='ocrx_word' id='word_1_172' title='bbox 259 1930 358 1989; x_wconf 83' lang='grc' dir='ltr'><em>τοῦ</em></span> <span class='ocrx_word' id='word_1_173' title='bbox 399 1923 647 1997; x_wconf 78' lang='grc' dir='ltr'><em>σώματος</em></span> <span class='ocrx_word' id='word_1_174' title='bbox 687 1922 922 1997; x_wconf 73' lang='grc' dir='ltr'><em>ἡδονὰς,</em></span> <span class='ocrx_word' id='word_1_175' title='bbox 965 1923 1211 1998; x_wconf 70' lang='grc' dir='ltr'><em>ἄτρωτον</em></span> <span class='ocrx_word' id='word_1_176' title='bbox 1255 1925 1314 1981; x_wconf 74' lang='grc' dir='ltr'><em>δὲ</em></span> <span class='ocrx_word' id='word_1_177' title='bbox 1347 1926 1438 1980; x_wconf 84' lang='grc' dir='ltr'><em>καὶ</em></span> <span class='ocrx_word' id='word_1_178' title='bbox 1472 1924 1574 1996; x_wconf 82' lang='grc' dir='ltr'><em>τὴν</em></span> <span class='ocrx_word' id='word_1_179' title='bbox 1608 1924 1730 1980; x_wconf 75' lang='grc' dir='ltr'><em>διά-</em></span> 
     </span>
     <span class='ocr_line' id='line_1_23' title="bbox 121 2006 1728 2083; baseline -0.001 -17"><span class='ocrx_word' id='word_1_180' title='bbox 121 2033 281 2067; x_wconf 85' lang='grc' dir='ltr'><em>νοιαν</em></span> <span class='ocrx_word' id='word_1_181' title='bbox 325 2006 528 2075; x_wconf 80' lang='grc' dir='ltr'><em>παντὸς</em></span> <span class='ocrx_word' id='word_1_182' title='bbox 574 2012 804 2083; x_wconf 78' lang='grc' dir='ltr'><em>αἰσχροῦ</em></span> <span class='ocrx_word' id='word_1_183' title='bbox 848 2008 1066 2075; x_wconf 74' lang='grc' dir='ltr'><em>πάθους</em></span> <span class='ocrx_word' id='word_1_184' title='bbox 1098 2007 1493 2082; x_wconf 74' lang='grc' dir='ltr'><em>φυλαξάντων,</em></span> <span class='ocrx_word' id='word_1_185' title='bbox 1542 2015 1598 2066; x_wconf 81' lang='grc' dir='ltr'><em>οἳ</em></span> <span class='ocrx_word' id='word_1_186' title='bbox 1637 2011 1728 2065; x_wconf 81' lang='grc' dir='ltr'><em>καὶ</em></span> 
     </span>
     <span class='ocr_line' id='line_1_24' title="bbox 119 2091 1729 2168; baseline -0.001 -18"><span class='ocrx_word' id='word_1_187' title='bbox 119 2092 216 2150; x_wconf 86' lang='grc' dir='ltr'><em>τὸν</em></span> <span class='ocrx_word' id='word_1_188' title='bbox 247 2092 428 2151; x_wconf 79' lang='grc' dir='ltr'><em>πάντα</em></span> <span class='ocrx_word' id='word_1_189' title='bbox 457 2099 583 2165; x_wconf 87' lang='grc' dir='ltr'><em>βίον</em></span> <span class='ocrx_word' id='word_1_190' title='bbox 617 2096 676 2150; x_wconf 88' lang='grc' dir='ltr'><em>ἐν</em></span> <span class='ocrx_word' id='word_1_191' title='bbox 708 2096 996 2168; x_wconf 78' lang='grc' dir='ltr'><em>ἐγκρατείᾳ</em></span> <span class='ocrx_word' id='word_1_192' title='bbox 1027 2091 1510 2167; x_wconf 73' lang='grc' dir='ltr'><em>καταγηράσαντες</em></span> <span class='ocrx_word' id='word_1_193' title='bbox 1541 2097 1638 2164; x_wconf 83' lang='grc' dir='ltr'><em>τῆς</em></span> <span class='ocrx_word' id='word_1_194' title='bbox 1671 2096 1729 2149; x_wconf 89' lang='grc' dir='ltr'><em>ἐκ</em></span> 
     </span>
     <span class='ocr_line' id='line_1_25' title="bbox 39 2175 1731 2251; baseline -0.001 -17"><span class='ocrx_word' id='word_1_195' title='bbox 39 2214 52 2226; x_wconf 50' lang='grc' dir='ltr'>κ</span> <span class='ocrx_word' id='word_1_196' title='bbox 120 2181 232 2235; x_wconf 75' lang='grc' dir='ltr'><em>τῶν</em></span> <span class='ocrx_word' id='word_1_197' title='bbox 262 2176 443 2250; x_wconf 90' lang='grc' dir='ltr'><em>λόγων</em></span> <span class='ocrx_word' id='word_1_198' title='bbox 475 2175 647 2235; x_wconf 80' lang='grc' dir='ltr'><em>αὐτοῦ</em></span> <span class='ocrx_word' id='word_1_199' title='bbox 674 2182 880 2251; x_wconf 81' lang='grc' dir='ltr'><em>τροφῆς</em></span> <span class='ocrx_word' id='word_1_200' title='bbox 913 2175 1134 2250; x_wconf 72' lang='grc' dir='ltr'><em>λαμπρὰ</em></span> <span class='ocrx_word' id='word_1_201' title='bbox 1156 2177 1421 2251; x_wconf 83' lang='grc' dir='ltr'><em>τεκμήρια</em></span> <span class='ocrx_word' id='word_1_202' title='bbox 1453 2177 1731 2251; x_wconf 82' lang='grc' dir='ltr'><em>παρεστή-</em></span> 
     </span>
     <span class='ocr_line' id='line_1_26' title="bbox 59 2258 1728 2342; baseline 0 -24"><span class='ocrx_word' id='word_1_203' title='bbox 59 2287 100 2320; x_wconf 80' lang='lat'><em>25</em></span> <span class='ocrx_word' id='word_1_204' title='bbox 122 2279 304 2319; x_wconf 89' lang='grc' dir='ltr'><em>σαντο.</em></span> <span class='ocrx_word' id='word_1_205' title='bbox 366 2266 453 2318; x_wconf 80' lang='grc'><em>21.</em></span> <span class='ocrx_word' id='word_1_206' title='bbox 486 2261 552 2318; x_wconf 86' lang='grc' dir='ltr'><em>οὐ</em></span> <span class='ocrx_word' id='word_1_207' title='bbox 598 2261 771 2335; x_wconf 89' lang='grc' dir='ltr'><em>μόνον</em></span> <span class='ocrx_word' id='word_1_208' title='bbox 817 2264 877 2318; x_wconf 75' lang='grc' dir='ltr'><em>δὲ</em></span> <span class='ocrx_word' id='word_1_209' title='bbox 922 2260 1123 2335; x_wconf 75' lang='grc' dir='ltr'><em>ἄνδρες</em></span> <span class='ocrx_word' id='word_1_210' title='bbox 1146 2260 1314 2342; x_wconf 44' lang='grc' dir='ltr'><em>ἱπαρα</em></span> <span class='ocrx_word' id='word_1_211' title='bbox 1354 2258 1502 2338; x_wconf 76' lang='grc' dir='ltr'><em>αὐτῷ</em></span> <span class='ocrx_word' id='word_1_212' title='bbox 1534 2265 1728 2319; x_wconf 83' lang='grc' dir='ltr'><em>τοῦτον</em></span> 
     </span>
     <span class='ocr_line' id='line_1_27' title="bbox 121 2342 1724 2420; baseline -0.001 -18"><span class='ocrx_word' id='word_1_213' title='bbox 121 2347 492 2418; x_wconf 77' lang='grc' dir='ltr'><em>φιλοσοφοῦσι</em></span> <span class='ocrx_word' id='word_1_214' title='bbox 534 2345 631 2403; x_wconf 91' lang='grc' dir='ltr'><em>τὸν</em></span> <span class='ocrx_word' id='word_1_215' title='bbox 675 2346 906 2420; x_wconf 84' lang='grc' dir='ltr'><em>τρόπον,</em></span> <span class='ocrx_word' id='word_1_216' title='bbox 955 2345 1094 2402; x_wconf 76' lang='grc' dir='ltr'><em>ἀλλὰ</em></span> <span class='ocrx_word' id='word_1_217' title='bbox 1139 2349 1231 2402; x_wconf 89' lang='grc' dir='ltr'><em>καὶ</em></span> <span class='ocrx_word' id='word_1_218' title='bbox 1271 2349 1554 2418; x_wconf 76' lang='grc' dir='ltr'><em>γυναικῶν</em></span> <span class='ocrx_word' id='word_1_219' title='bbox 1598 2342 1724 2401; x_wconf 76' lang='grc' dir='ltr'><em>οὐδ’</em></span> 
     </span>
     <span class='ocr_line' id='line_1_28' title="bbox 123 2428 1773 2503; baseline -0.001 -17"><span class='ocrx_word' id='word_1_220' title='bbox 123 2437 271 2488; x_wconf 85' lang='grc' dir='ltr'><em>ἔστιν</em></span> <span class='ocrx_word' id='word_1_221' title='bbox 297 2436 474 2488; x_wconf 76' lang='grc' dir='ltr'><em>εἰπεῖν</em></span> <span class='ocrx_word' id='word_1_222' title='bbox 497 2429 622 2487; x_wconf 80' lang='grc' dir='ltr'><em>ὅσαι</em></span> <span class='ocrx_word' id='word_1_223' title='bbox 652 2429 918 2503; x_wconf 76' lang='grc' dir='ltr'><em>μυριάδες</em></span> <span class='ocrx_word' id='word_1_224' title='bbox 943 2429 1072 2486; x_wconf 84' lang='grc' dir='ltr'><em>καθ’</em></span> <span class='ocrx_word' id='word_1_225' title='bbox 1110 2428 1238 2501; x_wconf 78' lang='grc' dir='ltr'><em>ὅλης</em></span> <span class='ocrx_word' id='word_1_226' title='bbox 1261 2434 1356 2501; x_wconf 82' lang='grc' dir='ltr'><em>τῆς</em></span> <span class='ocrx_word' id='word_1_227' title='bbox 1381 2431 1726 2501; x_wconf 82' lang='grc' dir='ltr'><em>οἰκουμένης,</em></span> <span class='ocrx_word' id='word_1_228' title='bbox 1754 2453 1773 2484; x_wconf 85' lang='lat' dir='ltr'>b</span> 
     </span>
     <span class='ocr_line' id='line_1_29' title="bbox 122 2509 1727 2588; baseline 0 -20"><span class='ocrx_word' id='word_1_229' title='bbox 122 2509 211 2569; x_wconf 78' lang='grc' dir='ltr'><em>οἷά</em></span> <span class='ocrx_word' id='word_1_230' title='bbox 240 2537 384 2580; x_wconf 90' lang='grc' dir='ltr'><em>τινες</em></span> <span class='ocrx_word' id='word_1_231' title='bbox 429 2517 620 2588; x_wconf 74' lang='grc' dir='ltr'><em>ἱέρειαι</em></span> <span class='ocrx_word' id='word_1_232' title='bbox 657 2519 754 2572; x_wconf 82' lang='grc' dir='ltr'><em>τοῦ</em></span> <span class='ocrx_word' id='word_1_233' title='bbox 785 2518 897 2571; x_wconf 79' lang='grc' dir='ltr'><em>τῶν</em></span> <span class='ocrx_word' id='word_1_234' title='bbox 927 2512 1073 2571; x_wconf 80' lang='grc' dir='ltr'><em>ὅλων</em></span> <span class='ocrx_word' id='word_1_235' title='bbox 1113 2518 1282 2585; x_wconf 81' lang='grc' dir='ltr'><em>θεοῦ,</em></span> <span class='ocrx_word' id='word_1_236' title='bbox 1325 2512 1427 2584; x_wconf 83' lang='grc' dir='ltr'><em>τὴν</em></span> <span class='ocrx_word' id='word_1_237' title='bbox 1466 2510 1727 2569; x_wconf 75' lang='grc' dir='ltr'><em>ἀνωτάτω</em></span> 
     </span>
     <span class='ocr_line' id='line_1_30' title="bbox 123 2595 1818 2672; baseline 0 -20"><span class='ocrx_word' id='word_1_238' title='bbox 123 2603 328 2669; x_wconf 93' lang='grc' dir='ltr'><em>σοφίαν</em></span> <span class='ocrx_word' id='word_1_239' title='bbox 358 2595 771 2672; x_wconf 75' lang='grc' dir='ltr'><em>ἀσπασάμεναι,</em></span> <span class='ocrx_word' id='word_1_240' title='bbox 812 2596 1080 2672; x_wconf 80' lang='grc' dir='ltr'><em>οὐρανίου</em></span> <span class='ocrx_word' id='word_1_241' title='bbox 1110 2621 1169 2654; x_wconf 91' lang='grc' dir='ltr'><em>τε</em></span> <span class='ocrx_word' id='word_1_242' title='bbox 1199 2604 1398 2669; x_wconf 85' lang='grc' dir='ltr'><em>σοφίας</em></span> <span class='ocrx_word' id='word_1_243' title='bbox 1440 2603 1603 2671; x_wconf 81' lang='grc' dir='ltr'><em>ἔρωτι</em></span> <span class='ocrx_word' id='word_1_244' title='bbox 1633 2605 1726 2669; x_wconf 83' lang='grc' dir='ltr'><em>λη·</em></span> <span class='ocrx_word' id='word_1_245' title='bbox 1753 2622 1818 2664; x_wconf 63' lang='lat'><em>[841</em></span> 
     </span>
     <span class='ocr_line' id='line_1_31' title="bbox 60 2679 1729 2758; baseline -0.001 -20"><span class='ocrx_word' id='word_1_246' title='bbox 60 2707 100 2739; x_wconf 79' lang='lat'><em>30</em></span> <span class='ocrx_word' id='word_1_247' title='bbox 125 2691 386 2754; x_wconf 86' lang='grc' dir='ltr'><em>φθεῑσαι,</em></span> <span class='ocrx_word' id='word_1_248' title='bbox 419 2686 530 2739; x_wconf 78' lang='grc' dir='ltr'><em>τῶν</em></span> <span class='ocrx_word' id='word_1_249' title='bbox 559 2684 659 2756; x_wconf 72' lang='grc' dir='ltr'><em>μὲν</em></span> <span class='ocrx_word' id='word_1_250' title='bbox 691 2681 892 2758; x_wconf 85' lang='grc' dir='ltr'><em>σαρκὸς</em></span> <span class='ocrx_word' id='word_1_251' title='bbox 927 2681 1170 2754; x_wconf 84' lang='grc' dir='ltr'><em>ἐκγόνων</em></span> <span class='ocrx_word' id='word_1_252' title='bbox 1210 2679 1519 2753; x_wconf 84' lang='grc' dir='ltr'><em>ἠλόγησαν,</em></span> <span class='ocrx_word' id='word_1_253' title='bbox 1551 2685 1729 2754; x_wconf 80' lang='grc' dir='ltr'><em>ψυχῆς</em></span> 
     </span>
     <span class='ocr_line' id='line_1_32' title="bbox 126 2763 1728 2842; baseline 0.001 -21"><span class='ocrx_word' id='word_1_254' title='bbox 126 2765 188 2821; x_wconf 72' lang='grc' dir='ltr'><em>δὲ</em></span> <span class='ocrx_word' id='word_1_255' title='bbox 228 2767 413 2823; x_wconf 77' lang='grc' dir='ltr'><em>πᾶσαν</em></span> <span class='ocrx_word' id='word_1_256' title='bbox 453 2770 768 2839; x_wconf 85' lang='grc' dir='ltr'><em>ἐπιμέλειαν</em></span> <span class='ocrx_word' id='word_1_257' title='bbox 808 2781 1166 2839; x_wconf 81' lang='grc' dir='ltr'><em>πεποιηκυῖαι</em></span> <span class='ocrx_word' id='word_1_258' title='bbox 1205 2764 1334 2832; x_wconf 80' lang='grc' dir='ltr'><em>ὅλας</em></span> <span class='ocrx_word' id='word_1_259' title='bbox 1376 2763 1545 2832; x_wconf 75' lang='grc' dir='ltr'><em>αὐτας</em></span> <span class='ocrx_word' id='word_1_260' title='bbox 1577 2763 1728 2842; x_wconf 76' lang='grc' dir='ltr'><em>αὐτῷ</em></span> 
     </span>
     <span class='ocr_line' id='line_1_33' title="bbox 126 2847 1729 2928; baseline 0.001 -23"><span class='ocrx_word' id='word_1_261' title='bbox 126 2847 336 2922; x_wconf 68' lang='grc' dir='ltr'><em>στόματι</em></span> <span class='ocrx_word' id='word_1_262' title='bbox 376 2851 469 2906; x_wconf 87' lang='grc' dir='ltr'><em>καὶ</em></span> <span class='ocrx_word' id='word_1_263' title='bbox 507 2856 655 2925; x_wconf 77' lang='grc' dir='ltr'><em>ψυχῇ</em></span> <span class='ocrx_word' id='word_1_264' title='bbox 685 2856 760 2928; x_wconf 76' lang='grc' dir='ltr'><em>τῷ</em></span> <span class='ocrx_word' id='word_1_265' title='bbox 792 2858 1127 2925; x_wconf 83' lang='grc' dir='ltr'><em>παμβασιλεῑ</em></span> <span class='ocrx_word' id='word_1_266' title='bbox 1171 2853 1263 2907; x_wconf 84' lang='grc' dir='ltr'><em>καὶ</em></span> <span class='ocrx_word' id='word_1_267' title='bbox 1293 2855 1409 2927; x_wconf 76' lang='grc' dir='ltr'><em>θεῷ</em></span> <span class='ocrx_word' id='word_1_268' title='bbox 1440 2854 1551 2907; x_wconf 78' lang='grc' dir='ltr'><em>τῶν</em></span> <span class='ocrx_word' id='word_1_269' title='bbox 1582 2849 1729 2907; x_wconf 78' lang='grc' dir='ltr'><em>ὅλων</em></span> 
     </span>
     <span class='ocr_line' id='line_1_34' title="bbox 208 2943 1417 2994; baseline 0.002 -10"><span class='ocrx_word' id='word_1_270' title='bbox 208 2957 437 2985; x_wconf 76' lang='lat' dir='ltr'><strong>EUSEmUs</strong></span> <span class='ocrx_word' id='word_1_271' title='bbox 464 2958 539 2987; x_wconf 87' lang='lat'>111.</span> <span class='ocrx_word' id='word_1_272' title='bbox 1353 2943 1417 2994; x_wconf 78' lang='lat'><em>13</em></span> 
     </span>
    </p>
   </div>
  </div>
 </body>
</html>
