1992 3186
267 127 373 177 420
950 126 1195 167 EUSEBH

268 245 470 316 καρδία
501 247 597 298 τοῦ
631 245 766 297 λαοῦ
790 240 1007 311 τούτου,
1040 244 1130 298 καὶ
1155 256 1268 308 τοῖς
1291 238 1430 299 ὠσὶν
1453 242 1642 300 αὐτῶν
1666 246 1879 317 βαρέως

267 326 513 399 ἥκουσαν
544 328 634 381 καὶ
669 323 798 390 τούς
830 323 1160 398 ὀφθαλμοὺς
1185 325 1372 382 αὐτῶν
1400 326 1740 401 ἐκάμμυσαν,
1774 327 1880 400 μή-

218 445 235 467 e
267 434 396 468 ποτε
430 416 590 467 ἴδωσι
621 422 736 476 τοῖς
765 406 1080 481 ὀφθαλμοῖς
1127 409 1313 467 αὐτῶν
1344 414 1435 468 καὶ
1466 426 1579 477 τοῖς
1612 410 1749 467 ὠσὶν
1782 408 1878 468 αὖ-

264 499 376 551 τῶν
401 493 681 551 ἀκούσωσι
705 496 796 550 καὶ
820 498 885 567 τῇ
911 500 1113 569 καρδία
1138 499 1349 552 συνῶσι
1372 497 1464 552 καὶ
1490 498 1876 567 ἐπιστρέψωσι,

266 581 357 635 καὶ
390 577 627 651 ιὀἕσωμαι
660 575 916 643 αὐτούς.”
993 583 1073 635 16.
1111 577 1186 635 δι’
1221 571 1299 636 οἷν
1338 577 1599 652 ἄντικρυς
1628 587 1878 649 θεσπίζει
1902 604 1922 637 5

264 662 366 735 τὴν
419 664 687 736 ἐσομένην
740 669 816 728 εἰς
870 660 1040 719 αὐτὸν
1091 660 1411 735 ἀντιλογίαν
1460 666 1561 720 τοῦ
1595 660 1879 722 Ἰουδαίων

265 750 430 817 λαοῦ,
461 750 553 804 καὶ
587 743 658 812 ὥς
689 745 919 812 ὄψονται
950 748 1051 820 μὲν
1083 746 1288 818 αὐτὸν,
1319 745 1383 804 οὗ
1409 746 1520 820 μὴν
1550 750 1878 820 προσέξουσι

262 838 343 898 τίς
377 842 489 904 εἴη,
523 832 777 903 λέγοντός
808 855 867 887 τε
901 835 960 888 ἐν
991 830 1179 897 αὐτοῖς
1204 834 1296 889 καὶ
1327 831 1685 897 διδάσκοντος
1716 829 1879 890 ἄκου’-

263 934 482 987 σονται,
516 914 581 972 οὐ
612 915 722 988 μὴν
752 917 844 972 καὶ
875 914 1220 987 συνήσουσιν
1243 914 1374 973 οὔθ’
1407 915 1556 982 ὅστις
1589 912 1668 973 ὢν
1691 914 1880 984 αὐτοῖς

263 1002 563 1068 διαλέξοιτο
595 997 728 1057 οὔθ’
762 999 902 1074 ἅπερ
935 998 1123 1066 αὐτοῖς
1154 1004 1250 1073 τῆς
1291 1005 1484 1072 καινῆς
1518 1005 1877 1071 διδασακλίας
1902 1024 1941 1055 ιο

263 1083 582 1156 παραδώσει
612 1082 927 1157 μαθήματα.
993 1090 1072 1140 17.
1106 1099 1375 1159 μαρτυρεῖ
1413 1086 1473 1141 δὲ
1503 1098 1618 1152 τοῖς
1649 1089 1761 1143 τῶν
1791 1085 1878 1145 λό-

263 1194 378 1240 γων
409 1166 847 1242 ἀποτελέσμασιν
869 1165 898 1226 ὁ
931 1165 1320 1240 εὖαγγελιστὴς
1345 1167 1604 1241 Ἰωάννης
1628 1171 1753 1241 περὶ
1777 1174 1877 1227 τοῦ

265 1256 512 1326 σωτῆρος
542 1252 700 1326 ἡμῶν
731 1254 909 1325 λέγων
930 1249 1208 1310 “τοσαῦτα
1251 1254 1312 1309 δὲ
1344 1247 1515 1311 αὐτοῦ
1547 1267 1745 1325 σημεῖα
1777 1275 1879 1310 πε-

215 1360 238 1392 d
264 1336 549 1409 ποιηκότος
581 1345 899 1410 ἔμπροσθεν
941 1335 1129 1394 αὐτῶν
1166 1335 1268 1394 οὐκ
1303 1341 1635 1395 ἐπίστευσαν
1666 1343 1743 1402 εἰς
1774 1334 1880 1394 αὕ-

261 1421 385 1493 τόν,
418 1426 511 1479 ἵνα
542 1420 569 1478 ὁ
602 1420 759 1492 λόγος
782 1420 1012 1478 θΗσαΐου
1042 1427 1139 1478 τοῦ
1170 1420 1458 1494 προφήτου
1489 1425 1781 1496 πληρωθῇ,
1811 1419 1879 1479 ὃν
1902 1442 1942 1475 15

264 1507 402 1576 εἶπε,
435 1504 592 1578 κύριε
631 1512 713 1572 τίς
757 1509 1042 1563 ἐπίστευσε
1072 1510 1138 1578 τῇ
1171 1502 1313 1579 ἀκοῇ
1341 1505 1527 1578 ἡμῶν,
1559 1508 1650 1563 καὶ
1679 1502 1708 1562 ὁ
1740 1512 1873 1579 βρα-

262 1597 399 1662 χίων
434 1597 632 1662 κυρίου
673 1597 783 1648 τίνι
822 1587 1225 1662 ἀπεκαλύφθης
1280 1589 1372 1646 διὰ
1400 1594 1562 1647 τοῦτο
1603 1587 1707 1647 οὐκ
1736 1587 1878 1661 ἠδύ-

261 1698 429 1731 ναντο
461 1673 746 1733 πιστεύειν
767 1674 850 1732 ὅτι
870 1673 1041 1731 πάλιν
1072 1675 1225 1731 εἶπεν
1249 1671 1493 1745 Ἡσαΐας,
1525 1673 1878 1746 τετύφλωκεν

263 1755 449 1815 αὐτῶν
492 1757 617 1824 τούς
658 1758 1016 1832 ὀφθαλμοὺς,
1061 1762 1153 1815 καὶ
1184 1757 1524 1830 πεπώρωκεν
1559 1757 1744 1814 αὐτῶν
1773 1756 1876 1830 τὴν

263 1849 529 1915 καρδίαν,
573 1849 667 1900 ἵνα
708 1843 781 1916 μὴ
815 1849 976 1900 ἴδωσι
1005 1856 1120 1908 τοῖς
1149 1840 1463 1914 ὀφθαλμοῖς
1508 1843 1599 1898 καὶ
1630 1840 1874 1914 νοήσωσι
1897 1865 1939 1896 20

262 1930 330 2000 τῇ
371 1932 574 2001 καρδία
614 1929 706 1982 καὶ
753 1929 1151 1999 ἐπιστρέψωσι,
1208 1928 1300 1982 καὶ
1361 1925 1598 1999 ἰάσωμαι
1656 1924 1872 1991 αὐτούς.

262 2014 435 2067 ταῦτα
478 2010 633 2067 εἶπεν
663 2009 894 2075 “Ησα’ίάς
934 2007 1024 2066 ὅτε
1067 2010 1181 2066 εἶδε
1210 2009 1312 2081 τὴν
1344 2008 1512 2077 δόξαν
1553 2007 1751 2080 αὐτοῦ,
1784 2012 1876 2066 καὶ

264 2093 607 2167 ἐμαρτύρησε
631 2097 756 2167 περὶ
778 2091 1003 2151 αὐτοῦ.”
1039 2092 1524 2166 18.οἰναμφιλο’γως
1540 2087 1642 2151 οὖν
1669 2097 1756 2150 ἐπὶ
1778 2092 1876 2151 τὸν

263 2177 504 2250 Χριστὸν
544 2176 816 2250 ἀνήνεγκε
865 2176 967 2250 τὴν
1012 2181 1072 2234 ἐν
1110 2182 1185 2253 τῷ
1225 2177 1423 2252 “Ησα”ί”α
1464 2176 1807 2250 θεοφοὲνειαν
1844 2173 1874 2234 ὁ

264 2259 673 2334 εὐαγγελιστὴς,
707 2266 799 2320 καὶ
832 2264 919 2319 ε’πὶ
943 2262 1041 2318 τὸν
1065 2260 1350 2320 Ἰουδαίων
1381 2260 1516 2318 λαὸν
1544 2260 1610 2318 οὐ
1635 2266 1873 2332 παραδε-
1896 2285 1938 2317 25

263 2348 532 2420 δεγμένον
581 2347 677 2404 τὸν
721 2351 1038 2419 ἑωραμένον
1074 2352 1150 2422 τῷ
1202 2344 1458 2419 προφήτῃ
1503 2344 1699 2414 κύριον
1738 2345 1874 2402 κατὰ

151 2459 239 2499 (313)
262 2429 364 2502 τὴν
395 2434 522 2503 περὶ
554 2428 727 2488 αὐτοῦ
758 2430 1080 2503 πρόρρησιν.
1135 2433 1210 2506 τῷ
1245 2434 1382 2502 γοῦν
1411 2428 1666 2504 προφήτῃ
1701 2431 1876 2500 ἑωρα-

265 2514 381 2572 κότι
411 2514 507 2572 τὸν
539 2515 734 2587 κύριον
767 2515 1024 2588 Σαβασόθ
1053 2533 1227 2587 φησιν
1255 2512 1284 2570 ὅ
1318 2514 1557 2586 χρησμὸς
1591 2521 1769 2570 εἰπεῖν
1799 2517 1874 2589 τῷ

255 2598 542 2656 Ἰουδαίων
584 2608 738 2657 ἔθνει
779 2597 864 2657 ὅτι
909 2598 976 2672 δὴ
1018 2601 1108 2656 καὶ
1148 2596 1306 2654 αὐτοὶ
1345 2595 1583 2666 ὅψονταί
1617 2620 1748 2655 ποτε
1778 2597 1874 2654 τὸν

266 2677 455 2754 αὐτὸν,
488 2682 612 2739 ἀλλ’
647 2683 713 2740 οὐ
743 2682 1086 2756 συνήσουσιν
1104 2682 1251 2748 ὅστις
1284 2691 1386 2754 εἴη,
1420 2685 1511 2738 καὶ
1541 2681 1874 2738 ἀκούσονται
1895 2704 1936 2736 30

382 2876 433 2914 13
465 2875 535 2914 Jo.
562 2878 627 2925 12,
653 2880 718 2918 37.
