1992 3186
219 87 324 140 602
893 87 1141 129 EUSEBH

220 203 409 278 κύριος
439 200 595 277 ἡμῶν
626 203 826 261 ἑαυτὸν
855 201 1102 270 κενώσας
1125 205 1215 260 καὶ
1239 203 1461 278 μορφὴν
1491 203 1698 262 δούλου
1729 213 1829 262 λα-

220 288 339 361 βὼν
384 290 475 345 καὶ
509 285 740 360 σχήματι
774 283 1027 361 εὑρεθεὶς
1059 283 1132 354 ὦς
1173 285 1471 362 ἅνθρωπος
1504 294 1702 363 δεῖγμα
1731 294 1827 363 τῆς

220 370 612 444 λανθανούσης
652 369 780 439 τούς
821 369 1059 438 πολλοὺς
1103 373 1304 430 ἐνθέου
1337 371 1624 446 δυνάμεως
1656 370 1830 432 αὑτοῦ

219 459 475 530 παρέχων
503 452 643 529 ὁρᾶν
671 470 785 522 τοῖς
818 458 1019 514 ἑαυτοῦ
1049 466 1344 530 μαθηταῖς,
1377 458 1468 513 καὶ
1491 472 1604 525 τοῖς
1622 466 1828 516 θαλατ-

217 547 352 607 τίοις
385 543 691 612 ἐπιβαίνων
721 539 927 614 κύμασι
958 542 1049 598 καὶ
1079 543 1157 616 τῷ
1186 539 1431 598 κλύδωνι
1456 544 1683 609 καὶτοῖς
1705 539 1828 600 ἀνέ-
1851 568 1871 600 5

217 650 338 698 μοις
371 627 636 698 ἐπιτιμῶν
665 623 1097 699 ἀναγέγραπται,
1130 624 1220 683 ὅτε
1251 627 1342 682 καὶ
1373 630 1431 683 οἰ
1455 624 1690 700 ὁρωντες
1723 629 1829 696 ἐξε-

218 708 520 781 πλήττοντο
551 710 804 782 λέγοντες
826 706 1109 775 “ποταπός
1142 713 1291 767 ἐστιν
1319 702 1479 776 οὗτος
1497 755 1512 781 ‚
1542 707 1624 767 ὅτι
1655 712 1747 767 καὶ
1778 715 1834 768 οἱ

217 791 410 867 ἄνεμοι
449 795 540 850 καὶ
580 790 613 866 ἡ
654 792 911 851 θαλασσα
951 791 1100 870 αὐτῷ
1139 790 1555 865 ὑπακούουσιν;
1562 792 1592 814 ”
1655 786 1727 867 ἦν
1770 796 1831 853 δὲ

218 880 310 934 καὶ
340 883 501 935 τοῦτο
531 874 702 935 αλλου
731 878 880 945 τινὸς
910 885 1153 952 μείζονος
1185 878 1496 952 σύμβολον,
1533 881 1832 953 νοουμένης

220 963 409 1036 ἑτέρας
447 961 734 1036 θαλασσης
775 966 836 1020 ἐν
869 964 901 1037 ᾗ
933 966 1148 1036 λέγεται
1189 962 1414 1038 δρακων
1443 987 1524 1030 τις
1557 963 1699 1021 εἶναι
1730 985 1830 1021 πε-
1853 991 1894 1023 10

218 1049 513 1120 ποιημένος
557 1050 1054 1119 ἐγκαταπαίζεσθαι
1105 1046 1216 1105 ὑπὸ
1267 1072 1379 1105 των
1429 1046 1681 1121 ἀγγέλων
1733 1052 1832 1106 τοῦ

107 1154 196 1196 (447)
219 1136 386 1204 θεοῦ,
431 1130 517 1203 ἐφ’
567 1128 639 1204 ἢν
680 1134 774 1189 καὶ
814 1129 991 1204 αὐτὴν
1029 1131 1057 1189 ὁ
1098 1130 1280 1207 σωτὴρ
1321 1134 1412 1189 καὶ
1452 1131 1642 1208 κύριος
1673 1130 1831 1205 ἡμῶν

220 1214 662 1289 ἐμπεριπατήσας
710 1214 814 1288 τὴν
858 1216 1110 1290 κεφαλὴν
1149 1220 1249 1274 τοῦ
1289 1213 1487 1274 αὐτόθι
1530 1215 1830 1289 δράκοντος

217 1302 310 1357 καὶ
341 1305 453 1357 τῶν
483 1303 692 1358 λοιπῶν
721 1306 835 1358 τῶν
863 1299 1298 1373 ὑποβεβηκότων
1329 1299 1651 1375 δρακόντων
1681 1303 1830 1373 λέγε-

216 1409 305 1441 ται
337 1388 760 1457 συντετριφέναι
777 1383 914 1442 κατὰ
936 1383 997 1443 τὸ
1021 1382 1131 1443 “σύ
1161 1388 1515 1452 συνέθλασας
1538 1383 1634 1453 τὰς
1657 1407 1830 1458 κεφα-
1854 1412 1895 1445 15

217 1468 315 1536 λὰς
354 1471 466 1526 τῶν
508 1467 832 1542 δρακόντων
875 1471 962 1526 ἐπὶ
1007 1474 1107 1527 τοῦ
1148 1468 1378 1541 ὕδατος,
1425 1472 1516 1527 καὶ
1562 1468 1632 1528 σὺ
1664 1471 1828 1527 συνέ-

216 1561 431 1620 θλασας
462 1578 557 1621 τας
587 1552 831 1627 κεφαλὰς
870 1557 970 1611 τοῦ
1011 1551 1365 1627 δράκοντος,”
1410 1559 1599 1628 σαφῶς
1643 1555 1831 1627 ἑτέρας

217 1639 522 1710 νοουμένης
552 1637 867 1711 θαλασσης,
901 1641 1027 1710 περὶ
1048 1631 1114 1711 ἧς
1145 1637 1309 1706 αὐτὸς
1340 1637 1508 1696 παλιν
1540 1641 1600 1696 ἐν
1618 1642 1829 1716 Ψαλμω

217 1742 391 1795 φησιν
425 1714 641 1794 “ἦλθον
684 1729 762 1790 εἰς
802 1722 868 1780 τὰ
906 1721 1058 1796 βαθη
1100 1727 1195 1797 τῆς
1235 1721 1538 1796 θαλασσης.
1550 1720 1580 1743 ”
1654 1727 1702 1779 5.
1736 1724 1829 1780 καὶ

217 1805 353 1879 πρὸς
383 1804 480 1864 τὸν
503 1805 627 1879 Ἰὼβ
657 1807 724 1864 τὰ
756 1809 883 1880 περὶ
915 1810 1122 1865 εαυτοῦ
1154 1804 1411 1875 διεξιων’
1413 1800 1604 1878 ἦλθες
1645 1807 1705 1863 δὲ
1739 1808 1826 1863 ἐπὶ
1850 1834 1891 1866 20

170 1915 191 1946 b
218 1888 403 1963 πηγὴν
432 1890 748 1964 θαλασσης,
785 1894 845 1948 ἐν
878 1892 939 1949 δε
972 1901 1183 1965 ἴχνεσιν
1205 1889 1459 1962 αβύσσου
1491 1912 1829 1964 περιεπατη-

218 1995 345 2045 σας;
378 1972 694 2047 ανοίγονται
743 1977 809 2032 δέ
834 1994 921 2033 σοι
950 1974 1109 2051 φόβῳ
1141 1973 1312 2031 πύλαι
1342 1972 1613 2047 θανατου,
1645 1982 1829 2032 πυλω-

218 2061 305 2130 ροὶ
339 2059 398 2115 δε
415 2056 611 2116 Ἀιδου
644 2057 856 2126 ἰδόντες
887 2077 949 2116 σε
981 2056 1286 2131 ἔπτηξαν;”
1336 2058 1557 2125 εἰκότως
1588 2051 1692 2117 οὖν
1723 2057 1830 2117 κάν

216 2145 293 2219 τῷ
323 2141 455 2199 καθ’
491 2138 632 2215 ἡμᾶς
675 2140 781 2219 βίω
816 2142 1007 2214 ἐπιβας
1038 2148 1103 2217 τῇ
1142 2143 1390 2217 θαλαττῃ
1432 2145 1523 2200 καὶ
1554 2156 1669 2210 τοῖς
1698 2144 1830 2200 ἀνέ-

217 2250 338 2299 μοις
381 2225 699 2300 ἐπιτιμήσας
741 2229 832 2284 καὶ
883 2233 957 2304 τῷ
1007 2225 1253 2284 κλύδωνι
1303 2251 1369 2284 τα
1413 2226 1666 2300 σύμβολα
1715 2233 1828 2285 τῶν
1850 2253 1891 2285 25

217 2307 678 2384 ἆπορρητοτέρων
710 2315 962 2369 ἐπιτελει.

332 2534 353 2571 1
386 2532 504 2572 Phil.
530 2534 569 2583 2,
594 2535 634 2576 7.
867 2535 890 2574 7
922 2533 1087 2573 Matth.
1110 2534 1149 2583 8,
1173 2534 1241 2572 27.
1487 2535 1537 2573 15
1569 2533 1734 2582 Ps.74,
1759 2533 1826 2576 13.

219 2589 269 2628 19
301 2589 377 2630 Ps.
400 2590 468 2639 69,
493 2591 533 2628 2.
710 2590 763 2630 :20
792 2589 879 2629 Job
902 2591 969 2639 38,
997 2590 1061 2629 16.
