1946 3158
195 155 296 207 172
871 155 1118 197 EUSEBII

194 291 286 330 σιν
330 270 566 346 πρω’τοις
607 267 795 338 αὐτοῖς
836 273 1171 345 ἑωραμένην.
1241 275 1326 330 47.
1370 277 1542 329 ταῦτα
1581 268 1686 345 γάρ
1728 269 1802 345 μὴ

194 355 464 431 γενόμενα
487 353 625 430 μηδ’
659 353 1009 413 ἀκουσθέντα
1033 379 1118 413 πω
1143 354 1278 413 κατὰ
1302 354 1430 423 τούς
1461 354 1649 412 αὐτῶν
1678 354 1801 429 χρό-

197 466 328 508 νους
370 444 486 508 πῶς
527 444 579 509 ἐξ
625 439 748 506 ἑνὸς
800 439 1064 512 στόματος
1107 438 1451 513 ἐμαρτύρουν
1491 442 1799 513 γεγονέναι,

195 529 352 599 μέχρι
382 528 474 581 καὶ
504 523 754 582 θανάτου
786 522 1144 597 πιστούμενοι
1173 523 1276 597 τὴν
1305 521 1631 598 ὁμολογίαν,
1664 520 1698 596 ἢ
1728 523 1803 597 μή

195 633 326 667 ποτε
357 607 463 684 ἄρα
504 607 875 674 συνελθόντες
917 615 1273 682 συνωμοσίαν
1312 632 1370 665 τε
1409 607 1545 666 κατὰ
1575 606 1634 666 τό
1666 607 1801 665 αὐτὸ
1825 633 1845 666 5

195 695 553 767 πεποιημένοι
584 691 872 765 συνθήκας
904 700 1099 751 ἔθεντο
1130 692 1265 767 πρὸς
1289 691 1559 764 ἀλλήλους
1591 691 1806 750 πλάσα-

195 788 331 835 σθαι
362 780 454 835 καὶ
487 776 946 846 καταψεύσασθαι
975 782 1088 835 τῶν
1117 776 1190 851 μὴ
1222 775 1561 851 γεγονότωνξ
1601 781 1684 834 48.
1713 780 1805 834 καὶ

199 869 378 929 ποίοις
409 860 517 937 ἀρα
547 860 792 920 πιθανὸν
825 868 1004 920 εἰπεῖν
1043 861 1358 937 χρήσασθαι
1390 859 1590 928 αὐτους
1622 860 1804 934 λόγοις

196 949 287 1004 ἐπὶ
315 960 436 1015 ταῖς
466 946 777 1020 συνθήκαις
803 942 833 1019 ἢ
863 946 938 1020 μή
963 970 1095 1004 ποτε
1125 962 1238 1014 τοῖς
1276 952 1516 1004 τοιοῖσδε
1538 942 1806 1020 “”Ανδρες

154 1065 171 1086 0
187 1027 408 1135 :oelstoc,
450 1031 547 1089 τὸν
588 1056 691 1104 μεν
733 1030 800 1104 δὴ
841 1032 973 1105 χθες
1015 1034 1105 1088 καὶ
1147 1030 1343 1104 πρώην
1382 1029 1676 1088 ἀπατεῶνα
1710 1033 1806 1088 και
1829 1056 1869 1086 10

187 1113 441 1220 ἶπλάνης
486 1116 823 1174 διδάσκαλον
863 1112 961 1173 υπ’
1003 1115 1317 1189 ὀφθαλμοῖς
1357 1114 1620 1173 ἁπάντων
1650 1113 1807 1188 ἡμῶν

187 1199 329 1304 Στὴν
361 1200 594 1275 ἐσχάτην
622 1199 1002 1274 ὑπομείναντα
1034 1207 1332 1274 τιμωρίαν,
1377 1198 1526 1267 ὅστις
1556 1200 1686 1257 ποτε
1716 1201 1805 1274 ἠν,

106 1284 203 1346 174]
208 1281 455 1342 πάντων
494 1283 650 1358 ἡμεῖς
689 1283 925 1358 μάλιστα
965 1283 1207 1357 ἀκριβῶς
1242 1294 1431 1358 ἴσμεν,
1473 1281 1562 1341 οἶα
1603 1282 1807 1358 μύσται

187 1365 338 1426 “vc5v
367 1367 699 1442 ἀπορρήτων
731 1366 904 1426 αὐτοῦ
933 1373 1318 1443 γεγενημένοι·
1366 1368 1565 1442 σεμνὸς
1594 1372 1698 1442 μέν
1725 1393 1807 1436 τις

188 1452 341 1519 “τοῖς
380 1461 603 1519 πολλοῖς
645 1451 1001 1527 ἐφαντάζετο,
1047 1461 1143 1511 καί
1180 1478 1231 1511 τι
1272 1456 1441 1511 πλέον
1482 1460 1628 1526 ἔχειν
1658 1453 1806 1526 παρὰ
1829 1476 1871 1509 15

187 1534 351 1605 “vobs
382 1536 620 1604 πολλοὺς
653 1537 904 1612 ἐφρόνει,
936 1535 1105 1596 οὐδὲν
1137 1539 1197 1596 δὲ
1219 1540 1359 1612 μέγα
1389 1536 1522 1596 οὐδὲ
1551 1540 1645 1611 τῆς
1675 1535 1807 1595 ἀνα-

190 1618 470 1690 “στα’σεως
522 1620 676 1691 ἀξιον
729 1621 989 1696 ἐπήγετο,
1031 1629 1081 1680 εί
1117 1621 1193 1697 μή
1230 1648 1312 1690 τις
1350 1621 1410 1680 τὸ
1456 1621 1686 1696 δολερὸν
1716 1625 1809 1679 καὶ

189 1703 477 1765 “ὕπουλον
500 1709 649 1780 λε’γοι
670 1710 771 1765 τοῦ
788 1706 1015 1782 τρόπου,
1049 1710 1141 1765 και
1161 1706 1220 1765 τὸ
1256 1706 1562 1781 διάστροφα
1589 1705 1806 1774 διδάξαι

187 1787 367 1865 “ἡμᾶς
398 1789 602 1859 αὐτους
623 1791 720 1850 τόν
750 1815 809 1849 τε
835 1790 908 1849 δι’
937 1789 1147 1864 ἀπάτης
1171 1807 1374 1864 τυφον·
1421 1795 1502 1847 49.
1537 1787 1670 1848 ἀνθ’
1709 1815 1806 1864 ων,

206 1872 391 1950 φέρε,
426 1875 606 1945 δεξιάς
638 1875 828 1942 δόντες
858 1874 1143 1950 ἀλλήλοις,
1185 1872 1324 1949 ὁμοῦ
1353 1874 1554 1942 πάντες
1585 1874 1806 1933 συνθώ-
1829 1897 1872 1929 20

190 1956 376 2032 “μεθα
416 1963 543 2033 περὶ
583 1958 758 2017 αὐτοῦ
794 1958 1101 2033 σύμφωνον
1143 1963 1450 2033 ἐξενεγκεῖν
1492 1966 1568 2026 εἰς
1599 1958 1807 2028 πάντας

152 2042 564 2118 ᾱεεάνθρώπους
605 2042 850 2117 πλάνην,
891 2046 983 2101 καὶ
1014 2047 1262 2118 λέγωμεν
1295 2047 1598 2117 ἑωρακέναι
1639 2042 1809 2102 αὐτὸν

188 2125 458 2201 “τυφλοῖς
495 2128 555 2185 τὸ
607 2131 835 2206 βλέπειν
885 2131 1311 2203 κεχαρισμένον,
1362 2127 1391 2187 ὃ
1443 2126 1630 2195 οὐδείς
1669 2125 1803 2186 ποθ’

190 2208 384 2286 “ἡμῶν
427 2211 703 2285 ἱστόρησε
761 2215 852 2270 καὶ
883 2227 1093 2286 κωφοῖς
1135 2213 1236 2286 τὴν
1278 2212 1452 2286 ἀκοὴν
1481 2227 1807 2287 παρασχεῖν,

191 2292 461 2363 “ὃούδείς
485 2294 622 2355 ποθ’
647 2295 806 2370 ημῶν
829 2295 1094 2370 ἤκουσεν·
1143 2298 1380 2369 λεπρούς
1411 2321 1470 2355 τε
1501 2304 1804 2371 καθαρίσαι
1825 2317 1870 2350 25

188 2380 320 2438 “καὶ
349 2381 582 2454 νεκροὺς
616 2384 837 2454 ἐγεῖραι.
899 2383 990 2438 καὶ
1022 2380 1347 2455 συλλήβδην
1379 2387 1576 2454 εἰπεῖν,
1609 2378 1643 2438 ἂ
1671 2380 1806 2454 μήτε

191 2463 454 2539 “εἰ’δομεν
505 2464 640 2540 πρὸς
696 2463 869 2523 αὐτοῦ
930 2469 1250 2539 πραχθέντα
1298 2465 1432 2539 μήτε
1490 2463 1807 2539 ἠκούσαμεν

188 2549 529 2624 “λεχθέντα,
560 2554 732 2609 ταῦτα
764 2549 836 2618 ὥς
867 2548 1091 2622 ἀληθῶς
1121 2553 1481 2623 πεπραγμένα
1525 2549 1807 2608 διατεινώ-

191 2631 389 2708 “μεθα.
465 2640 549 2692 50.
591 2632 719 2692 ἀλλ’
763 2637 881 2692 ἐπεὶ
922 2637 1013 2692 καὶ
1058 2633 1091 2708 ἡ
1136 2633 1331 2708 ἐσχάτη
1372 2631 1543 2692 αὐτοῦ
1580 2634 1806 2706 τελευτὴ

189 2715 559 2792 “περιβόητον
599 2727 723 2822 ἔσχε
763 2721 856 2776 καὶ
899 2723 1143 2792 διαφανῆ
1173 2718 1272 2776 τὸν
1305 2717 1584 2791 θάνατον,
1628 2717 1701 2784 ὡς
1730 2717 1804 2791 μὴ
1827 2740 1871 2772 30

189 2798 515 2861 “δύνασθαι
568 2801 737 2861 αυτὸν
791 2802 1236 2876 ἐπικρύψασθαι,
1288 2799 1426 2860 ἀλλὰ
1465 2805 1558 2861 καὶ
1609 2805 1807 2861 τοῦτον

190 2882 260 2906 “f

231 2899 385 2961 ημεῖς
425 2885 800 2963 ἀδιατρέπτως
854 2887 1238 2961 ἐπιλυιόμεθα,
1290 2893 1698 2963 μαρτυροῦντες
1741 2881 1805 2942 εὖ
