1946 3158
199 121 306 174 200
884 124 1134 165 EUSEBII

93 262 182 304 (134)
201 236 500 312 δαιμόνων,
533 235 718 295 αὐτῶν
743 237 811 310 δὴ
831 242 943 295 τῶν
973 243 1319 316 χρησμῳδῶν
1341 243 1513 312 θεῶν,
1545 238 1713 298 ἄκουε
1735 244 1813 318 τῷ

199 326 405 396 σωτῆρι
429 319 586 396 ἡμῶν
609 321 711 395 οὐχ
736 319 922 393 ὥσπερ
953 321 1024 379 σύ
1047 328 1322 396 γοητείαν,
1356 321 1485 381 ἀλλ’
1521 321 1812 397 εὐσέβειαν

199 409 291 464 καὶ
324 414 531 480 σοφίαν
561 408 653 462 καὶ
699 411 777 472 εἰς
809 403 1083 480 οὐρανοὺς
1124 405 1330 465 ἄνοδον
1359 407 1809 483 μαρτυρούντων.

197 498 281 557 τίς
326 488 380 547 δ’
425 487 494 546 ἂν
545 488 757 563 γένοιτό
810 508 898 548 σοι
937 488 1150 548 τούτων
1199 489 1509 559 ἀξιόπιστος
1549 488 1811 566 ὁμολογία

198 579 407 648 μᾶλλον
436 578 532 646 τῆς
562 577 662 631 τοῦ
692 571 827 631 καθ’
870 570 1028 647 ἡμῶν
1057 581 1324 648 πολεμίου
1359 579 1606 651 γραφῆς,
1648 574 1720 649 ἣν
1752 579 1811 634 ἐν
1833 592 1854 625 5

199 656 279 724 οἷς
313 659 589 733 ἐπέγραψε
622 657 809 730 “Περὶ
852 662 949 731 τῆς
995 662 1055 716 ἐκ
1094 666 1301 731 λογίων
1345 657 1716 733 φιλοσοφίας”
1753 664 1813 718 ἐν

197 750 363 819 τρίτῳ
396 742 780 817 συγγράμματι
811 745 1087 815 τέθειται,
1121 735 1234 801 οἶδε’
1260 766 1377 811 πως
1411 747 1645 819 ἱστορῶν
1675 743 1813 802 κατὰ

108 849 174 892 [ετ]
201 829 376 896 λέξιν;

150 935 172 966 b
324 911 442 968 VII.
469 906 841 986 “Παράδοξον
883 921 1015 978 ἴσως
1051 911 1261 980 δόξειεν
1290 910 1361 970 ἄν
1404 932 1550 969 τισιν
1582 912 1724 969 εἶναι
1753 914 1814 969 τὸ

196 997 399 1069 μέλλον
429 997 692 1068 λέγεσθαι
722 992 829 1068 ὑφ’
855 992 1030 1069 ἡμῶν.
1078 996 1175 1054 τὸν
1198 994 1304 1071 γάρ
1335 994 1576 1071 Χριστὸν
1605 1000 1662 1053 oc
1687 998 1812 1054 θεοὶ
1836 1016 1877 1048 10

199 1077 600 1152 εὐσεβέστατον
644 1077 1001 1153 ἀπεφήναντο
1055 1083 1148 1137 καὶ
1200 1077 1485 1138 ἀθάνατον
1528 1078 1812 1153 γεγονότα,

199 1162 460 1238 εὐφήμως
499 1188 558 1221 τε
589 1163 764 1221 αὐτοῦ
801 1161 1269 1238 μνημονεύουσι.”
1331 1167 1422 1222 καὶ
1453 1161 1668 1237 ὑποβὰς
1701 1167 1813 1221 ε’πι-

195 1250 345 1320 λέγει
378 1247 543 1319 “περὶ
584 1251 725 1320 γοῦν
764 1252 865 1305 τοῦ
904 1252 1146 1323 Χριστοῦ
1180 1247 1575 1323 ε’ρωτησάντων
1621 1254 1672 1306 εἰ
1700 1254 1814 1306 ἔστι

198 1332 332 1399 θεὸς
369 1331 420 1407 [ἡ
446 1331 661 1405 Ἑκάτη]
697 1335 871 1406 φησὶν

348 1450 487 1504 Όττι
513 1453 601 1518 μὲν
629 1448 863 1519 άθανάτη
887 1447 1025 1520 ψυχὴ
1056 1473 1178 1518 μετα
1204 1458 1344 1518 σῶμα
1370 1455 1628 1537 προβαίνει
1833 1461 1875 1494 15

363 1523 680 1610 γιγνώσκεις,
710 1526 886 1588 σοφίης
914 1523 966 1574 δὲ
991 1524 1260 1589 τετμημένη
1286 1523 1392 1574 αἰὲν
1416 1517 1615 1575 άλᾶται·

365 1591 539 1658 ανέρος
565 1590 763 1665 εὕσεβίη
788 1592 1187 1662 προφερεστάτου
1215 1594 1342 1645 ἐστὶν
1370 1593 1532 1657 ἐκείνη

365 1664 537 1730 ψυχη

156 1819 172 1839 e
200 1779 600 1852 εὐσεβέστατον
630 1779 737 1856 ἄρα
778 1787 883 1854 ἔφη
926 1779 1095 1838 αὐτὸν
1139 1784 1232 1837 καὶ
1261 1779 1363 1852 τὴν
1403 1778 1588 1854 ψυχὴν
1620 1777 1810 1854 αὐτοῦ,

197 1864 453 1939 καθάπερ
497 1868 590 1923 καὶ
629 1869 742 1922 τῶν
772 1864 986 1937 ἄλλων,
1018 1864 1152 1938 μετὰ
1182 1863 1431 1922 θάνατον
1463 1862 1813 1923 άπαθανατι-
1835 1884 1877 1916 20

197 1952 435 2022 σθῆναι,
489 1947 561 2021 ἣν
614 1951 801 2021 σέβειν
854 1946 1193 2022 ἀγνοοῦντας
1247 1947 1376 2015 τούς
1429 1947 1811 2023 Χριστιανούς.

202 2033 678 2107 ἐπερωτησάντων
712 2034 772 2090 δὲ
806 2033 897 2090 διὰ
928 2039 986 2090 τί
1014 2031 1290 2106 ἐκολάσθη
1324 2039 1555 2107 ἔχρησεν

366 2158 521 2235 Σῶμα
546 2153 635 2216 μὲν
655 2151 925 2236 αδρανέσιν
950 2154 1185 2237 βασάνοις
1211 2155 1305 2205 αἰεὶ
1330 2155 1679 2239 προβέβληται·

368 2216 507 2288 ψυχὴ
537 2217 584 2272 δ’
615 2217 857 2289 εὐσεβέων
896 2226 963 2284 εἰς
989 2219 1230 2292 οὐράνιον
1255 2225 1405 2275 πέδον
1433 2219 1572 2283 ι’,ζει”

197 2344 246 2396 2.
295 2342 386 2397 καὶ
421 2342 655 2412 ἐπιλέγει
697 2362 831 2411 μετα
873 2338 970 2397 τὸν
1009 2340 1255 2413 χρησμὸν
1299 2343 1421 2412 ἑξῆς
1460 2337 1662 2406 (ἀύτός
1707 2363 1811 2397 ουν
1833 2357 1876 2390 25

200 2421 433 2496 εὐσεβὴς
464 2426 556 2480 καὶ
588 2430 664 2490 εἰς
695 2420 998 2497 οὐρανοὺς,
1033 2442 1216 2497 ωσπερ
1248 2449 1300 2481 οι
1333 2422 1597 2496 εὐσεβεῖς,
1630 2422 1813 2498 χωρή-

151 2534 173 2566 d
199 2527 311 2574 σας.
375 2506 514 2565 ὥστε
543 2511 741 2565 τοῦτον
771 2533 873 2581 μεν
899 2504 966 2564 οὐ
998 2507 1443 2581 βλασφημήσεις,
1478 2505 1719 2579 ἐλεήσεις
1751 2508 1812 2564 δε

198 2616 310 2649 των
339 2589 660 2665 ἀνθρώπων
689 2589 792 2665 τὴν
823 2589 1031 2650 άνοιαν.

332 2680 379 2733 3.
422 2680 609 2734 Ταῦτα
648 2678 739 2733 καὶ
779 2679 887 2733 νῦν
930 2675 958 2733 ὁ
1000 2674 1336 2749 Πορφύριος.
1407 2668 1493 2750 ἆρ’
1541 2666 1644 2732 οὖν
1674 2672 1811 2739 άπα-Ι

198 2758 339 2816 τεών
400 2752 584 2830 οὗτος;
641 2757 746 2817 κᾶν
797 2758 862 2816 τοὶ
912 2765 1048 2832 φίλα
1100 2777 1161 2815 σε
1205 2764 1528 2816 δυσωπείτω
1580 2761 1691 2816 τῶν
1731 2764 1807 2815 οἰ·
1831 2780 1874 2813 30

199 2850 367 2901 κείων
400 2843 625 2919 ῥήματα.
676 2851 815 2917 ἔχεις
846 2847 1144 2919 τοιγαροῦν
1166 2841 1262 2900 τὸν
1293 2842 1558 2917 ἡμέτερον
1589 2846 1809 2917 σωτῆρα
