1992 3186
610 81 914 122 DEMONST.
950 81 1170 123 EVANG.
1204 81 1257 124 X.
1289 81 1329 123 8.
1650 79 1754 132 663

143 203 222 265 εἰς
250 201 308 254 τί
327 196 676 269 ἐγκατέλιπές
697 220 793 270 με;
826 202 924 254 καί
941 219 1086 264 τινες
1109 199 1221 254 τῶν
1243 194 1609 254 ἀκουσάντων
1640 203 1754 255 ἔλε-

143 305 276 355 γον,
302 277 497 339 Ἠλίαν
527 279 762 354 φωνεῖ.”

272 369 352 423 15.
371 367 534 467 Φέρε
566 364 634 439 δὴ
658 356 764 424 οὖν
788 364 1001 433 τούτοις
1024 363 1349 432 ἀκολούθως
1375 370 1582 439 ἴδωμεν
1605 362 1754 434 ὅπως

144 455 223 517 εἰς
253 447 425 508 αὐτὸν
455 447 886 524 ἆνενεχθήσεται
925 448 990 508 τὰ
1023 448 1114 507 διὰ
1155 453 1254 507 τοῦ
1291 453 1525 524 Ψαλμοῦ
1557 451 1754 524 δηλού-

98 556 297 609 5μενα.
381 537 473 592 καὶ
525 533 746 609 πρῶτόν
783 559 847 608 γε
889 533 1242 608 διαλάβωμεν
1285 533 1386 608 τὴν
1423 533 1754 608 φάσκουσαν

142 619 473 695 προγραφὴν
494 614 615 686 “είς
653 617 712 677 τό
752 618 961 692 τέλος,”
1007 614 1041 692 ἢ
1081 643 1218 677 κατα
1260 617 1357 678 τόν
1381 615 1654 678 Ἀκύλαν
1657 615 1755 697 ‘1¹93

141 701 458 781 νικοποιςῦ,”
487 699 521 776 ἦ
552 703 688 762 κατὰ
718 701 814 762 τὸν
839 702 1174 778 Σύμμαχον
1179 702 1468 771 ἐπινίκιος
1489 702 1630 778 ὑπὲρ
1659 707 1755 778 τῆς

141 786 500 861 ἀντιλήψεως.
509 785 539 807 ”
616 793 696 846 16.
728 786 898 847 ταῦθ’
931 785 1070 862 ἡμᾶς
1109 784 1521 864 υπεισέρχεται,
1567 812 1651 846 οτι
1692 787 1752 847 τὸ

141 874 244 948 μὲν
273 872 548 947 σωτήριον
577 872 788 944 πάθος,
822 897 894 941 ως
925 878 988 931 αἱ
1014 876 1183 942 λέξεις
1206 876 1320 932 τῶν
1344 872 1754 947 εὐαγγελιστῶν

78 981 119 1014 ιο
142 960 497 1033 παρέστησαν
518 956 789 1026 “σκότους
818 959 1121 1032 γενομένου
1151 956 1259 1015 ἀπὸ
1292 955 1437 1033 ὥρας
1462 961 1619 1032 ἕκτης
1649 960 1753 1026 ἕως
1779 981 1803 1014 d

141 1040 287 1117 ὥρας
320 1038 569 1116 ἐνάτης,”
605 1039 746 1117 ἀμφὶ
771 1041 872 1116 τὴν
898 1041 1097 1116 ἐνάτην
1119 1044 1513 1116 συνετελέσθη,
1543 1041 1634 1100 ὅτε
1658 1044 1752 1100 καὶ

140 1126 242 1199 τὴν
281 1125 480 1201 φωνὴν
519 1124 700 1201 ἀφῆκε
738 1127 842 1199 τὴν
880 1125 1127 1201 μεγάλην
1166 1126 1232 1184 τὰ
1279 1130 1459 1204 μικρῷ
1498 1126 1752 1202 πρόσθεν

143 1215 504 1286 δεδηλωμένα
550 1212 723 1269 εἰπών
742 1257 756 1284 ,
810 1210 947 1270 ὥστε
998 1208 1392 1285 ὁμολογεῖσθαι
1447 1218 1640 1285 σαφῶς
1691 1209 1751 1269 τό

140 1295 322 1364 πάθος
353 1294 528 1355 αὐτοῦ
573 1295 700 1370 ’μφὶ
722 1294 824 1370 τὴν
850 1298 1091 1371 ἑσπέραν
1113 1294 1312 1364 νυκτὸς
1339 1294 1752 1370 ἐπελαυνούσης

78 1402 118 1434 15
141 1383 445 1455 γεγονέναι.
493 1387 572 1439 17.
609 1379 673 1438 τὰ
698 1382 758 1439 δὲ
782 1385 877 1455 τῆς
909 1383 968 1439 ἐκ
991 1384 1206 1456 νεκρῶν
1227 1379 1602 1454 ἀναστάσεως,
1633 1379 1752 1456 ἥτις

141 1458 212 1538 ἦν
241 1463 531 1540 ἀντίληψις
573 1470 673 1524 τοῦ
715 1464 918 1541 πατρὸς
958 1464 1508 1540 ἀντιλαμβανομένου
1549 1467 1642 1523 καὶ
1673 1471 1753 1534 εἰς

143 1550 343 1608 ἑαυτὸν
375 1553 434 1608 ἐκ
463 1555 576 1609 τῶν
605 1555 703 1608 τοῦ
732 1548 985 1609 θανάτου
1008 1556 1227 1625 χωρίων
1252 1552 1637 1624 ἐπισπωμένου
1660 1552 1752 1607 καὶ

140 1633 518 1708 λαμβάνοντος
550 1632 747 1708 αὐτὸν,
778 1632 921 1709 ἀμφὶ
951 1633 1053 1710 τὴν
1082 1638 1153 1693 ἕω
1184 1637 1442 1709 γέγονεν,
1482 1630 1555 1703 ὦς
1586 1626 1752 1701 αὖθις

141 1717 247 1776 άπὸ
287 1744 384 1792 της
434 1724 547 1777 τῶν
601 1718 1008 1793 εὐαγγελιστῶν
1057 1726 1376 1821 μαρτυρίας
1406 1725 1750 1794 παρίσταται.

74 1825 117 1858 20
150 1808 287 1862 18.ο
258 1808 466 1877 ογοῦν
496 1808 717 1870 Λουκᾶς
757 1803 928 1878 φησι“
934 1803 1023 1880 “τῇ
1063 1805 1125 1862 δε
1163 1809 1261 1881 μιᾷ
1301 1808 1414 1862 τῶν
1453 1804 1751 1877 σαββάτων

139 1881 318 1961 ἦλθον
355 1886 569 1963 ὄρθρου
611 1891 818 1961 βαθέος
866 1891 954 1946 ἐπὶ
994 1888 1054 1947 τὸ
1095 1902 1366 1963 μνημεῖον
1405 1891 1676 1962 φέρουσαι
1717 1913 1751 1945 α

140 1971 445 2047 ἡτοίμασαν
468 1971 749 2047 ἆρωματα,
759 1970 786 1992 ”
824 1972 1080 2047 δηλονότι
1103 1979 1166 2031 αἰ
1184 1988 1465 2046 γυναῖκες,
1491 1979 1590 2030 καί
1607 1996 1752 2040 τινες

139 2056 246 2116 σὺν
275 2053 484 2124 αὐταῖς.
545 2050 712 2134 εὗρον
743 2059 802 2116 δὲ
832 2056 929 2116 τὸν
959 2066 1124 2116 λίθον
1153 2055 1660 2132 ἀποκεκυλισμένον
1692 2060 1751 2115 ἐκ
1774 2080 1865 2121 (493)

138 2144 238 2200 τοῦ
274 2148 561 2216 μνημείου.
635 2149 990 2202 εἰσελθοῦσαι
1032 2144 1092 2201 δὲ
1132 2140 1233 2217 οὐχ
1276 2134 1444 2218 εὖρον
1482 2142 1542 2200 τὸ
1574 2146 1749 2217 σῶμα,

75 2246 118 2278 25
143 2223 234 2284 διὰ
263 2225 323 2285 τὸ
353 2224 461 2301 ἤδη
490 2225 588 2285 τὸν
617 2230 837 2302 σωτῆρα
868 2223 1026 2301 ἡμῶν
1058 2230 1116 2285 ἐκ
1145 2231 1363 2302 νεκρῶν
1395 2225 1745 2300 ἐγηγέρθαι.”

142 2315 224 2369 19.
252 2314 414 2369 τοῦτο
440 2312 501 2369 δὲ
523 2310 656 2370 αὐτὸ
681 2315 772 2369 καὶ
793 2310 823 2368 ὁ
848 2311 1080 2385 ,Μάρκος
1097 2317 1260 2384 δηλοῖ
1278 2313 1456 2384 λέγων
1468 2307 1598 2368 “aab
1621 2316 1750 2368 λίαν
1775 2335 1862 2381 [307]

139 2402 289 2468 πρωῒ
324 2399 391 2470 τῇ
429 2398 527 2470 μιᾷ
569 2400 682 2453 τῶν
733 2394 1033 2468 σαββάτων
1073 2402 1324 2469 ἔρχονται
1367 2396 1456 2452 ἐπὶ
1502 2392 1563 2452 τὸ
1608 2418 1750 2468 μνη-

141 2492 328 2551 μεῖον,
362 2486 441 2536 ἔτι
471 2476 858 2547 ἀνατείλαντος
897 2481 997 2537 τοῦ
1026 2475 1215 2551 ἡλίου,
1257 2481 1349 2536 καὶ
1390 2484 1584 2552 ἔλεγον
1613 2477 1751 2552 πρὸς

142 2560 367 2635 ἑαυτὰς,
398 2569 481 2631 τίς
512 2561 822 2637 ἀποκυλίσῃ
847 2561 981 2637 ἡμῖν
1002 2561 1100 2621 τὸν
1131 2568 1296 2622 λίθον
1319 2562 1426 2620 ἀπὸ
1450 2565 1546 2636 τῆς
1569 2561 1751 2638 θύρας

76 2666 119 2699 30
142 2651 240 2705 τοῦ
269 2652 569 2721 μνημείου;
601 2639 673 2720 ἦν
701 2646 807 2722 γὰρ
830 2650 998 2722 μέγας
1022 2646 1258 2722 σφόδρα.
1271 2644 1300 2666 ”
1355 2653 1626 2722 ἔρχονται,
1658 2648 1751 2705 καὶ

254 2843 306 2881 21
340 2842 453 2881 Luc.
477 2842 545 2892 24,
572 2843 610 2883 1.
786 2843 838 2883 27
871 2842 1013 2882 Mare.
1040 2842 1105 2893 16,
1130 2843 1169 2881 2.
