1992 3186
245 131 353 181 424
455 102 461 108 ⁸
949 129 1197 172 EUSEBH

206 282 223 302 c
246 252 395 323 μένῳ
426 260 537 312 τοῖς
573 243 1031 317 ἐντυγχάνουσιν,
1071 241 1154 301 ὅτι
1196 242 1331 302 “ἐο“ιν
1361 245 1434 319 μὴ
1466 244 1856 318 πιστεύσωσιν,

247 328 380 388 οὐδὲ
411 330 484 403 μὴ
527 325 783 386 συνώσι.”
846 331 937 385 καὶ
983 326 1294 400 ἀναγκαίως
1334 334 1473 403 χρῆν
1520 329 1858 403 ἐπισημήνα-

249 425 402 485 σθαι,
439 411 763 480 δεικνύντας
797 411 880 470 ὅτι
910 411 984 485 μὴ
1023 412 1196 485 μόνον
1237 418 1546 486 συνέσεως,
1588 412 1726 471 ἀλλὰ
1766 417 1859 471 καὶ

247 506 480 563 πίστεως
524 503 614 554 δεῖ
648 512 762 563 τοῖς
804 500 1239 570 ἐντευξομένοις,
1292 500 1384 554 καὶ
1435 495 1502 555 οὐ
1542 497 1715 571 μόνον
1765 506 1859 555 πί-

248 602 437 652 στεως,
469 578 607 638 ἀλλὰ
639 583 731 638 καὶ
763 584 1054 647 συνέσεως.
1118 579 1257 639 ὅθεν
1287 587 1344 638 οὗ
1373 585 1431 638 ἐκ
1462 586 1755 655 περιτομῆς
1785 581 1858 655 μὴ
1881 606 1903 638 5

247 664 640 732 πιστεύσαντες
684 673 760 733 εἰς
801 663 899 722 τὸν
939 664 1182 738 Χριστὸν
1210 670 1309 723 τοῦ
1351 671 1520 738 θεοῦ,
1562 669 1725 723 εἰσέτι
1765 668 1859 723 καὶ

247 754 352 807 νῦν
382 749 596 808 τούτων
634 746 1001 823 ἀκροώμενοι,
1044 748 1199 806 οὔπω
1242 752 1333 806 καὶ
1378 756 1454 817 εἰς
1491 754 1657 824 δεῦρο
1688 755 1863 822 συνῆ-

136 862 222 904 [195]
248 858 352 891 καν
390 832 486 891 τὸν
531 834 1050 907 προφητευόμενον,
1094 832 1233 891 ὥστε
1274 830 1361 890 ἐπ’
1409 832 1594 901 αὐτοῖς
1625 833 1862 907 πρώτοις

249 922 627 990 ἐπαληθεῦσαι
679 918 782 991 τὴν
837 917 1158 992 πρόρρησιν.
1265 922 1350 975 29.
1405 917 1543 993 ἀκοῇ
1594 919 1699 990 γὰρ
1749 921 1862 975 τῶν

247 1005 374 1075 περὶ
426 1008 526 1059 τοῦ
578 1005 819 1072 Χριστοῦ
870 1007 1223 1075 προφητειῶν
1276 1000 1367 1058 διὰ
1419 1001 1596 1075 πάσης
1655 999 1858 1076 ἡμέρας
1882 1023 1925 1056 10

247 1086 540 1152 ἀκούοντες
604 1084 703 1143 ὠσὶ
774 1092 1021 1152 διανοίας
1084 1085 1186 1143 οὐκ
1237 1084 1553 1144 ἀκούουσιν.
1658 1092 1753 1157 τῆς
1803 1110 1863 1143 τε

203 1196 225 1229 d
248 1167 476 1243 ἀγνοίας
509 1167 697 1227 αὐτῶν
729 1181 906 1228 αἴτιον
936 1169 1106 1227 οὐδὲν
1131 1172 1318 1248 ἕτερον
1347 1165 1380 1243 ἢ
1411 1167 1635 1227 ἀπιστία
1659 1169 1878 1243 τυγχά-’

248 1278 363 1326 νει,
407 1257 498 1311 καὶ
530 1260 689 1312 τοῦτο
719 1258 814 1327 τῆς
846 1253 1199 1328 προρρήσεως
1231 1251 1490 1321 ἆψευδῶς
1522 1257 1648 1327 περὶ
1679 1252 1863 1312 αὐτῶν

250 1341 342 1395 καὶ
386 1338 521 1411 πρὸς
567 1337 769 1404 αὐτούς
814 1337 1260 1411 ἀποφηναμένης,
1326 1334 1462 1395 “gem
1512 1338 1650 1410 γ’ἀρ,
1703 1340 1861 1411 φησὶ,

249 1422 321 1495 μὴ
354 1421 701 1495 πιστεύσητε,
734 1421 868 1480 οὐδὲ
897 1423 971 1495 μὴ
1004 1419 1251 1494 συνῆτε.”
1334 1427 1418 1479 30.
1465 1420 1588 1479 ἀλλ’
1625 1429 1674 1479 εἰ
1696 1435 1864 1494 φαῖεν
1885 1446 1927 1478 15
1964 1456 1972 1464 ·

249 1505 323 1578 μὴ
375 1510 689 1580 παρθένον,
745 1512 939 1564 νεᾶνιν
980 1508 1040 1563 δε
1081 1505 1407 1579 ωνομασθαι
1450 1510 1511 1563 ἐν
1550 1511 1615 1580 τῇ
1656 1509 1862 1581 γραφῇ,

251 1588 450 1663 (οὕτως
496 1590 602 1664 γάρ
644 1611 782 1663 φασι
822 1595 1096 1664 φέρεσθαι
1137 1589 1268 1663 παρ’
1315 1589 1529 1664 αὐτοις)
1571 1593 1662 1647 καὶ
1701 1606 1863 1648 ποῖον

248 1671 319 1733 ἂν
349 1679 583 1747 γένοιτο,
615 1675 884 1749 φήσομεν,
918 1689 1148 1748 σημεῖον
1173 1680 1501 1747 ἐπαγγελίας
1523 1681 1664 1731 θεοῦ
1691 1672 1863 1745 ἄξιον,

251 1766 303 1816 εἰ
340 1759 605 1831 συνήθως
646 1767 852 1817 τίκτειν
891 1756 980 1816 οἶα
1023 1761 1114 1816 καὶ
1154 1763 1324 1815 πᾶσαι
1365 1772 1626 1830 γυναῖκες
1659 1762 1712 1826 ἐξ,
1742 1755 1865 1830 ὁμι-

251 1851 371 1909 λίας
411 1843 616 1916 ἀνδρὸς
658 1848 719 1901 ἐν
757 1845 954 1916 γαστρὶ
995 1847 1243 1915 λαβοῦσα
1285 1849 1472 1907 νεᾶνίς
1509 1867 1589 1908 τις
1643 1849 1861 1914 ἐμελλε;
1885 1867 1930 1899 20

251 1931 366 1994 πως
401 1929 462 1983 δὲ
492 1930 585 1984 καὶ
614 1927 746 1993 θεὸς
777 1921 848 1997 ἦν
878 1925 907 1982 ὁ
942 1929 995 1993 ἐξ
1021 1925 1190 1997 αὐτῆς
1214 1925 1586 1998 γεννώμενοςς
1648 1928 1739 1982 καὶ
1762 1923 1863 1999 οὐχ

249 2010 436 2077 ἁπλῶς
475 2009 634 2082 θεὸς,
678 2008 799 2066 ἀλλ’
845 2006 873 2066 ὃ
918 2008 1047 2082 μεθ’
1094 2006 1280 2082 ἡμῶν;
1339 2013 1499 2067 τοῦτο
1529 2009 1633 2084 γὰρ
1665 2017 1866 2083 σημαί-

251 2118 370 2151 νειν
401 2093 659 2165 βούλεται
689 2093 749 2150 τὸ
772 2092 1141 2166 Ἐμμανουὴλ,
1173 2092 1308 2164 ὅπερ
1339 2096 1477 2166 φησὶ
1515 2100 1636 2151 δεῖν
1665 2092 1863 2166 ὄνομα·

252 2186 362 2246 ζειν
390 2179 487 2234 τὸν
518 2177 884 2250 γεννώμενον.
943 2173 1107 2234 “ἰδοῦ
1137 2177 1242 2250 γὰρ
1273 2176 1306 2248 ἡ
1338 2181 1637 2250 παρθένος,
1670 2181 1861 2250 φησὶν,

139 2288 228 2330 (316)
256 2266 314 2318 ἐν
345 2264 540 2334 γαστρὶ
573 2261 822 2358 λήψεται,
856 2263 946 2317 καὶ
977 2264 1183 2328 τέξεται
1212 2262 1359 2332 υἱὸν,
1390 2263 1482 2317 καὶ
1513 2263 1757 2327 καλέσεις
1801 2261 1861 2317 τὸ
1885 2284 1931 2317 25

251 2344 423 2418 ὄνομα
467 2344 639 2402 αὐτού
682 2343 1044 2418 Ἐμμανουὴλ,
1077 2344 1107 2402 ὅ
1140 2349 1254 2401 ἐστι
1284 2343 1861 2418 μεθερμηνευόμενον,

251 2429 379 2501 μεθ’
427 2428 584 2502 ἡμων
627 2426 655 2486 ὁ
698 2428 844 2496 θεός.
848 2427 875 2447 ”
968 2433 1051 2485 31.
1113 2443 1269 2493 ποῖος
1310 2430 1369 2485 δε
1409 2431 1501 2485 καὶ
1544 2426 1696 2500 ἄγων
1725 2431 1863 2504 θεω,

251 2510 285 2586 ἢ
317 2528 471 2580 ποῖος
502 2511 572 2571 οὶν
604 2524 688 2586 εἰη
719 2513 884 2580 κόπος
915 2515 1006 2569 καὶ
1038 2511 1245 2586 μόχθος
1297 2515 1383 2568 ἐπὶ
1410 2511 1649 2584 συνήθει
1679 2510 1863 2587 τρόπω

252 2595 513 2669 γυναικὸς
552 2596 866 2669 τικτούσης;
929 2600 988 2654 ἐν
1028 2621 1129 2669 μεν
1167 2621 1272 2669 γαρ
1313 2612 1425 2662 τοις
1455 2592 1734 2668 ἡμετέροις
1769 2593 1863 2653 ἆν-

252 2680 538 2754 τιγροὲφοις
588 2678 688 2754 ὑφ’
749 2679 1129 2754 ἑβδομήκοντα
1181 2677 1434 2753 ἀνδρῶν,
1488 2678 1712 2737 ἄνωθεν
1761 2680 1929 2752 μὲνεο

245 2763 516 2836 Ἐβραίων
546 2765 605 2821 τὸ
635 2767 812 2837 γένος,
847 2762 933 2822 ἐπ’
967 2763 1220 2839 ἀκριβείᾳ
1253 2766 1312 2820 δὲ
1343 2769 1438 2836 τῆς
1469 2771 1704 2833 πατρίου
1734 2786 1863 2819 παι-

258 2853 408 2914 δείας
444 2853 959 2921 δεδοκιμασμένων,
994 2852 1448 2922 ἑρμηνευομένοις
1481 2840 1594 2904 ὦδέ
1617 2871 1731 2913 πως
1762 2849 1864 2918 φέ-
