1946 3158
580 107 889 151 DEMONST.
919 108 1138 151 EVANG.
1172 109 1207 148 1.
1240 110 1280 151 4.
1312 110 1352 148 5.
1658 107 1728 159 29

117 226 445 299 μέλλοντας,
497 220 625 297 μήτ’
669 220 778 280 άπὸ
820 222 998 297 χώρας
1039 221 1163 297 μήτ’
1210 217 1318 281 ἀπὸ
1360 226 1557 295 γένους
1596 222 1724 297 μήτ’

117 308 224 366 ἀπὸ
253 307 426 366 τόπου
455 306 590 381 μήτε
621 315 683 365 ἔκ
712 331 860 374 τινος
893 311 1084 383 ἑτέρου
1114 305 1174 364 τὸ
1205 306 1461 366 σύνολον.
1533 313 1581 365 2.
1614 333 1729 366 τοι-

119 397 278 460 οὗτος
320 393 383 450 δὲ
413 394 662 466 πέφηνεν
706 389 735 449 ὁ
766 393 900 466 πρὸς
941 396 1044 450 τοῦ
1073 395 1318 465 σωτῆρος
1358 389 1515 465 ἡμῶν
1549 391 1727 466 Ἰησοῦ

118 481 361 552 Χριστοῦ
390 479 897 551 νενομοθετημένος
927 476 1093 551 νόμος
1123 501 1181 535 τε
1207 480 1299 534 καὶ
1331 484 1469 550 βίος,
1502 476 1604 550 τὴν
1627 501 1726 535 πα-

74 587 96 619 5
120 560 379 634 λαιτάτην
419 563 510 619 καὶ
551 565 935 637 πρεσβυτέραν
967 565 1218 629 Μωσέως
1259 560 1549 634 εὐσέβειαν
1589 561 1728 619 άνα-

118 645 446 720 νεούμενος,
490 645 629 704 καθ’
663 644 735 719 ἣν
763 645 791 703 ὁ
823 647 1090 719 θεοφιλὴς
1115 645 1360 719 Ἀβραὰμ
1391 648 1483 704 καὶ
1515 651 1571 704 οἱ
1597 645 1727 704 τού-

117 755 216 789 του
240 730 581 805 προπάτορες
607 737 926 788 δείκνυνται
950 734 1419 804 πεπολιτευμένοι.
1463 736 1510 788 3.
1530 738 1580 789 εί
1589 735 1727 803 γοῦν
1751 754 1773 785 d

119 814 440 888 ἐθελήσειας
470 815 566 873 τόν
594 839 654 874 τε
685 819 1035 889 Χριστιανῶν
1068 821 1194 886 βίον
1225 819 1317 873 καὶ
1348 814 1448 888 τὴν
1488 811 1597 872 ὑπὸ
1627 821 1726 873 τοῦ

118 904 359 975 Χριστοῦ
399 904 568 957 πᾶσιν
617 908 808 959 ἔθνεσι
858 902 1349 973 καταβεβλημένην
1398 903 1728 972 θεοσέβειαν

55 1011 95 1042 10
119 983 475 1053 συνεξετάσαι
518 988 594 1061 τῷ
640 983 825 1061 τρόπῳ
870 988 983 1041 των
1027 981 1169 1058 ἀμφὶ
1214 984 1310 1042 τὸν
1346 983 1590 1060 Ἀβρααμ
1636 986 1720 1042 ἐπ’

120 1067 376 1144 εὐσεβείᾳ
416 1072 507 1126 καὶ
541 1069 868 1145 δικαιοσύνῃ
914 1073 1449 1143 μεμαρτυρημένων,
1496 1073 1595 1127 ἕνα
1636 1072 1727 1126 καὶ

117 1153 214 1211 τὸν
244 1147 416 1212 αὐτὸν
447 1150 716 1228 εὑρήσεις.
777 1158 826 1211 4.
862 1158 1070 1211 ἐκεῖνοί
1094 1177 1153 1211 τε
1184 1153 1288 1229 γὰρ
1318 1157 1413 1226 τῆς
1445 1156 1729 1211 πολυθέου

119 1237 331 1310 πλάνης
370 1237 858 1313 ἀποχωρήσαντες,
911 1241 1002 1295 καὶ
1047 1238 1149 1311 τὴν
1180 1240 1306 1313 περὶ
1346 1236 1412 1296 τά
1441 1237 1728 1311 ἀγάλματα

124 1327 565 1396 δεισιδαιμονίαν
594 1323 1040 1397 άποστραφέντες
1058 1369 1072 1395 ,
1102 1322 1525 1398 ὑπερκύψαντες
1552 1323 1613 1380 δὲ
1637 1326 1727 1380 καὶ

60 1431 99 1464 15
122 1406 224 1478 τὴν
253 1403 542 1481 ὁρωμένην
572 1407 793 1465 ἅπασαν
824 1418 1034 1481 κτίσιν,
1076 1410 1168 1466 καὶ
1209 1407 1349 1481 μήθ’
1395 1407 1554 1481 ἥλιον
1594 1407 1730 1481 μήτε

121 1490 364 1564 σελήνην
401 1493 536 1598 μήτε
564 1516 615 1549 τι
647 1497 760 1550 τῶν
790 1497 975 1565 μερῶν
996 1496 1093 1550 τοῦ
1127 1493 1330 1559 παντὸς
1354 1494 1731 1565 θεοποιήσαν-

120 1598 237 1648 τες,
273 1575 359 1648 ἐφ’
398 1579 495 1634 ἕνα
525 1576 622 1634 τὸν
652 1573 914 1634 ἀνωτάτω
946 1575 1115 1648 θεὸν,
1157 1575 1327 1634 αὐτὸν
1368 1576 1437 1649 δὴ
1467 1575 1564 1634 τὸν
1594 1574 1730 1644 ὕψι-

121 1681 253 1717 στον
281 1659 380 1717 τὸν
407 1658 652 1733 οὐρανοῦ
683 1663 774 1717 καὶ
804 1664 904 1733 γῆς
939 1659 1298 1734 δημιουργὸν,
1331 1654 1562 1727 ἑαυτους
1591 1659 1726 1734 ἆνή-
1756 1682 1826 1724 (10)

121 1769 309 1817 γαγον.
371 1749 419 1802 5.
454 1741 484 1802 ὃ
525 1748 616 1802 καὶ
657 1752 987 1817 συνίστησιν
1018 1743 1181 1811 αυτὸς
1212 1744 1239 1802 ὁ
1274 1749 1486 1818 isso-0655·
1521 1749 1581 1802 ἐν
1610 1760 1729 1811 ταῖς

58 1854 100 1886 20
121 1833 216 1901 τῆς
247 1827 632 1903 ἀρχαιολογίας
672 1834 936 1902 ιστορίαις
982 1827 1078 1887 τὸν
1105 1826 1348 1903 Ἀβρααμ
1387 1829 1731 1903 ἀναγράφων

121 1913 406 1986 φάσκοντα
429 1910 673 1972 “ἐκτενῶ
701 1914 803 1987 τὴν
834 1913 990 1988 χεῖρά
1021 1939 1129 1988 μου
1170 1913 1305 1986 πρὸς
1336 1911 1436 1972 τὸν
1465 1913 1603 1972 θεὸν
1633 1914 1730 1972 τὸν

119 1996 383 2072 ὕψιστον,
414 1996 474 2065 ὃς
505 2005 721 2058 ἔκτισεν
749 1998 846 2056 τὸν
875 1997 1117 2074 οὐρανὸν
1148 2002 1238 2056 καὶ
1271 1998 1372 2072 τὴν
1402 1998 1559 2073 γῆν.”

249 2089 297 2141 6.
332 2084 442 2142 Καὶ
473 2083 580 2157 πρό
609 2109 672 2157 γε
702 2082 902 2142 τούτου
951 2083 1192 2156 εἰσάγων
1230 2082 1328 2142 τὸν
1359 2084 1728 2158 Μελχισεδὲκ,

121 2165 188 2225 ὃν
219 2166 290 2241 δή
319 2189 493 2241 φησιν
535 2172 684 2242 ἱερέα
713 2172 1002 2242 γεγονέναι
1041 2173 1141 2226 τοῦ
1171 2172 1313 2227 θεοῦ
1341 2193 1439 2225 του
1469 2168 1730 2240 ὑψίστου,

58 2276 100 2309 25
121 2250 219 2310 τὸν
230 2251 477 2326 Ἀβρααμ
499 2246 614 2311 ωὸέ
630 2277 744 2320 πως
758 2252 1095 2326 εὐλογοῦντα
1110 2249 1547 2327 “emorque-'vos’
1545 2260 1729 2326 Αβρα-

121 2337 195 2411 ἀμ
233 2361 310 2394 τω
350 2340 470 2414 θεῷ
513 2342 588 2415 τῷ
619 2335 865 2415 ὑψίστω,
897 2335 955 2405 ὃς
987 2344 1202 2396 ἔκτισεν
1231 2338 1329 2396 τὸν
1359 2336 1607 2411 οὐρανὸν
1637 2339 1728 2393 καὶ

125 2420 229 2494 τὴν
260 2419 424 2495 γῆν.”

253 2511 298 2566 7.
337 2505 536 2581 Εῧροις
569 2503 621 2563 δ’
666 2502 737 2563 ἂν
767 2509 858 2564 καὶ
897 2505 995 2564 τὸν
1018 2505 1188 2581 Ἐνώχ
1219 2509 1312 2564 καὶ
1354 2507 1450 2564 τὸν
1481 2508 1614 2563 Νωε
1647 2510 1777 2565 δι-ι,

124 2595 466 2658 καιωθέντας
512 2593 604 2647 καὶ
651 2589 1122 2664 εὐαρεστήσαντας
1167 2595 1242 2668 τῷ
1294 2594 1413 2667 θεῷ
1457 2588 1593 2647 κατὰ
1636 2589 1732 2647 τὸν

61 2698 104 2731 30
126 2673 297 2733 αὐτὸν
315 2678 391 2752 τῷ
415 2674 663 2750 Ἀβραάμ
687 2675 907 2750 τρόπον.
949 2675 1087 2733 ἀλλὰ
1112 2674 1244 2733 καὶὸ
1266 2672 1406 2748 Ἰὼβ,
1432 2674 1731 2750 ἅνθρωπος

240 2873 292 2912 21
328 2872 440 2914 Gen.
466 2873 531 2924 14,
554 2872 622 2911 22.
797 2874 849 2912 25
884 2872 999 2912 Gen.
1026 2873 1091 2924 14,
1120 2873 1183 2912 19.
