1992 3186
208 111 313 162 412
886 109 1131 149 EUSEBIl

214 226 570 300 εὐφροσύνην
610 223 720 297 ἅμα
761 221 826 279 τα
872 229 1047 295 ἔρημα
1069 218 1451 297 Ἰερουσαλὴμ,
1495 224 1578 282 ’ὄτι
1616 224 1816 297 ἠλέησε

213 309 401 381 κύριος
444 308 619 379 αὐτὴν
668 309 758 364 καὶ
804 306 1072 379 ἐρρύσατο
1117 303 1521 382 Ἰερουσαλήμ.”
1605 308 1709 366 οὐκ
1748 307 1818 367 ἂν

217 396 276 451 δὲ
307 392 564 466 ἁμάρτοις
594 391 697 464 τὴν
726 389 929 458 παντὸς
959 389 1123 462 ἁγίου
1153 395 1245 448 καὶ
1281 397 1583 465 θεοφιλοῦς
1615 391 1819 466 ψυχὴν,

215 478 355 535 καθὸ
395 478 496 549 μὲν
542 479 769 548 ἐπῆρται
806 479 881 551 τῷ
921 481 1026 551 βίῳ
1069 474 1129 532 τὸ
1168 483 1470 548 πολίτευμα
1516 484 1716 550 ἔχουσα
1763 481 1822 535 ἐν

214 559 475 632 οὐρανοῖς
507 563 791 617 σκοποῦσα
820 558 886 615 τὰ
915 556 1285 632 ὑπερκόσμια,
1329 560 1484 618 Σιών
1511 559 1819 634 ὀνομάζων·
1843 585 1864 618 5

216 643 603 718 (ἑρμηνεύεται
634 643 739 716 γὰρ
771 642 1224 717 σκοπευτήριον)
1266 642 1408 701 καθὸ
1443 645 1502 700 δὲ
1536 647 1595 701 ἐν
1627 642 1824 702 εὐστα-

214 736 346 804 θείᾳ
395 732 485 785 καὶ
537 732 750 801 γαληνῇ
802 733 1005 785 παθῶν
1050 731 1422 800 καθέστηκεν,
1469 725 1826 802 Ἰερουσαλὴμ

217 810 390 885 αὐτὴν
429 811 748 869 ἀποκαλῶν·
810 810 1006 885 ὅρασιν
1043 810 1149 883 γὰρ
1201 811 1421 886 εἰρήνης
1466 814 1826 886 μεταληφθὲν

170 924 188 955 b
215 895 456 969 τοῦνομα
480 903 752 969 σημαίνει.
801 901 847 953 8.
867 887 1080 962 τούτοις
1102 894 1425 964 ἀκολούθως
1447 893 1482 970 ἡ
1505 901 1618 954 τῶν
1642 900 1828 955 ἐθνῶν

105 1006 192 1049 [189]
222 984 304 1039 ἐπὶ
339 979 440 1054 τὴν
473 980 762 1052 εὐσέβειαν
791 986 892 1037 τοῦ
922 984 1062 1037 θεοῦ
1094 983 1284 1052 κλῆσις
1324 984 1693 1055 ἐναργέστατα
1726 987 1826 1053 ὃη-
1850 1007 1890 1038 10

219 1069 408 1122 λοῦται
451 1066 541 1122 δια
578 1070 677 1122 τοῦ
711 1061 837 1120 “καὶ
879 1062 1225 1129 ἀποκαλύψει
1266 1064 1454 1136 κύριος
1493 1064 1521 1122 ὁ
1561 1064 1692 1131 θεὸς
1731 1065 1826 1122 τὸν

218 1156 488 1223 βραχίονα
538 1147 636 1206 τὸν
696 1146 856 1220 ἅγιον
917 1148 1090 1204 αὑτοῦ
1148 1147 1386 1206 ἐντόπιον
1438 1147 1665 1206 πάντων
1715 1156 1827 1206 τῶν

221 1232 461 1291 ἐθνῶν.”
536 1236 626 1289 καὶ
670 1230 901 1302 ὄψονται
941 1231 1121 1290 πάντα
1161 1232 1228 1288 τὰ
1267 1231 1409 1303 ἄκρα
1448 1237 1542 1306 τῆς
1583 1236 1682 1305 γῆς
1725 1233 1828 1305 τὴν

220 1324 498 1392 σωτηρίαν
537 1316 638 1390 τὴν
679 1316 826 1387 παρὰ
870 1322 970 1372 τοῦ
1011 1319 1154 1373 θεοῦ
1193 1315 1402 1388 ἡμῶν.”
1467 1324 1736 1390 βραχίονα
1768 1318 1830 1374 δὲ

218 1406 318 1458 τοῦ
357 1405 497 1458 θεοῦ
534 1401 607 1474 μὴ
647 1398 817 1456 ἄλλον
859 1401 1002 1457 εἶναι
1043 1405 1140 1456 τοῦ
1179 1399 1348 1471 λόγου
1379 1403 1470 1458 καὶ
1501 1405 1596 1473 τῆς
1627 1408 1825 1474 σοφίας
1850 1427 1892 1459 15

220 1488 311 1542 καὶ
344 1483 516 1542 αὐτοῦ
548 1488 646 1542 τοῦ
676 1490 900 1556 κυρίου,
945 1482 1004 1550 ὅς
1037 1489 1187 1542 ἐστιν
1216 1483 1244 1541 ὁ
1277 1485 1509 1557 Χριστὸς
1539 1488 1638 1542 τοῦ
1665 1489 1837 1555 θεοῦ,

221 1569 418 1643 νόμιζε.
482 1575 528 1626 9.
561 1572 722 1626 τοῦτο
753 1571 891 1640 γοῦν
918 1572 976 1625 ἐκ
999 1572 1221 1625 πολλῶν
1243 1576 1591 1642 παραστῆσαι
1615 1567 1826 1644 ῥᾴδιον.

185 1690 201 1711 c
226 1662 363 1727 ἔχεις
419 1654 479 1710 δὲ
531 1657 623 1710 καὶ
677 1657 736 1709 ἐν
773 1651 973 1729 Ἐξόὸω
1013 1652 1107 1710 τὸν
1147 1650 1358 1726 Ἰσραὴλ
1397 1660 1648 1726 βραχίονι
1689 1659 1831 1711 θεοῦ

223 1740 507 1809 ῥυσθέντα
547 1741 640 1809 τῆς
683 1733 784 1793 ὑπ’
819 1743 1147 1808 Αἰγυπτίοις
1195 1743 1465 1803 δουλείας.
1549 1734 1720 1794 αὐτὸν
1760 1737 1828 1808 δὴ

225 1827 439 1879 ἐκεῖνον
468 1821 565 1879 τὸν
595 1827 865 1893 βραχίονα
894 1823 995 1877 τοῦ
1032 1824 1173 1877 θεοῦ
1212 1820 1308 1877 τὸν
1338 1819 1695 1893 ἆναφανέντα
1726 1841 1828 1878 σω·
1850 1846 1893 1878 20

222 1912 360 1977 τῆρα
389 1910 488 1962 τοῦ
519 1905 687 1962 πάλαι
711 1907 849 1961 λαοῦ
871 1907 1004 1960 πᾶσι
1027 1919 1140 1970 τοῖς
1166 1910 1392 1962 ἔθνεσιν
1422 1903 1830 1977 ἀποκαλυφθή-

225 2000 460 2061 σεσθαι,
502 1985 575 2054 ῶς
615 1986 684 2045 ἂν
714 1987 774 2045 τό
805 1991 938 2058 πρὶν
971 1991 1470 2061 ἐπικεκρυμμένον,
1512 1985 1545 2060 ἡ
1578 1993 1830 2061 παροῦσα

225 2078 480 2145 σημαίνει
521 2079 841 2143 προφητεία.
924 2071 1026 2144 τὴν
1079 2074 1138 2129 δὲ
1191 2080 1494 2146 σωτηρίαν,
1548 2070 1618 2144 ἦν
1659 2091 1831 2145 φησιν

224 2154 463 2222 ὄψεσθαι
503 2154 683 2212 πάντα
724 2157 789 2210 τα
829 2153 970 2227 ἄκρα
1009 2159 1105 2226 τῆς
1149 2160 1276 2228 γῆς,
1320 2158 1409 2212 καὶ
1451 2154 1522 2228 ἣν
1551 2153 1831 2226 ἀνώτερον

228 2240 428 2312 ἐδήλου
467 2244 644 2310 λέγων
677 2235 795 2294 “ὃ’τι
838 2235 1116 2310 ἀκουστὴν
1155 2238 1368 2310 ποιήσω
1409 2238 1510 2310 τὴν
1551 2247 1830 2311 σωτηρίαν
1852 2262 1895 2295 25

227 2320 385 2396 σου,”
422 2333 540 2380 ἴσθι
570 2326 636 2396 τῇ
661 2319 930 2396 Ἐβραίων
960 2326 1124 2396 φωνῇ
1151 2328 1225 2397 τῷ
1264 2326 1363 2378 τοῦ
1385 2322 1564 2394 Ἰησοῦ
1604 2320 1831 2396 ὀνόματι

226 2405 755 2480 προσαγορεύεσθαι.

184 2599 205 2629 d
782 2571 909 2631 Ἀπὸ
940 2579 1038 2630 τοῦ
1070 2570 1257 2629 αὐτοῦ.

354 2697 496 2744 XXV.

535 2682 591 2704 ((1

586 2685 719 2743 Ιὸοὐ
765 2683 952 2755 κύριος
985 2684 1057 2751 ῶς
1090 2687 1201 2754 πῦρ
1245 2683 1357 2756 ἥξει
1410 2688 1498 2741 καὶ
1543 2685 1614 2752 ῶς
1646 2710 1830 2742 καται·

342 2850 394 2888 29
426 2850 684 2899 Es.66‚15.
