1992 3186
265 123 371 174 260
942 125 1193 166 EUSEBII

263 248 467 312 ληφεν,
510 237 601 296 ὅτε
639 242 751 296 τῶν
781 236 955 296 αὐτοῦ
993 242 1260 310 μαθητῶν
1291 246 1370 307 εἰς
1412 246 1598 299 πᾶσαν
1631 240 1734 313 τὴν
1764 244 1871 313 γῆν

264 327 498 396 ἐξῆλθεν
537 322 564 380 ὁ
597 322 873 396 φθόγγος,
921 324 1012 379 καὶ
1045 329 1122 389 εἰς
1153 322 1218 380 τὰ
1249 327 1458 399 πέρατα
1488 329 1584 398 τῆς
1614 328 1871 398 οἰκουμέ-

261 432 359 480 νης
389 406 455 464 τὰ
485 406 699 480 ῥήματα
731 405 932 465 αὐτῶν.
997 411 1041 463 7.
1077 407 1388 482 διαρρήδην
1420 410 1483 466 δὲ
1511 409 1609 468 τὸν
1631 403 1871 483 Χριστὸν

260 490 511 564 ὀνομάζει
542 490 961 565 προαγορεύσας
983 489 1012 547 ὃ
1036 489 1215 563 λόγος,
1241 488 1314 559 ὥς
1336 489 1406 549 ἂν
1433 496 1486 561 ἐξ
1511 493 1686 552 αὐτοῦ
1703 511 1869 568 προσ·

262 576 416 632 ω’που
450 573 732 632 διδάσκων
763 571 933 632 αὐτὸν
975 575 1117 632 εἶναι
1141 573 1236 632 τὸν
1266 575 1392 634 υιόν
1429 581 1529 634 τοῦ
1558 584 1727 650 θεοῦ,
1775 576 1866 635 διά
1891 602 1911 634 5

260 665 358 716 τοῦ
382 655 609 765 “κύριος
643 659 763 716 εἶπε
793 658 928 733 πρός
958 682 1054 732 με,
1087 658 1207 726 υἱός
1238 680 1344 733 μου
1368 660 1418 717 εἷ
1447 661 1537 733 σύ,
1573 661 1677 734 ἐγώ
1708 660 1871 735 σήμε-

261 767 360 817 ρον
391 742 698 816 γεγέννηκά
729 742 824 800 σε.’
900 734 944 819 ᾦ
983 742 1328 816 παραθήσεις
1359 747 1451 801 καὶ
1482 745 1542 802 τὸ
1575 750 1634 804 ἐν
1665 755 1871 851 Παροι-

260 835 410 899 μίαις
449 826 617 885 πάλιν
661 831 713 895 ἐξ
746 826 916 884 αὐτοῦ
958 846 1258 900 προσωπου
1290 821 1401 886 ωδέ
1434 853 1550 896 πως
1582 832 1873 904 εἰρημένον

271 911 399 986 “πρὸ
443 918 542 968 τοῦ
580 910 682 986 ὅρη
727 914 1103 986 ἑδρασθῆναι,
1143 912 1249 985 πρὸ
1294 914 1354 970 δε
1394 913 1619 972 πάντων
1648 919 1873 986 βουνῶν

147 1021 236 1064 [117]
266 1001 436 1071 γεννᾷ
476 1021 557 1069 με.
670 995 731 1053 τό
770 1019 829 1053 τε
872 1000 932 1054 ἐν
971 995 1071 1070 ρθ’
1110 1001 1319 1073 Ψαλμςό
1365 996 1501 1071 πρὸς
1539 1002 1638 1055 τοῦ
1669 995 1873 1070 πατρὸς
1897 1021 1935 1052 10

262 1078 411 1157 αὐτῷ
457 1083 1006 1155 προσπεφωνημένον
1047 1105 1185 1137 κατα
1229 1079 1341 1138 τὸ
1346 1079 1430 1138 ‘c-'x
1481 1080 1716 1156 γαστρὸς
1767 1081 1873 1156 πρὸ

151 1190 243 1232 (184)
266 1164 558 1239 ἑωσφόρον
597 1163 904 1237 γεγέννηκά
945 1161 1061 1222 σε.”
1127 1170 1173 1222 8.
1221 1168 1519 1238 ἐπίστησον
1561 1167 1622 1223 δὲ
1663 1162 1734 1232 ὥς
1775 1169 1873 1223 ἕνα

263 1252 354 1306 καὶ
383 1247 479 1306 τὸν
510 1247 679 1306 αὐτὸν
709 1247 973 1322 ὀνομαστὶ
1003 1247 1244 1320 Χριστὸν
1283 1248 1423 1322 ὁμοῦ
1455 1252 1548 1307 καὶ
1578 1251 1704 1307 υἱὸν
1733 1254 1874 1307 θεοῦ

261 1330 359 1390 ὑπ’
396 1330 717 1404 ἀνθρώπων
750 1331 1268 1405 ἐπιβουλευόμενον,
1303 1336 1395 1390 καὶ
1420 1338 1626 1406 κλῆρον
1646 1333 1712 1390 τα
1734 1339 1874 1406 ἔθνη

263 1417 605 1525 ληψόμενον,
637 1415 890 1488 περάτων
919 1440 978 1472 τε
1007 1419 1106 1489 γῆς
1138 1415 1482 1489 κρατήσοντα
1511 1424 1875 1487 θεσπίζουσιν
1899 1440 1939 1474 15

265 1527 323 1558 αι
366 1504 508 1575 ιεραὶ
548 1503 785 1574 γραφαὶ,
840 1503 970 1557 δυσι
1008 1508 1320 1575 τεκμηρίοις
1371 1500 1476 1574 τὴν
1525 1509 1603 1569 εἰς
1650 1498 1876 1577 ἄνθρω-

263 1608 401 1652 πους
432 1591 753 1658 οἰκονομίαν
785 1582 957 1642 αὐτοῦ
986 1591 1377 1658 σημαίνουσαι,
1414 1585 1505 1643 διά
1535 1610 1595 1643 τε
1625 1590 1719 1658 τῆς
1750 1584 1874 1642 κατ’

264 1694 436 1726 avvov
475 1673 750 1741 συσκδυῆς
792 1672 883 1726 καὶ
926 1669 1016 1725 δια
1046 1673 1141 1742 τῆς
1179 1693 1260 1726 vn
1326 1694 1498 1728 avtov
1539 1676 1651 1728 τῶν
1691 1672 1876 1727 ἐθνῶν

261 1753 556 1826 υποταγῆς.

886 1912 1118 1979 Ψαλμοῦ
1151 1905 1256 1963 ιθ’.
1896 1946 1938 1977 20

265 2012 464 2068 Χριστὸς
486 2011 713 2070 ὀνομαστὶ
743 2015 836 2058 τῶν
866 2010 1141 2079 αἰτημάτων
1171 2009 1403 2057 ἁπάντων
1432 2009 1563 2067 παρὰ
1591 2014 1676 2056 τοῦ
1698 2008 1878 2067 πατρὸς

933 2086 1191 2125 τυγχάνων.

221 2196 240 2229 b
393 2178 440 2229 9.
475 2170 816 2244 “Πληρω’σαι
855 2171 1042 2245 κύριος
1082 2171 1262 2229 πάντα
1310 2169 1374 2228 τὰ
1430 2169 1700 2244 αἰτήματά
1754 2190 1871 2227 σου.

266 2261 374 2314 νῦν
406 2262 584 2327 ἔγνων
613 2253 695 2311 ὅτι
727 2262 898 2312 ἔσωσε
929 2256 1118 2329 κύριος
1141 2253 1237 2312 τὸν
1250 2255 1493 2328 Χριστὸν
1524 2253 1715 2326 αὑτοῦ,
1749 2257 1875 2311 ἐπα-

267 2339 524 2397 κούσεται
556 2336 727 2396 αὐτοῦ
759 2341 810 2406 ἐξ
842 2338 1087 2412 οὐρανοῦ
1115 2337 1278 2410 ἁγίου
1311 2335 1545 2395 αὑτοῦ.”
1897 2361 1939 2393 25

385 2423 535 2481 Ἐπεὶ
575 2421 855 2495 πρόκειται
895 2427 1003 2479 νῦν
1045 2425 1394 2495 παραστῆσαι
1437 2419 1513 2478 δι’
1560 2419 1708 2479 ὅσων
1748 2419 1876 2478 ὀνο-

269 2510 432 2581 μαστὶ
473 2506 501 2564 ὁ
542 2506 775 2580 Χριστὸς
818 2510 877 2564 ἐν
915 2521 1033 2572 ταῖς
1075 2512 1438 2579 προφητείαις
1489 2502 1875 2579 ἀνηγόρευται,

273 2590 493 2659 εἰκότως
525 2594 615 2648 καὶ
647 2594 819 2648 ταῦτα
854 2597 1226 2663 παρατίθεμαι
1259 2593 1506 2663 ἐναργῶς
1537 2588 1877 2664 κηρύττοντα

270 2674 366 2733 τὸν
404 2674 658 2748 Χριστόν,
734 2680 811 2731 10.
856 2673 979 2741 ὅλος
1022 2675 1082 2730 δὲ
1121 2670 1149 2730 6
1199 2673 1426 2745 Ψαλμός
1475 2677 1533 2730 ἐκ
1577 2672 1875 2747 προσώπου

386 2870 410 2907 9
440 2869 573 2908 Prov.
597 2869 638 2918 8,
661 2871 731 2910 ⁶25.
905 2869 954 2907 11
988 2867 1062 2908 Ps.
1090 2868 1180 2917 109,
1212 2868 1253 2906 3.
1426 2869 1480 2907 23
1512 2866 1586 2909 Ps.
1611 2867 1676 2914 19,
1702 2868 1742 2905 5.
