1946 3158
381 613 912 676 KE<1>AAALQN
957 614 1524 710 ΚΑΤΑΓΡΑΦΗ,

140 883 1758 926 ΤΑΔΕΕΝΕΣΤΓΝΕΝΤΩΙΠΡῼΤῼΙΣΤΓΓΡΑΜΜΑΤΙ

220 955 360 995 ΤΗΣ
391 953 918 996 ΕΤΑΓΓΕΛΙΚΗΣ
951 953 1091 994 ΤΟΤ
1122 953 1457 996 ΣῼΤΗΡΟΣ
1492 953 1694 995 ΗΜΩΝ

708 1020 1195 1069 ΑΠΟΔΕΙΞΕΩΣ.

97 1139 119 1172 5
145 1118 204 1171 α’.
235 1123 359 1170 Τίνα
378 1120 462 1170 καὶ
492 1115 648 1171 ὁπόσα
668 1114 1058 1202 ἐπαγγέλλεται
1029 1140 1061 1185 η
1077 1123 1383 1204 πραγματεία
1418 1141 1464 1187 p.
1488 1126 1517 1173 3
1536 1126 1604 1172 ed.
1626 1125 1757 1171 Fam.

141 1188 204 1257 β’.
249 1193 335 1252 Τίς
355 1185 381 1241 ὁ
399 1211 522 1241 κατα
543 1188 628 1242 τὸν
648 1186 1035 1259 Χριστιανισμὸν
1061 1186 1309 1257 εὐσεβείας
1331 1188 1510 1257 τρόπος

1269 1322 1290 1330 -
1361 1282 1408 1347 p.
1440 1267 1502 1312 11
1533 1267 1601 1313 ed.
1628 1266 1756 1312 Fahr.

143 1330 200 1399 γ’.
223 1326 333 1383 Ότι
359 1352 424 1397 μη
452 1334 572 1383 πᾶσι
598 1337 699 1393 τοῖς
726 1332 894 1382 ε’θνεσι
921 1327 1220 1396 καταλληλος
1255 1331 1321 1396 ἠν
1355 1327 1387 1396 ἡ
1414 1352 1542 1382 κατα
1569 1331 1759 1382 Μωσέα

248 1405 468 1453 πολιτεία
570 1445 1286 1458 .........
1362 1423 1408 1469 p.
1437 1408 1501 1454 17
1530 1408 1598 1454 ed.
1625 1407 1756 1452 Fabr.

78 1491 120 1522 10
146 1472 204 1526 δ’.
249 1474 312 1524 Τί
334 1471 395 1537 δή
421 1492 537 1523 ποτε
571 1493 630 1523 τα
656 1493 789 1541 παρα
807 1469 1066 1533 Ἰουδαίοις
1103 1467 1459 1538 ἀποδεχόμενοι
1498 1470 1636 1539 λόγια
1673 1467 1758 1521 τὸν

250 1538 370 1610 παρ’
400 1536 567 1605 αὐτοῖς
591 1544 704 1610 βίον
728 1541 1122 1613 παρῃτησάμεθα
1231 1586 1258 1598 ..

1081 1634 1125 1679 p.
1158 1619 1572 1665 7³.ed.1³a1is.a.
1605 1618 1757 1666 1628.

146 1681 197 1734 ε’.
245 1686 326 1744 Τίς
350 1677 375 1734 5
403 1686 492 1733 τοῦ
512 1685 734 1766 Χριστοῦ
761 1688 855 1766 τῆς
871 1686 1051 1749 καινῆς
1067 1682 1315 1748 διαθήκης
1333 1680 1513 1750 τρόπος
1584 1704 1628 1749 p.
1670 1688 1756 1734 91).

149 1752 204 1815 ς’.
246 1757 389 1815 Τίςο
431 1774 554 1805 κατα
588 1748 680 1818 τὴν
714 1774 894 1818 καινην
931 1750 1187 1819 διαθήκην
1237 1756 1623 1820 κατηγγελμένος
1660 1748 1758 1803 υπὸ

79 1841 123 1873 15
252 1827 340 1876 τοῦ
364 1828 585 1907 Χριστοῦ
609 1827 762 1875 πᾶσιν
786 1819 1078 1910 ἀνθρώποις
1101 1827 1211 1890 βίος
1303 1869 1314 1879 .
1393 1868 1402 1878 ,
1480 1870 1490 1879 ,
1567 1845 1613 1890 p.
1645 1829 1759 1875 120.

147 1891 200 1956 ζ.
243 1900 364 1956 Πῶς
391 1887 416 1944 ὁ
444 1888 656 1962 Χριστὸς
680 1916 740 1946 τα
765 1891 899 1959 παρὰ
918 1901 1111 1946 Μωσεῖ
1127 1894 1364 1961 πρότερον
1386 1895 1637 1955 ἐκτελέσας
1656 1914 1762 1944 και-

243 1968 346 2048 νῆς
372 1966 455 2016 καὶ
482 1967 596 2026 νέας
621 1961 917 2050 εἰσαγωγευς
941 1968 1150 2050 κατέστη
1175 1967 1422 2026 πολιτείας
1473 2009 1483 2020 ,
1560 1987 1603 2032 p.
1634 1970 1757 2017 251).

199 2030 331 2096 ..Ως
355 2037 422 2097 εἰς
450 2035 539 2087 δύο
567 2033 779 2100 τρόπους
802 2031 828 2087 ὅ
851 2057 976 2087 κατα
1003 2056 1092 2087 τον
1114 2030 1502 2102 Χριστιανισμὸν
1531 2032 1762 2105 διῄρηται

78 2193 124 2224 20
149 2172 216 2228 θ.
147 2057 544 2242 ηξξίοῗῖήοποτε
579 2151 647 2242 μη
674 2150 857 2243 ομοίως
852 2148 862 2159 ·
891 2150 994 2238 τόῖς
1018 2151 1248 2238 παλαιοις
1282 2150 1528 2244 καὶ.παρ’
1556 2111 1762 2242 aaz&

255 2250 342 2312 τῆς
366 2249 697 2309 πολυπαιδίας
722 2246 1048 2310 σπουδαζεται
1123 2291 1488 2303 .....
1564 2268 1610 2313 p.
1641 2253 1757 2299 300.

150 2317 198 2369 ι’.
259 2321 370 2369 Τίνι
399 2317 528 2389 λόγῳ
554 2312 621 2384 μὴ
640 2317 725 2368 καὶ
745 2312 866 2383 ἡμῖν
885 2315 1064 2384 ὁμοίως
1083 2324 1191 2380 τοῖς
1209 2323 1438 2380 παλαιοῖς
1456 2320 1650 2384 θυμιᾶν
1676 2317 1761 2366 καὶ

258 2389 404 2439 θύειν
429 2392 499 2459 τῷ
523 2391 631 2459 θεῷ
655 2410 714 2440 τα
738 2386 900 2455 γεώδη
925 2389 1258 2456 παραδέδοται
1299 2435 1308 2444 ,
1389 2433 1398 2442 ,
1477 2432 1486 2442 ,
1564 2409 1609 2454 p.
1639 2393 1758 2440 343.

350 2629 438 2670 EN
469 2629 588 2671 ΤῼΙ
621 2629 987 2672 ΔΕΤΤΕΡΩῙ
1019 2620 1553 2672 ΣΤΓΓΡΑΜΜΑΤΙ

86 2740 130 2771 25
140 2706 253 2761 Ότι
278 2705 345 2793 μὴ
373 2731 436 2772 ως
462 2711 630 2778 ἔτυχεν
655 2711 779 2777 μηδὲ
804 2732 964 2777 ματην
990 2734 1075 2772 τας
1099 2732 1198 2777 παρ
1208 2705 1492 2777 Ἐβραίοις
1516 2729 1764 2776 προφητι-

259 2801 350 2841 κας
373 2783 578 2864 βίβλους
604 2780 685 2832 διὰ
710 2798 870 2846 πασης
894 2783 1114 2846 σπουδῆς
1139 2781 1433 2865 περιέπομεν
1484 2824 1495 2836 .
1570 2802 1615 2847 p.
1641 2785 1761 2832 43³.

155 2848 216 2900 α’.
240 2847 407 2911 Όπως
432 2873 491 2902 τα
516 2852 811 2919 χρηστότερα
838 2852 949 2917 περὶ
976 2848 1117 2917 ἡμῶν
1142 2857 1242 2904 τῶν
1274 2846 1571 2916 αλλοφύλων
1595 2850 1766 2901 ἐθνῶν
