1946 3158
115 1032 185 1075 1⁷31

218 133 321 185 170
898 132 1145 175 EUSEBII

213 248 401 317 αὐτοῖς
445 255 831 323 διατρίβοντα,
875 251 965 305 καὶ
1001 246 1078 306 δι’
1125 247 1334 322 ἀπάτης
1376 247 1604 322 αὐτοὺς,
1648 247 1720 315 ῶς
1751 246 1822 307 ἂν

211 341 351 408 φαίη
395 359 502 407 τις,
548 331 982 406 ἀποπλανῶντα,
1026 340 1083 391 τί
1119 335 1251 407 οὐν,
1293 359 1377 391 οτι
1417 337 1508 391 καὶ
1554 332 1690 407 μετὰ
1719 332 1821 406 τὴν

211 417 500 492 τελευτὴν,
544 421 634 475 καὶ
675 416 817 475 πολὺ
857 420 1068 491 μᾶλλον
1096 417 1217 476 τότε
1248 415 1282 492 ἢ
1319 418 1614 492 πρότερον,
1648 416 1819 476 αὐτὸν

211 503 595 575 τεθειάκασιν,
639 505 757 560 ἐπεὶ
797 500 903 560 σῦν
944 499 1265 578 ἀνθρώποις
1299 504 1535 576 μένοντα
1567 505 1817 576 λέγονται

211 591 302 645 καὶ
347 587 771 645 ἀπολελοιπέναι
812 589 904 644 καὶ
945 583 1314 688 ἀπηρνῆσθαί
1349 610 1510 659 ποτε,
1549 587 1639 645 ὅτε
1670 584 1820 665 αὐτῷ
1842 614 1863 648 5

210 670 276 728 τά
305 675 399 745 τῆς
430 696 492 744 γε
537 674 833 745 ἐπιβουλῆς
867 670 1241 746 ἐσκευώρητο,
1282 672 1417 746 μετὰ
1451 673 1512 729 δὲ
1543 672 1602 730 τὸ
1635 676 1688 740 ἐξ
1719 670 1822 730 ἀν-

208 755 458 827 θρῶπων
498 759 763 828 γενέσθαι
802 753 1052 830 ἀσμένως
1095 754 1250 814 αὐτοὶ
1296 756 1567 830 θνήσκειν
1610 759 1821 830 μᾶλλον

207 837 476 916 ᾑροῦντο,
519 837 551 914 ἢ
591 845 687 914 τῆς
725 839 867 916 ὑπερ
909 840 1080 899 αὐτοῦ
1119 847 1424 916 μαρτυρίας
1464 838 1681 914 ἀγαθῆς
1712 844 1816 910 ἐξί·

209 936 476 996 στασθαι;
522 930 605 983 41.
642 931 695 982 εἰ
724 924 792 998 δὴ
823 927 927 984 οὐν
956 927 1132 1023 μηδὲν
1162 923 1381 999 ἀγαθὸν
1411 923 1819 999 συνεγνωκότες

213 1014 286 1087 τῶ
322 1009 667 1087 διδασκάλῳ,
700 1004 773 1083 μὴ
806 1017 959 1083 βίον,
991 1005 1064 1084 μὴ
1096 1010 1354 1085 μάθημα,
1390 1008 1464 1084 μὴ
1495 1013 1713 1084 πρᾶξιν,
1745 1009 1818 1083 μὴ
1845 1041 1883 1074 ιο

208 1102 371 1167 ἐργον
403 1097 634 1153 ἐπαίνου
673 1093 853 1168 ἀξιον,
895 1097 1034 1168 μηδὲ
1074 1093 1184 1170 μὴν
1226 1094 1362 1152 κατά
1391 1120 1442 1152 τι
1474 1093 1820 1168 ῶφελημένοι

631 1175 723 1197 'NP'

207 1177 344 1253 πρὸς
375 1177 574 1252 αὐτοῦ,
620 1204 653 1252 η
694 1199 828 1238 οσον
867 1187 1143 1255 πονηρίαν
1185 1182 1275 1237 καὶ
1316 1179 1541 1254 ἀνδρῶν
1579 1177 1818 1253 πλάνην,

92 1288 188 1329 (11⁴2)
209 1267 323 1330 πῶς
356 1269 638 1336 ἔθνησκον
669 1262 971 1338 προθυμως
1001 1265 1068 1322 τὰ
1099 1262 1270 1338 σεμνοὶ
1312 1267 1404 1322 καὶ
1437 1269 1660 1333 ἐπίδοξα
1691 1266 1815 1339 περὶ

156 2049 178 2082 ἱ)

207 1345 380 1405 αὐτοῦ
400 1351 830 1422 μαρτυροῦντες,
862 1349 1041 1423 παρὸν
1073 1348 1279 1426 ἑκάστῳ
1312 1353 1408 1422 ζῆν
1431 1346 1817 1423 ἀπραγμόνως,

206 1435 298 1490 καὶ
346 1435 434 1490 ἐπὶ
478 1437 572 1507 τῆς
615 1439 821 1500 οἰκείας
864 1436 1045 1501 ἑστίας
1085 1433 1221 1508 μετὰ
1263 1438 1374 1491 τῶν
1412 1433 1692 1506 φιλτάτων
1720 1431 1817 1491 τὸν
1842 1463 1881 1495 15

205 1515 511 1575 ἀκίνδυνον
565 1516 779 1590 διάγειν
809 1524 962 1590 βίον;
1016 1523 1100 1576 42.
1135 1517 1333 1577 πλάνοι
1387 1519 1450 1576 δὲ
1488 1516 1688 1593 ἄνδρες
1726 1520 1817 1575 καὶ

204 1600 520 1670 ἀπατεῶνες
565 1606 680 1670 πῶς
722 1601 1007 1676 ἀγαπητὸν
1047 1602 1286 1677 ἡγοῦντο
1327 1601 1422 1661 τὸν
1453 1601 1594 1677 ὑπὲρ
1625 1605 1815 1676 ἑτέρου

202 1686 483 1759 θάνατον,
514 1684 581 1744 ὃν
611 1684 853 1761 ἀκριβῶς
884 1687 1110 1745 πάντων
1139 1691 1349 1761 μᾶλλον
1382 1690 1686 1760 ἐγίνωσκον
1717 1683 1816 1743 οῦ-

206 1769 365 1837 δενός
395 1772 498 1845 μὲν
539 1768 757 1845 αὐτοῖς,
802 1769 874 1840 ῶς
905 1769 976 1831 ἂν
1005 1779 1144 1846 φαίη
1174 1779 1284 1843 τίς,
1318 1770 1581 1844 γεγονότα
1612 1777 1816 1844 παραί-

203 1881 320 1913 τιον
351 1853 569 1928 ἀγαθοῦ
589 1856 814 1929 ,,πάσης
849 1857 905 1913 δὲ
931 1863 1125 1923 κακίας
1152 1855 1514 1926 διδάσκαλον;
1547 1854 1687 1930 ἀνὴρ
1711 1856 1814 1929 μὲν
1836 1884 1877 1917 20

203 1938 307 2013 γάρ
339 1943 607 2014 λογισμοῦ
629 1944 721 1997 καὶ
745 1939 942 2014 ἀρετῆς
964 1943 1188 2015 μέτοχος
1212 1939 1352 2015 ὑπὲρ
1378 1939 1599 2013 ἀγαθοῦ
1621 1964 1812 2013 κατορ-

204 2022 460 2096 θώματος
492 2021 597 2081 κόὶν
628 2021 868 2096 εὐλόγως
899 2026 1027 2082 ποτε
1069 2024 1165 2082 τὸν
1195 2024 1310 2099 μετ’
1350 2024 1599 2092 εὐκλείας
1629 2024 1813 2083 θάνα-

203 2131 299 2165 τον
329 2106 710 2181 ὑπομείνειεν,
743 2107 771 2165 ὁ
806 2109 868 2165 δὲ
898 2109 1177 2183 μοχθηρὸς
1208 2108 1306 2168 τὸν
1336 2109 1543 2185 τρόπον
1572 2117 1813 2182 φιλοπα-

202 2189 310 2266 θής
340 2217 420 2259 τις
452 2194 542 2249 καὶ
574 2191 874 2265 φιλήδονος
907 2191 1017 2266 ὢν,
1049 2194 1228 2268 μόνην
1254 2195 1314 2252 δὲ
1345 2194 1448 2267 τὴν
1471 2192 1810 2269 πρόσκαιρον

201 2278 430 2350 ταυτηνὶ
472 2276 614 2349 ζωὴν
644 2279 735 2334 καὶ
765 2275 858 2344 τὰς
901 2278 1019 2346 κατ’
1057 2276 1233 2352 αὐτὴν
1262 2275 1612 2352 ἡδυπαθείας
1642 2301 1811 2351 μετα-
1833 2306 1872 2338 25

202 2359 457 2470 διῶκων,
490 2358 591 2419 οὐκ
621 2359 692 2419 ἄν
722 2385 852 2419 ποτε
885 2365 1058 2420 ἕλοιτο
1083 2362 1188 2437 πρὸ
1220 2368 1358 2435 ζωῆς
1381 2362 1648 2434 θάνατον,
1680 2359 1806 2420 οὐδ’

200 2469 341 2520 υπερ
366 2451 588 2504 οἰκείων
611 2449 702 2503 καὶ
721 2446 1001 2519 φιλτάτων
1023 2454 1286 2522 τιμωρίας
1311 2470 1647 2520 υπομεινειε,
1660 2445 1734 2521 μή
1757 2454 1815 2504 τί

200 2553 265 2602 γε
313 2554 456 2605 υπερ
496 2535 603 2589 ,τοῦ
657 2530 976 2605 φαυλότητα
1025 2533 1495 2605 κατεγνωσμένου.
1567 2535 1651 2588 43.
1693 2537 1810 2600 πῶς

201 2616 305 2672 οὐν
345 2620 402 2672 οι
437 2618 535 2674 τοῦ
577 2618 924 2688 δηλουμένου
953 2619 1227 2717 μαθηταὶ,
1273 2622 1322 2673 εἰ
1358 2613 1465 2690 άρα
1501 2614 1708 2683 πλάνος
1738 2607 1809 2690 ἦν

202 2700 293 2754 καὶ
325 2697 482 2772 γόης,
524 2724 628 2757 ουκ
657 2698 988 2773 ἀγνοοῦντες
1035 2697 1205 2758 αὐτὸν
1236 2703 1513 2774 τοιοῦτον,
1546 2697 1685 2757 ἀλλά
1715 2702 1806 2757 καὶ
1830 2725 1871 2758 30

201 2780 356 2838 αὐτοὶ
398 2790 605 2857 χείρονι
647 2791 953 2859 μοχθηρίας
992 2783 1175 2861 τρόπῳ
1215 2783 1309 2851 τὰς
1361 2784 1540 2859 ψυχὰς
1580 2788 1807 2858 ἐνεσχη-

200 2867 381 2939 μένοι,
431 2863 708 2941 ὑπέμενον
748 2867 883 2943 πρὸς
922 2874 1034 2926 τῶν
1073 2867 1365 2943 ὁμοεθνῶν
1404 2868 1583 2936 πάσας
1622 2874 1803 2936 αἰκίας
