1992 3186
568 111 878 153 DEMONST.
910 111 1128 153 EVANG.
1161 113 1239 153 IV.
1267 113 1344 170 .10·
1657 111 1759 163 231

151 226 523 301 σκευασάμην.
604 223 743 282 ἀλλὰ
794 226 897 298 γὰρ
938 225 1216 284 τοσούτων
1265 231 1451 283 κακῶν
1491 225 1600 283 ὑπὸ
1651 234 1762 284 τῶν

150 311 387 386 φαύλων
410 313 500 368 καὶ
525 316 636 368 τῶν
658 316 961 384 μοχθηρῶν
982 309 1314 383 πνευμάτων
1343 317 1442 368 τοῦ
1471 309 1518 368 τ’
1559 314 1618 368 ἐν
1640 311 1761 368 τού-

151 420 263 463 τοις
294 393 573 470 τυράννου
613 393 745 452 καθ’
782 394 910 467 ὅλης
949 397 1043 466 τῆς
1074 396 1402 468 οἰκουμένης
1449 402 1761 468 προβεβλη-
1786 419 1808 451 d

150 483 362 554 μένων,
395 481 486 536 καὶ
517 478 753 552 μηδενὸς
776 485 890 536 τῶν
916 477 1241 551 ἐφεστώτων
1270 476 1520 551 ἀγγέλων
1550 485 1673 537 οἵου
1704 504 1762 537 τε

107 589 129 623 5
152 562 309 630 όντος
339 576 453 630 τοῖς
486 576 673 630 κακοῖς
707 561 1040 637 ἐπαμύνειν,
1077 562 1298 630 εἰκότως
1332 566 1539 631 ἐκεῖνος
1570 562 1598 620 ὁ
1630 564 1761 630 θεὸς

151 647 340 721 λόγος,
381 646 409 704 ὅ
451 651 562 704 τῶν
600 646 748 705 ὅλων
778 647 991 720 σωτὴρ,
1033 646 1230 723 ἀγαθῷ
1269 646 1497 720 νεύματι
1538 651 1632 720 τῆς
1663 653 1761 706 τοῦ

151 730 355 803 πατρὸς
385 738 841 803 φιλανθρωπίας,
884 730 956 797 ῶς
987 727 1057 788 ἂν
1086 731 1159 804 μὴ
1191 730 1250 787 τὸ
1291 738 1457 804 φίλον
1489 730 1638 808 αὐτῷ
1670 735 1763 805 γέ-

151 841 246 882 νος
279 819 339 872 ἐν
369 813 624 887 ασεβείας
655 822 819 892 βυθῶ
851 820 1185 887 καλινδοῖτο,
1218 816 1352 881 τέως
1375 817 1477 888 μὲν
1499 822 1761 889 βραχείας

150 899 305 967 τινας
336 902 424 956 καὶ
458 896 711 972 ἀμυδράς
741 905 839 956 τοῦ
873 904 1021 955 ἰδίου
1053 897 1233 971 φωτὸς
1257 897 1483 967 ἀκτῖνας
1509 900 1600 957 διὰ
1631 923 1761 973 προ-

86 1012 126 1043 10
150 983 329 1058 φήτου
361 985 614 1049 ΑΜωσέως
654 986 766 1040 τῶν
805 1005 863 1039 τε
904 980 1008 1055 πρὸ
1042 979 1214 1039 αὐτοῦ
1245 985 1337 1040 καὶ
1367 990 1479 1040 τῶν
1509 983 1626 1057 μετ’
1665 984 1759 1041 αὐ-

149 1066 247 1126 τὸν
275 1071 560 1140 θεοφιλῶν
590 1064 816 1139 ἀνδρῶν
848 1069 1174 1140 ἐξέλαμπεν,
1205 1073 1318 1124 τῶν
1350 1071 1409 1125 ἐν
1439 1066 1761 1141 ἀνθρώποις

151 1158 338 1210 κακῶν
367 1151 471 1225 τὴν
502 1161 651 1209 ἴασιν
683 1154 742 1209 ἐν
771 1165 890 1217 ταῖς
923 1156 1097 1223 ἱεραῖς
1128 1158 1484 1224 νομοθεσίαις
1516 1159 1763 1225 προβαλ-

151 1235 392 1309 λόμενος.
454 1239 501 1292 5.
537 1239 682 1308 λέγει
717 1234 768 1291 δ’
805 1228 959 1292 οὖν’
937 1235 1198 1306 άντικρυς
1231 1233 1392 1302 αὐτὸς
1423 1235 1451 1292 ὁ
1495 1235 1654 1308 λόγος
1683 1242 1760 1313 τῷ

139 1319 415 1394 Ἑβραίων
447 1326 600 1377 ἔθνει
624 1323 945 1393 νομοθετῶν
971 1317 1061 1376 δια
1085 1319 1389 1421 Μωσέως“
1398 1345 1535 1377 κατα
1559 1345 1624 1378 τα
1649 1324 1761 1378 ε’πι·

89 1432 129 1463 15
152 1403 468 1477 τηὸεύματα
498 1410 596 1477 γῆς
629 1404 947 1476 Αἰγύπτου,
981 1406 1042 1460 ἐν
1071 1405 1105 1477 ᾐ
1138 1403 1502 1481 παρωκήσατε
1536 1402 1623 1462 ἐπ’
1657 1404 1760 1462 αὐ-
1787 1429 1872 1469 (162)

152 1494 276 1561 τῆς,
329 1486 396 1546 οὐ
438 1487 722 1560 ποιήσετε,
778 1489 868 1543 καὶ
911 1511 1049 1543 κατα
1087 1512 1152 1544 τα
1209 1488 1613 1562 ἐπιτηδεύματα
1663 1494 1762 1561 γῆς

153 1571 403 1644 Χαναὰν,
421 1577 498 1638 εἰς
520 1569 589 1644 ἣν
616 1571 719 1644 ἐγώ
746 1569 946 1643 εἰσάγω
969 1570 1110 1644 ὑμᾶς
1137 1575 1266 1643 ἐκεῖ,
1289 1569 1356 1628 ού
1382 1571 1654 1645 ποιήσετε,
1670 1575 1762 1630 καὶ

153 1661 215 1714 ἐν
243 1670 358 1722 τοῖς
401 1662 651 1729 νομίμοις
692 1653 877 1713 αὐτῶν
907 1654 974 1712 οὐ
1005 1654 1380 1728 πορεύσεσθε,
1422 1656 1486 1712 τὰ
1527 1657 1763 1730 κρίματά

151 1764 258 1814 μου
283 1738 555 1812 ποιήσετε,
580 1742 671 1796 καὶ
695 1738 760 1796 τά
791 1738 1180 1812 προστάγματα
1202 1764 1309 1813 μου
1334 1739 1619 1812 φυλάξετε.
1655 1741 1760 1814 ἐγῶ

86 1852 130 1884 20
154 1827 264 1898 εἰμὶ
295 1822 485 1896 κύριος
515 1822 543 1880 ὁ
575 1823 706 1890 θεὸς
736 1819 908 1896 ὑμῶν.
927 1820 957 1841 ”

281 1914 328 1965 6.
362 1908 499 1966 Εἶτα
541 1907 720 1965 πάντα
751 1906 1134 1980 ἀπαγορεύσας
1165 1905 1431 1981 ἀθέμιτον
1462 1906 1638 1981 γάμον
1670 1912 1762 1966 καὶ

152 1997 336 2050 πᾶσαν
365 1991 649 2066 ἀσχήμονα
673 1995 890 2064 πρᾶξιν,
922 1998 1207 2064 γυναικῶν
1237 2015 1295 2049 τε
1325 1992 1460 2066 πρὸς
1491 2005 1760 2064 γυναῖκας

152 2080 242 2134 καὶ
275 2074 526 2149 άρρένων
556 2075 691 2149 πρὸς
721 2074 958 2149 ἄρρενας
981 2080 1173 2149 μίξεις,
1208 2079 1441 2148 ἐπιλέγει
1468 2072 1577 2150 τ’μή
1609 2085 1763 2150 μιαί-

151 2171 324 2219 νεσθε
355 2164 416 2219 ἐν
445 2165 579 2218 πᾶσι
610 2159 836 2227 τούτοις.
890 2164 950 2217 ἐν
981 2166 1115 2218 πᾶσι
1145 2159 1249 2234 γὰρ
1280 2159 1491 2226 τούτοις
1524 2160 1761 2234 ἐμιάνθη
1788 2185 1806 2216 b

88 2270 130 2303 25
153 2244 218 2302 τὰ
258 2251 426 2318 ἔθνη,
468 2242 503 2300 ὁὶ
545 2243 650 2317 ε’γῶ
694 2247 1065 2312 ἐξαποστέλλω
1106 2244 1211 2316 πρὸ
1256 2244 1556 2318 προσώπου
1585 2243 1759 2318 ὑμῶν.

153 2331 245 2386 καὶ
278 2327 573 2402 ἐξεμιάνθη
606 2327 638 2400 ἡ
670 2334 738 2401 γῆ
758 2374 772 2400 ,
817 2331 909 2385 καὶ
948 2327 1313 2386 ἀνταπέδωκα
1345 2327 1570 2386 ἀδικίαν
1602 2325 1760 2402 αὐτῇ,

153 2415 244 2470 καὶ
276 2412 664 2486 προσώχθισεν
694 2411 727 2485 ἡ
758 2416 827 2484 γῆ
851 2427 963 2479 τοῖς
989 2415 1387 2486 ἐγκαθημένοις
1413 2410 1501 2469 ἐπ’
1535 2411 1755 2484 αὐτῆς.”

156 2501 201 2552 7.
235 2499 326 2554 καὶ
357 2495 524 2554 πάλιν
553 2499 726 2569 φησὶν
748 2495 887 2553 “έὰν
921 2498 980 2553 δὲ
1024 2495 1095 2553 σύ
1128 2499 1382 2571 εἰσέλθῃς
1416 2501 1492 2562 εἰς
1523 2494 1624 2568 τὴν
1654 2499 1761 2568 γῆν

153 2577 223 2651 ἣν
255 2578 442 2653 κύριος
473 2577 501 2637 ὁ
532 2580 662 2647 θεός
687 2600 789 2637 σου
815 2585 1019 2637 δίδωσί
1036 2600 1150 2651 σοι,
1182 2579 1249 2638 οὗ
1281 2581 1354 2653 μὴ
1377 2577 1603 2654 μαθήσῃ
1636 2602 1762 2636 ποι-

89 2689 130 2721 30
157 2677 242 2720 εἴν
285 2661 420 2744 κατὰ
462 2663 527 2720 τὰ
567 2663 919 2737 βδελύγματα
959 2670 1070 2721 τῶν
1113 2667 1296 2721 ἐθνῶν
1338 2667 1581 2721 ἐκείνων.
1655 2660 1758 2736 ούχ

272 2858 323 2895 14
354 2856 504 2895 Levit.
533 2855 596 2903 18,
622 2857 659 2895 2.
804 2858 857 2897 23
890 2857 1039 2897 Levit.
1070 2857 1131 2906 18,
1157 2858 1222 2896 24.
1381 2858 1433 2898 28
1467 2857 1601 2896 Dent..
1628 2856 1693 2908 18,
1720 2857 1758 2895 9.
