1992 3186
275 107 379 159 684
955 109 1204 150 EUSEBII

275 227 521 297 σωτῆρος
553 225 709 297 ἡμῶν
739 220 1090 295 ἆνοίξαντος,
1132 220 1235 295 ἀφ’
1269 217 1336 280 οὗ
1366 227 1458 280 καὶ
1488 223 1660 282 αὐτοῦ
1691 228 1881 298 σωθῆ-

273 333 367 366 ναι
396 308 494 365 τὸν
532 310 740 380 πατέρα
778 315 1091 379 παρακαλεῖ
1117 303 1349 378 λέγων“
1357 306 1539 366 σωσόν
1567 331 1635 382 με
1667 313 1727 366 ἐκ
1758 308 1884 367 στό-

273 417 437 465 ματος
462 388 736 457 λέοντος.”
791 395 874 449 92.
910 391 1024 449 εἷεν
1050 389 1100 448 δ’
1131 386 1201 448 ἂν
1230 393 1323 448 καὶ
1346 389 1508 448 ἄλλαι
1536 393 1680 459 τινες
1709 415 1884 466 πονη-

274 479 365 547 ραὶ
395 478 488 532 καὶ
527 474 795 549 θεόμαχοι
826 474 1091 549 δυνάμεις
1132 481 1207 551 τῷ
1252 478 1586 550 μονοκέρωτι
1615 480 1715 534 τοῦ
1742 481 1885 536 θεοῦ

272 557 735 632 ἀντιπραττουσαι
767 562 860 617 καὶ
889 557 1346 633 ἀντιπαρεξαγειν
1376 557 1547 617 αὐτὸν
1578 563 1884 636 ἐπιχειροῦ-
1906 586 1929 619 5

224 680 241 701 ο
274 663 384 717 σαι,
416 641 520 717 ἀφ’
554 646 634 702 ὠν
664 647 757 701 καὶ
787 643 976 701 αὐτων
1004 643 1034 701 ὁ
1063 648 1164 702 τοῦ
1193 648 1334 702 θεοῦ
1357 643 1688 718 μονόκερως,
1721 644 1886 713 αὐτὸς

272 730 300 786 ὁ
272 727 532 801 οκύριος
571 727 730 802 ἡμῶν
769 728 942 802 μόνον
981 728 1078 786 τὸν
1117 730 1324 802 πατέρα
1366 731 1528 803 κέρας
1569 736 1744 802 ἔχων,
1784 729 1888 802 τὴν

275 815 478 871 ἑαυτοῦ
491 819 830 871 ταπείνωσιν
843 817 1123 888 ρυσθῆναι
1135 812 1295 886 ἀξιοῖ,
1321 812 1528 886 λέγων“
1533 809 1646 870 καὶ
1668 810 1776 872 ἀπὸ
1799 837 1887 871 κε-

273 896 457 970 ράτων
478 896 877 971 μονοκερώτων
909 896 1011 970 τὴν
1033 904 1374 955 ταπείνωσίν
1397 896 1542 970 μου.’
1547 894 1692 955 ’.93
1719 904 1888 957 ποίαν

274 983 335 1039 δε
364 988 705 1040 ταπείνωσιν
735 978 769 1054 ἢ
799 980 1009 1054 ταύτην
1049 980 1252 1055 αὐτὴν,
1296 980 1429 1039 καθ’
1465 978 1537 1054 ἢν
1567 977 1670 1039 “ε’ν
1699 986 1886 1058 μορφῇ
1909 1007 1950 1038 ιο
1966 1010 1973 1046 ;

271 1071 414 1124 θεοῦ
443 1065 711 1141 ὑπαρχων
743 1070 1114 1124 ἐταπείνωσεν
1146 1066 1347 1124 εαυτόν
1378 1068 1470 1123 καὶ
1503 1069 1758 1140 ἐκένωσε,
1794 1091 1889 1140 γε-

273 1150 504 1224 νόμενος
515 1150 758 1223 ὑπήκοος
771 1154 928 1224 μέχρι
941 1150 1213 1223 θανάτου,
1225 1149 1479 1208 θανατου
1505 1152 1566 1208 δε
1577 1156 1825 1225 σταυροῦ
1841 1150 1883 1222 ;”

271 1232 411 1292 αλλα
442 1260 547 1308 γαρ
580 1238 670 1293 ἐπὶ
707 1255 973 1293 τοσουτον
1003 1234 1320 1308 κατελθων,
1365 1238 1457 1292 καὶ
1499 1238 1657 1308 μέχρι
1687 1234 1887 1293 τούτου

226 1345 246 1376 d
272 1318 526 1393 φθάσας,
571 1322 713 1392 λέγω
760 1319 828 1391 δὴ
867 1323 1027 1394 μέχρι
1067 1324 1162 1392 τῆς
1206 1322 1266 1377 ἐν
1305 1318 1560 1396 τςό”Ἀιδῃ
1592 1323 1887 1394 ῥομφαίας,

271 1405 365 1460 καὶ
407 1408 503 1476 τῆς
542 1403 721 1478 χειρὸς
759 1411 858 1462 τοῦ
899 1401 1100 1462 αύτόθι
1139 1406 1441 1477 λεγομένου
1481 1402 1673 1471 κυνός·
1723 1403 1887 1478 (ὅθεν
1910 1427 1951 1460 15

271 1490 364 1544 καὶ
404 1493 609 1556 παῖδας
631 1487 913 1561 Ἑλλήνων
956 1487 1100 1555 εἰκὸς
1143 1487 1395 1546 τοιοῦτόν
1433 1512 1557 1546 τινα
1602 1489 1888 1563 παρακού-

271 1590 476 1638 σαντας
515 1572 659 1631 κύνα
689 1572 971 1647 θανάτου,
1013 1575 1106 1631 καὶ
1145 1579 1346 1631 τοῦτον
1385 1575 1719 1647 τρικέφαλον
1749 1572 1889 1632 ἀνα-

271 1658 637 1731 ζωγραφεῖν·)
669 1659 761 1714 καὶ
790 1659 951 1732 μέχρι·
982 1659 1044 1715 δὲ
1072 1661 1186 1715 τῶν
1214 1656 1522 1731 φαρύγγων
1555 1659 1657 1716 τοῦ
1683 1663 1888 1732 προδε-

273 1743 599 1814 δήλωμένου
629 1745 849 1809 λέοντος
874 1741 1078 1815 ἐλθών,
1111 1744 1204 1799 καὶ
1225 1742 1327 1814 τὴν
1350 1748 1688 1800 ταπείνωσιν
1711 1738 1884 1799 αὑτοῦ

270 1840 384 1892 τοῖς
414 1823 734 1893 ἀντιπάλοις
765 1829 858 1884 καὶ
880 1825 1178 1900 θεομάχοις
1200 1829 1577 1900 μονοκέρωσιν
1599 1821 1884 1899 ὑποστρώ-
1909 1848 1951 1880 20

270 1928 399 1982 σας,
441 1913 531 1967 καὶ
575 1914 665 1968 ἐπὶ
703 1910 868 1969 τοῦτο’
908 1935 972 1983 γε
1011 1914 1164 1976 τέλος
1204 1910 1308 1981 τὴν
1347 1912 1531 1966 πᾶσαν
1560 1915 1886 1983 οἰκονομίαν

268 1998 365 2065 τῆς
417 1996 620 2052 ἑαυτοῦ
671 1993 958 2060 κενώσεως
997 2017 1057 2050 τε
1095 1996 1187 2050 καὶ
1230 1991 1615 2060 ταπεινώσεως
1655 1994 1882 2068 στήσας,

270 2075 502 2134 κᾶπειτα
549 2075 846 2150 εὐξάμενος
886 2075 994 2149 ἤδη
1035 2075 1230 2134 λοιπὸν
1259 2091 1449 2150 τυχεῖν
1478 2080 1574 2150 τῆς
1616 2085 1885 2151 βοηθείας

269 2162 363 2216 καὶ
393 2165 489 2231 τῆς
529 2159 678 2235 παρὰ
718 2165 817 2219 τοῦ
849 2160 1052 2234 πατρὸς
1095 2158 1467 2234 ἀντιλήψεως,
1513 2165 1751 2235 ἐπιλέγει
1773 2161 1885 2222 “σύ

271 2245 360 2316 δὲ,
401 2243 584 2318 κύριε,
627 2243 702 2319 μὴ
731 2244 1019 2319 μακρύνῃς
1047 2243 1151 2317 τὴν
1179 2244 1452 2317 βοήθειάν
1492 2271 1631 2319 μου,
1675 2253 1753 2314 εἰς
1782 2245 1884 2320 τὴν
1906 2269 1948 2302 25

267 2325 568 2402 ἆντίληψίν
597 2354 705 2402 μου
735 2326 1066 2403 πρόσσχες.”
1134 2334 1217 2386 94.
1251 2332 1343 2387 καὶ
1382 2328 1531 2387 τοῦτ’
1568 2329 1741 2388 εἰπών
1779 2329 1884 2388 οὐκ

157 2437 246 2477 1508)
271 2418 350 2479 εἰς
379 2412 593 2487 μακρὸν
624 2413 863 2487 ἐπηκόου
885 2420 982 2471 τοῦ
1007 2412 1211 2487 πατρὸς
1231 2413 1510 2488 τυγχάνει,
1541 2414 1616 2488 μὴ
1638 2439 1883 2489 μακρυν-

267 2498 493 2570 θέντος,
524 2499 665 2571 μηδὲ
694 2498 754 2556 τὸ
786 2496 1129 2572 βραχύτατον
1150 2497 1570 2572 ὑπερθεμένου,
1602 2497 1790 2566 αὐτοῖς
1821 2500 1884 2557 δὲ

268 2586 448 2653 ἔργοις
476 2585 777 2656 μονονουχὶ
807 2581 1086 2656 φήσαντος
1115 2581 1265 2658 αὐτῷ
1286 2580 1316 2605 “
1327 2588 1406 2640 ἔτι
1435 2583 1734 2650 λαλοῦντός
1759 2602 1881 2656 σου,

270 2666 396 2736 ἐρῶ,
431 2665 556 2722 ἰδοὺ
587 2663 869 2740 πάρειμι.”
912 2669 1005 2723 καὶ
1035 2665 1105 2738 δὴ
1135 2664 1281 2723 τοῦτ’
1312 2665 1666 2740 αἰσθόμενος,
1696 2671 1792 2740 τῆς
1822 2692 1880 2726 τε
1903 2689 1944 2722 30

383 2860 432 2897 11
464 2858 586 2903 Phil.
609 2861 650 2912 2,
673 2861 712 2899 6.
887 2860 940 2900 29
971 2859 1049 2904 Es.
1074 2859 1143 2911 58,
1166 2861 1205 2903 9.
