1946 3158
204 164 255 193 v1
828 150 1190 192 PRAEFATIO.

204 267 452 318 erroribus,
481 269 679 327 exceptis
707 266 878 330 lacunis
904 266 1134 312 nonnullis
1162 265 1221 327 (p.
1247 261 1394 313 ι195ά.
1414 267 1554 314 210³.
1578 262 1737 325 217b),
1765 275 1812 312 et

205 337 260 383 ab
287 336 522 382 conatibus
560 336 953 397 interpolatorum,
981 338 1057 396 qui
1086 343 1174 381 tam
1199 337 1388 383 licenter
1412 345 1519 383 sunt
1546 339 1739 397 grassati
1767 340 1810 382 in

202 407 552 467 Praeparationc
578 406 844 466 Evangelica
873 414 918 451 et
943 406 1141 452 Historia
1177 406 1496 453 ecclesiastica.
1570 407 1810 453 Coniectu-

204 479 269 523 ris
315 478 456 537 igitur
493 477 754 522 criticorum
798 479 868 522 vix
911 490 1104 536 usquam
1140 477 1270 522 locus
1314 485 1384 523 est
1427 478 1471 522 in
1506 477 1593 523 hoc
1627 477 1808 523 Eusebii

204 561 344 608 opere
361 583 371 598 ‚
400 548 519 607 quod
547 549 778 592 maximam
805 554 978 606 partem
1006 560 1029 591 e
1055 547 1166 592 locis
1191 547 1368 593 biblicis
1395 554 1464 592 est
1490 549 1808 607 compositum,

204 620 248 663 in
276 617 440 678 quibus
465 618 691 678 scriptura
718 617 883 663 codicis
910 618 1031 663 unici
1059 631 1160 663 vera
1184 619 1354 677 pariter
1387 632 1439 663 ac
1464 617 1575 663 falsa
1602 625 1809 663 accurate

203 695 302 734 erat
338 687 574 738 reddenda,
611 702 668 733 ne
705 689 946 747 primarius
982 701 1116 747 quem
1143 688 1290 733 omnia
1317 687 1574 733 hulusmodi
1601 694 1808 746 excerpta

203 757 338 803 hodie
366 758 530 802 habent
556 772 666 803 usus
696 757 959 808 tolleretur,
989 758 1041 803 de
1068 772 1158 818 quo
1184 759 1271 803 dixi
1299 759 1342 803 in
1369 758 1655 804 Praefatione
1682 757 1807 803 volu-

205 829 337 872 minis
365 829 495 887 primi
523 843 566 888 p.
593 828 714 873 XVll.

662 1495 1342 1558 CORRIGENDA.

256 1638 355 1679 Vol.
389 1640 427 1678 1.
480 1652 522 1690 p.
555 1639 698 1690 XXV,
730 1640 770 1680 6.
841 1638 1169 1689 Quaestionem
1200 1661 1253 1666 -—
1287 1633 1528 1690 agitatam]
1577 1635 1810 1689 Corrige

317 1710 539 1760 Quaestio
562 1733 613 1737 --
639 1711 835 1764 agitata.

257 1793 299 1831 p,
333 1781 402 1831 48,
434 1781 501 1822 27.
566 1778 784 1832 Θαβίων,
817 1772 890 1832 ὃς]
926 1777 1174 1831 Θαβίωνος

261 1864 303 1902 p.
334 1851 430 1900 245,
466 1850 530 1889 16.
595 1844 840 1903 εἰδήμασι]
877 1843 1072 1900 οἰήμασι

261 1933 305 1972 p.
336 1919 432 1970 256,
466 1921 534 1962 22.
599 1921 838 1971 Τυρταῖον
867 1941 918 1946 -
955 1914 1026 1971 ἔκ]
1067 1917 1306 1970 Τυρταίου
1335 1940 1388 1945 ——
1420 1911 1473 1958 ἐκ

261 2003 303 2042 p.
338 1990 432 2039 506,
466 1991 531 2029 31.
596 1984 677 2031 τὸν
707 1985 795 2041 μὲν
825 1983 1018 2042 γεγῶθ’]
1051 1979 1105 2029 ὃν
1135 1983 1224 2041 μὲν
1254 1981 1304 2028 τὸ
1339 1984 1475 2041 γένος
