1992 3186
265 143 371 194 244
942 131 1188 186 EUSEBH

261 262 363 333 μὲν
402 253 504 317 οὖν
545 258 934 333 προχειρότερα
974 255 1044 316 ἂν
1077 269 1195 332 εἴη,
1236 259 1423 335 πόρρω
1464 284 1527 334 γε
1564 261 1676 334 μὴν
1705 272 1872 320 καθε-

261 349 440 401 στῶτα
462 349 557 416 τῆς
582 345 782 401 ἐνθέου
806 346 897 400 καὶ
917 348 1304 417 μεγαλοφυοῦς
1324 347 1424 402 τόύ
1439 344 1729 420 προφήτου
1755 352 1871 404 δια-

261 435 431 495 νοίας.
493 434 539 485 8.
571 427 599 484 ὁ
633 426 736 499 γάρ
767 452 851 485 τοι
879 426 1194 500 θαυμάσιος
1227 431 1432 496 ἐκεῖνος
1463 432 1556 487 καὶ
1598 433 1766 503 μέγας
1798 427 1871 499 ὡς

262 509 487 584 άληθῶς
521 511 850 584 ἱεροφάντης
880 514 1066 569 πᾶσαν
1094 510 1278 586 γεω’δη
1309 515 1400 569 καὶ
1432 513 1750 587 σωματικὴν
1779 513 1871 572 οὐ·

259 602 391 653 σίαν
409 594 672 669 ἐνμόναις
699 599 860 662 εἰδώς
875 610 994 662 ταῖς
1016 595 1265 669 ποιότησι
1289 601 1732 671 διακεκριμένην,
1747 596 1869 656 κατ’
1894 622 1914 654 5

263 677 468 738 οὐδένα
480 679 686 751 τρόπον
703 683 898 753 ἑτέραν
906 682 1002 752 τῆς
1019 682 1205 754 ἑτέρας
1219 688 1614 755 προυτίμησεν,
1628 680 1695 739 τὰ
1704 681 1866 740 πάντ’

265 763 425 831 εἰδώς
447 768 574 837 μιᾶς
601 762 736 821 ὄντα
762 772 960 837 ἔκγονα
983 762 1122 836 ὕλης
1146 763 1352 822 οὔποτε
1378 764 1638 839 ἑστώσης,
1665 764 1800 824 οὐδέ
1821 791 1873 824 τι

209 881 224 902 c
258 851 487 919 βέβαιον
513 851 572 905 έν
601 851 670 923 τῇ
700 848 870 921 φύσει
903 847 1151 921 ἐχούσης,
1184 847 1272 906 ἀεὶ
1303 850 1364 906 δὲ
1396 849 1628 924 ῥεούσης
1658 853 1748 908 καὶ
1782 853 1872 908 ἐπὶ

258 930 359 1005 τὴν
390 939 604 990 οἰκείαν
633 931 860 1007 φθορὰν
892 935 1263 1006 ἐπειγομένης.
1306 931 1514 991 οὔκουν
1535 934 1593 991 τὸ
1621 930 1731 1006 ἡδύ
1759 938 1872 993 τῶν

258 1016 529 1090 σωμάτων
573 1021 773 1089 εἵλετο,
828 1013 955 1074 οὐδ’
1002 1015 1135 1074 αὐτὰ
1177 1017 1307 1075 καθ’
1357 1014 1488 1075 αὐτὸ
1533 1017 1872 1092 προύκρινεν
1894 1043 1935 1074 10

258 1097 328 1157 ἂν
357 1102 417 1158 τὸ
447 1099 555 1158 ἀπὸ
586 1105 699 1158 τῶν
730 1100 1053 1174 αἰσθήσεων
1082 1103 1380 1175 προσηνές·
1436 1105 1603 1175 χαμαὶ
1641 1103 1746 1176 γὰρ
1777 1106 1870 1160 καὶ

260 1188 350 1241 ε’πὶ
381 1183 651 1258 σωμάτων
681 1182 895 1257 ἡδονὴν
912 1184 1186 1257 πεσούσης
1210 1185 1360 1243 τοῦτ’
1395 1182 1466 1242 ἂν
1498 1195 1581 1258 εἰή
1600 1185 1660 1243 τὸ
1690 1185 1870 1254 πάθος

258 1273 450 1342 ψυχῆς.
495 1274 542 1326 9.
563 1277 751 1342 μυρίοι
782 1273 920 1341 γοῦν
941 1274 1054 1326 τῶν
1082 1267 1147 1326 τά
1172 1268 1398 1343 σώματα
1415 1273 1870 1344 τεθηλυμμένων,

259 1356 527 1424 ἐμπαθεῖς
557 1351 737 1419 ἄλλως
769 1357 858 1410 καὶ
890 1352 1212 1424 ἀκόλαστοι,
1253 1352 1450 1427 μύρων
1480 1356 1572 1410 καὶ
1602 1361 1871 1412 ποικίλων

257 1443 597 1510 περιεργίαις
641 1437 947 1510 χρώμενοι,
987 1438 1166 1510 πάσης
1209 1441 1436 1511 αἰσχρᾶς
1482 1440 1574 1494 καὶ
1605 1437 1869 1513 ρυπώσης
1894 1463 1933 1494 15

259 1527 540 1586 δυσωδίας
568 1520 664 1586 τὰς
695 1519 875 1594 ψυχας
901 1524 1274 1596 ἐπιφέρονται,
1308 1517 1379 1587 ὦς
1405 1527 1640 1594 ἔμπαλιν
1661 1527 1716 1580 οἱ
1743 1533 1870 1580 θεο-

259 1613 467 1677 φιλεῖς,
509 1604 707 1678 ἆρετῆς
741 1607 1094 1678 ἐμπνέοντες,
1137 1605 1240 1677 τὴν
1271 1605 1413 1662 πολὺ
1443 1613 1729 1679 κρείττονα
1758 1611 1870 1663 τῶν

213 1712 235 1744 d
258 1687 365 1746 ἀπὸ
408 1693 508 1762 γῆς
549 1688 858 1761 ἀρωμάτων
887 1688 989 1762 τὴν
1019 1687 1126 1747 ἀπὸ
1158 1689 1527 1763 σωφροσύνης
1557 1693 1650 1746 καὶ
1691 1695 1866 1746 δικαι-

258 1772 464 1880 οσύνης
497 1777 588 1831 καὶ
628 1771 805 1845 πάσης
837 1776 1125 1845 εὐσεβείας
1165 1772 1579 1845 ἀναδιδομένην
1625 1771 1869 1830 εὐωδίαν

145 1881 232 1922 [110]
262 1857 589 1930 ἐπαγόμενοι
629 1856 731 1929 τὴν
769 1883 881 1915 των
913 1853 1126 1913 υλικων
1156 1855 1427 1928 σωμάτων
1463 1853 1642 1928 ὀδμὴν
1685 1860 1745 1914 ἐν
1773 1855 1867 1914 ού·
1890 1881 1931 1912 20

259 1945 380 1999 δενὶ
419 1943 697 1999 τέθεινται
738 1940 1268 2017 λόγω.10.ταυτα
1311 1941 1414 1997 οὐν
1456 1933 1518 1996 εὗ
1559 1939 1705 2012 μάλα
1738 1946 1868 1999 διει-

259 2024 448 2097 ληφως
498 2021 525 2081 ὁ
568 2023 854 2096 προφήτης
905 2022 1099 2096 μύρων
1137 2047 1240 2096 μεν
1287 2048 1322 2094 η
1363 2026 1454 2080 καὶ
1499 2024 1869 2097 θυμιαμάτων

259 2107 529 2180 οὐδεμίαν
559 2110 984 2181 προηγουμένην
1016 2110 1248 2165 ἐποιεῖτο
1288 2113 1590 2181 φροντίδα,
1631 2107 1869 2182 κρειττό-

257 2215 376 2248 νων
422 2193 482 2248 δὲ
528 2194 620 2248 καὶ
662 2197 840 2248 θείων
884 2190 1126 2263 εἰκόνας,
1175 2187 1247 2256 ὥς
1295 2196 1427 2263 ἐνῆν
1460 2191 1727 2263 δυνατὸν,
1776 2190 1867 2248 διά

258 2274 530 2349 σωμάτων
569 2289 682 2341 τοῖς
724 2274 905 2347 μόνως
935 2271 1109 2341 οὕτως
1140 2277 1230 2332 καὶ
1261 2273 1387 2332 οὐδ’
1430 2273 1608 2341 ἄλλως
1637 2272 1702 2331 τά
1733 2285 1867 2332 θεῖα
1887 2298 1929 2330 25

257 2365 392 2426 οἵοις
423 2384 482 2418 τε
511 2359 827 2433 μανθάνειν
857 2364 1177 2431 παρεδίδου.
1225 2363 1305 2416 11.
1339 2358 1423 2416 ὅτι
1449 2357 1516 2432 δὴ
1547 2355 1699 2415 τοῦτ’
1732 2355 1865 2416 αὐτὸ

258 2446 351 2500 καὶ
391 2441 419 2501 ὁ
464 2455 621 2510 θεῖος
663 2441 1072 2518 ἀναγέγραπται
1123 2440 1352 2516 εἰρηκώς
1398 2441 1638 2515 χρησμὸς
1685 2441 1866 2514 φήσας

249 2526 392 2600 σεὅρα
435 2528 679 2601 ποιήσεις
722 2526 902 2585 πάντα
941 2526 1078 2584 κατὰ
1107 2527 1204 2585 τὸν
1242 2525 1412 2583 τόπον
1441 2525 1537 2582 τὸν
1575 2528 1867 2598 δειχθέντα

260 2630 345 2668 σοι
379 2615 439 2669 ἐν
477 2617 553 2688 τῷ
593 2609 768 2684 ὅρει.”
840 2611 1090 2684 σύμβολα
1121 2613 1419 2683 τοιγαροῦν
1450 2612 1682 2682 ἑτέρων,
1723 2609 1864 2684 ἅπερ

146 2724 235 2764 (173)
260 2695 468 2763 τύπους
492 2706 694 2754 εἴωθεν
714 2694 1017 2770 ὀνομάζειν,
1043 2697 1305 2753 ἐπιτελῶν
1326 2693 1428 2766 τὴν
1454 2691 1545 2750 δια
1569 2696 1670 2751 τοῦ
1685 2692 1864 2767 μύρου
1887 2716 1927 2747 30

374 2890 427 2928 28
458 2888 601 2931 Exod.
626 2891 694 2940 25,
719 2890 785 2930 40.
