1992 3186
255 116 358 170 512
574 95 577 99 ’
923 115 1170 157 EUSEBII

133 256 230 299 (308)
255 235 555 309 προφητῶν
587 229 870 303 ἐθαύμασε
900 229 1081 302 φήσας
1102 229 1299 303 “zato-e
1331 229 1578 307 σφόδρα,
1611 230 1856 307 θύγατερ

253 315 426 389 Σιών,
463 313 584 373 ι’δού
615 313 643 372 ὁ
674 312 936 386 βασιλεύς
962 334 1063 371 σου
1095 321 1313 388 ἔρχεταί
1338 334 1424 372 σοι
1453 322 1643 391 πρᾶος,
1678 320 1857 388 ἐπιβε-

253 400 436 475 βηκώς
470 402 556 456 ἐπὶ
587 396 885 470 ὑποζύγιον
915 400 1006 455 καὶ
1037 401 1226 455 πῶλον
1254 396 1436 456 νέον.”
1509 397 1568 457 τὸ
1601 401 1662 457 δὲ
1683 398 1857 457 “akv-

253 500 345 543 νεῖ
374 488 432 540 ἐν
463 492 596 560 οἴνῳ
627 480 730 554 τὴν
761 478 1192 554 στολὴν·αὖτοῦ,
1226 485 1318 539 καὶ
1350 485 1410 539 ἐν
1434 488 1619 556 αἵματι
1650 503 1858 558 σταφυ-

994 562 1053 584 au„
1175 568 1187 588 t

255 571 350 640 λῆς
381 565 482 640 τὴν
512 565 814 640 περιβολὴν
845 565 1015 624 αὑτου
1087 579 1286 634 σκεψαι
1327 569 1418 623 καὶ
1461 564 1623 634 αὐτὸς
1653 566 1859 640 μήποτε
1880 590 1900 622 5

256 648 327 719 ὡς
363 654 421 708 ἐν
451 648 781 726 ἀπορρήτοις
820 650 878 708 τὸ
920 648 1189 724 μυστικὸν
1220 656 1518 708 αἰνίττεται
1548 649 1728 717 πάθος
1760 649 1862 709 αὖ-

254 739 379 807 τοῦ,
414 738 474 792 ἐν
506 728 549 811 ᾧ
577 734 679 807 τὴν
710 734 911 808 στολὴν
942 733 1115 792 αὑτοῦ
1143 736 1235 791 καὶ
1265 732 1324 792 τὸ
1349 733 1704 809 περιβόλαιον
1733 731 1861 792 ἀπέ-

256 828 432 876 πλυνε
463 822 676 895 λουτρῷ
696 863 710 890 ,
757 817 829 876 δι’
867 810 933 876 οὗ
963 823 1075 875 τῶν
1108 824 1184 886 εἰς
1217 815 1387 876 αὐτὸν
1417 817 1863 877 πεπιστευκότων

254 901 597 961 ἀποπλύνειν
627 901 692 959 τὰ
722 902 929 959 παλαιὰ
968 901 1116 978 ῥύπη
1159 908 1435 976 δηλοῦται.
1510 908 1589 960 77.
1625 901 1716 960 διὰ
1758 902 1862 978 γὰρ

255 993 352 1044 τοῦ
383 996 558 1059 οἴνου,
591 983 725 1061 ὅπερ
750 979 821 1059 ἦν
849 989 949 1044 τοῦ
963 991 1186 1060 αἵματος
1212 985 1387 1044 αὐτοῦ
1404 985 1703 1060 σύμβολον,
1734 985 1862 1053 τούς

204 1098 229 1130 b
259 1078 335 1138 εἰς
365 1069 461 1129 τὸν
490 1069 737 1128 θάνατον
762 1067 932 1128 αὐτοῦ
951 1072 1380 1144 βαπτιζομένους
1404 1074 1494 1127 καὶ
1521 1073 1608 1127 ἐπὶ
1639 1069 1699 1127 τὸ
1731 1068 1864 1144 αἷμα

258 1152 428 1213 αὐτοῦ
460 1154 893 1220 πεπιστευκότας
922 1160 1035 1212 τῶν
1065 1153 1234 1212 πάλαι
1258 1158 1444 1212 κακῶν
1474 1151 1861 1228 ἀποκαθαίρει,

258 1237 597 1296 ἀποπλύνων
629 1235 815 1295 αὐτῶν
855 1241 946 1295 καὶ
976 1236 1312 1311 ἀποσμήχων
1352 1238 1454 1310 τὴν
1487 1236 1729 1296 παλαιάν
1760 1236 1863 1295 αὐ-

256 1326 367 1380 τῶν
391 1320 591 1394 στολὴν
615 1325 706 1378 καὶ
729 1320 788 1379 τὸ
816 1321 1190 1395 περιβόλαιον,
1224 1319 1363 1380 ὥστε
1380 1320 1580 1388 αὐτοὺς
1604 1325 1682 1399 ‘⁵93
1703 1329 1863 1399 τιμίῳ

256 1411 442 1480 αἵματι
483 1411 577 1478 τῆς
611 1406 811 1462 ἐνθέου
843 1408 934 1462 καὶ
975 1409 1347 1480 πνευματικῆς
1378 1410 1664 1479 σταφυλῆς
1700 1412 1774 1484 τῷ
1807 1429 1864 1463 τε

260 1494 318 1547 ἐκ
359 1495 470 1561 τῆς
501 1488 874 1562 ἀποδοθείσης
926 1488 1174 1563 ἀμπέλου
1234 1500 1367 1566 οἴνῳ
1415 1492 1863 1564 λελυτρωμένους

257 1573 654 1631 ἀποδύσασθαι
693 1574 795 1646 μὲν
838 1571 934 1630 τὸν
975 1573 1211 1630 παλαιὸν
1250 1572 1555 1647 ἄνθρωπον
1599 1573 1705 1631 συν
1744 1588 1864 1640 ταῖς

257 1656 521 1732 πράξεσιν
561 1656 761 1729 αὐτοῦ,
807 1656 1152 1715 ἐνδύσασθαι
1197 1658 1256 1715 δὲ
1294 1657 1390 1715 τὸν
1429 1660 1559 1715 νέον
1588 1658 1685 1716 τὸν
1728 1655 1866 1715 ἀνα-

259 1741 629 1814 καινούμενον
650 1747 726 1807 είς
755 1744 1055 1813 ἐπίγνωσιν
1079 1740 1198 1799 κατ’
1231 1740 1416 1799 εἰκόνα
1439 1744 1539 1799 τοῦ
1561 1750 1862 1807 κτίσαντος.

538 1824 549 1844 ἱ
582 1821 612 1844 Ε(
888 1828 901 1850 χ
1829 1821 1858 1842 2,

1886 1009 1925 1041 10

1888 1428 1928 1460 15

262 1830 340 1882 78.
376 1828 467 1882 καὶ
497 1849 557 1882 το
621 1847 903 1899 χαροποιοι
930 1824 1103 1882 αὐτοῦ
1126 1830 1180 1882 οἱ
1200 1823 1481 1897 ὀφθαλμοὶ
1506 1823 1612 1881 ἀπὸ
1635 1833 1817 1882 οἴνου·
1886 1847 1926 1879 20

423 1907 493 1928 ἱξθ
1171 1912 1194 1922 u
1236 1904 1259 1925 Ίὶ

212 1944 235 1966 c
259 1912 351 1965 καὶ
381 1933 439 1965 το
503 1911 688 1965 λευκοὶ
703 1913 759 1965 oc
776 1906 1000 1974 ὀδόντες
1025 1907 1196 1964 αὐτου
1226 1905 1455 1980 ηγάλα”
1492 1906 1659 1964 πάλιν
1690 1908 1865 1982 ἀπορ-

260 1991 434 2064 ρήτως
479 1995 573 2063 τῆς
619 1997 809 2063 καινῆς
854 1995 954 2048 τοῦ
994 1995 1238 2065 σωτῆρος
1282 1989 1439 2063 ἡμῶν
1482 1990 1755 2065 διαθήκης
1799 1990 1864 2049 τά

261 2073 534 2147 μυστήρια
572 2072 810 2146 ἡγοῦμαι
842 2076 1133 2148 περιέχειν.
1207 2073 1309 2146 τὴν
1338 2077 1476 2146 γοῦν
1509 2074 1864 2150 εὐφροσύνην

257 2157 359 2228 τὴν
390 2154 495 2213 ἀπὸ
527 2161 622 2213 τοῦ
663 2161 931 2229 μυστικοῦ
971 2167 1127 2215 οἴνου
1167 2151 1232 2216 οὗ
1258 2160 1669 2232 ’παραδέδωκεν
1700 2157 1866 2225 αὐτὸς

1094 2239 1104 2258 ἱ

258 2255 371 2307 τοῖς
416 2243 615 2298 ἑαυτοῦ
660 2251 933 2313 μαθηταῖς
976 2248 1145 2299 εἴπων
1180 2238 1438 2314 ((λάβετε,
1481 2250 1658 2313 πίετε,
1700 2241 1864 2300 τοῦτό
1886 2262 1928 2295 25

260 2324 366 2397 μού
400 2328 512 2381 ἐστι
542 2325 601 2382 τὸ
633 2322 766 2398 αἷμα
796 2323 855 2381 τὸ
885 2323 1026 2399 ὑπὲρ
1051 2324 1208 2398 ὑμῶν
1230 2324 1594 2398 ἐκχυνόμενον
1626 2332 1702 2392 εἰς
1726 2323 1865 2399 ἀφε-

261 2426 352 2465 σιν
377 2406 680 2482 ἁμαρτιῶν·
713 2412 871 2466 τοῦτο
889 2422 1093 2466 ποιεῖτε
1119 2415 1194 2476 εἰς
1218 2407 1318 2481 τὴν
1345 2407 1477 2482 ἐμὴν
1500 2406 1861 2482 ἀνάμνησιν,”

262 2497 416 2549 δοκεῖ
442 2516 533 2564 μοι
564 2499 854 2566 σημαίνειν
884 2491 943 2549 τὸ
967 2489 1286 2569 “χαροποιοὶ
1309 2497 1362 2550 οἱ
1382 2491 1664 2567 ὀφθαλμοὶ
1695 2491 1869 2551 αὐτοῦ

789 2573 862 2596 *CC
1577 2572 1652 2594 *Ἃ

209 2599 236 2631 <1
260 2573 366 2632 ἀπὸ
398 2574 590 2632 οἴνου”
627 2579 718 2633 καὶ
749 2601 808 2634 το
870 2580 1054 2635 λευκοὶ
1089 2582 1145 2635 οἱ
1170 2576 1393 2643 ὀδόντες
1426 2574 1595 2635 αι’του
1619 2601 1652 2650 η
1682 2575 1860 2649 γάλα”

261 2657 320 2714 τὸ
352 2658 604 2733 λαμπρὸν
634 2663 724 2718 καὶ
766 2661 1018 2736 καθαρὸν
1056 2664 1150 2734 τῆς
1189 2660 1608 2737 μυστηριώδους
1639 2664 1859 2737 τροφῆς.
1885 2682 1926 2714 3ο

379 2851 399 2888 1
438 2851 570 2891 Zach.
595 2855 634 2904 9,
660 2855 698 2893 9.
