1992 3186
264 143 365 195 308
943 144 1194 185 EUSEBH

152 283 240 325 [140]
265 263 466 334 μένους
490 259 674 332 λαούς,
708 261 799 315 καὶ
823 264 1139 332 μυρίανδρα
1163 258 1351 332 πλήθη
1375 262 1486 317 των
1509 258 1656 337 αὐτῷ
1688 270 1872 317 καθω-

264 347 552 418 σιωμένων
583 342 937 416 πανταχόθεν
975 339 1084 399 ὑπὸ
1116 347 1228 400 τῶν
1257 342 1555 418 ὁρωμένων
1593 367 1652 401 τε
1687 347 1747 401 ἐν
1777 341 1872 402 άν-

263 428 512 503 θρώποις
546 427 797 501 ἀοράτων
837 451 894 483 τε
937 429 1028 484 καὶ
1060 424 1295 500 ἀφανῶν
1337 431 1555 502 ἐχθρῶν
1585 431 1677 485 καὶ
1708 437 1874 486 πολε-

263 520 406 586 μίων
436 515 531 584 τῆς
561 515 659 568 τοῦ
691 515 936 584 Χριστοῦ
971 516 1328 579 διδασκαλίας
1359 511 1738 586 κυκλούμενα,
1769 511 1873 569 οὐκ

263 595 332 653 ἂν
371 595 681 669 θαυμάσειε
720 595 816 652 τὸν
860 594 1108 670 παρόντα
1158 594 1402 669 χρησμόν
1457 602 1532 662 εἰς
1575 595 1915 670 πρόσωπον5

262 679 707 754 άναφωνηθέντα
745 685 843 737 τοῦ
894 682 1325 753 θεσπιζομένου,
1377 678 1437 736 τὸ
1472 676 1873 754 “κατακυρίευε

265 768 325 822 ἐν
354 768 502 842 μέσῳ
533 769 645 822 τῶν
677 768 896 838 ἐχθρῶν
926 761 1082 822 σου.”
1149 768 1229 824 12,
1263 766 1355 821 καὶ
1382 763 1675 837 ἐπειδήπερ
1709 768 1768 822 ἐν
1798 767 1876 840 τῷ

263 848 514 922 πρόσθεν
537 846 868 922 “κεχρῖσθαι
898 852 976 925 τῷ
1007 853 1171 924 ἐλαίῳ
1202 852 1296 920 τῆς
1328 847 1702 921 ἀγαλλιάσεως
1727 846 1876 922 παρὰ

148 956 240 997 (222)
266 934 391 1000 τοὺς
414 932 676 1007 μετόχους
701 931 859 1006 σου,”
891 935 1085 1007 ἱερέων
1110 934 1169 989 δὲ
1194 939 1400 990 οἰκεῖον
1422 926 1494 1004 ἧν
1509 930 1642 1005 παρ’
1662 929 1875 1006 Ἑβραί-

264 1043 343 1085 οις
373 1018 433 1075 τὸ
465 1025 749 1091 χρίεσθαι,
784 1017 1005 1083 εἰκότως
1036 1016 1064 1073 ὁ
1094 1015 1230 1090 μετὰ
1260 1031 1446 1090 χεῖρας
1476 1015 1586 1090 ἤδη
1618 1016 1873 1074 λευκότευ
1898 1042 1937 1073 10

264 1127 364 1174 ρον
396 1105 544 1176 ι”ερέα
576 1101 744 1159 αὐτὸν
785 1105 1123 1174 ἐπιφημίζει,
1164 1107 1394 1158 πλείονα
1433 1103 1716 1175 προτιθεὶς
1747 1102 1874 1172 περὶ

265 1184 436 1243 αὐτοῦ
479 1191 871 1257 διδασκαλίαν,
919 1184 993 1241 δι’
1040 1177 1105 1257 ἧς
1145 1183 1317 1257 μόνον
1356 1185 1528 1242 αὐτὸν
1570 1183 1718 1258 παρὰ
1747 1185 1874 1251 τοὺς

269 1269 489 1328 πώποτε
531 1269 760 1327 αἰώνιον
793 1272 940 1342 ἱερέα
971 1270 1114 1326 εἶναι
1154 1267 1435 1341 παιδεύει,
1476 1267 1611 1342 ὅπερ
1643 1267 1874 1344 οὐδεμιᾷ

264 1353 572 1428 ἀνθρώπου
603 1353 775 1426 φύσει
808 1353 1052 1410 δυνατὸν
1087 1351 1427 1426 ἐφαρμόζειν.
1493 1357 1572 1409 13.
1608 1350 1744 1409 κατὰ
1774 1351 1876 1424 τὴν

264 1437 418 1506 τάξιν
449 1438 797 1511 ,Μελχισεδὲκ
829 1441 1094 1512 ἱερᾶσθαί
1119 1456 1292 1510 φησιν
1323 1433 1523 1509 αὐτὸν,
1555 1436 1690 1510 πρὸς
1721 1435 1876 1494 ἀντι-
1899 1461 1939 1493 15

219 1544 240 1576 b
270 1522 566 1595 διαστολὴν
589 1526 686 1579 τοῦ
710 1522 844 1578 κατὰ
868 1520 969 1594 τὴν
982 1523 1232 1588 4Μωσέως
1259 1520 1505 1589 διάταξιν
1524 1523 1731 1593 ἱερέως,
1756 1519 1875 1592 ἤτοι

264 1613 362 1664 τοῦ
388 1606 601 1681 Ἀαρών
620 1651 634 1679 ,
667 1602 700 1678 ἢ
732 1613 830 1662 καί
854 1630 1001 1672 τινος
1031 1610 1143 1662 τῶν
1176 1609 1229 1673 ἐξ
1263 1609 1478 1663 ἐκείνου
1491 1651 1506 1678 ,
1539 1597 1619 1663 ‹52›
1650 1608 1875 1671 ἕκαστος

264 1691 337 1764 μὴ
371 1689 449 1748 ὢν
479 1690 746 1766 πρότερον
779 1688 984 1763 ἱερεύς,
1015 1689 1252 1763 ὕστερόν
1282 1712 1414 1746 ποτε
1446 1686 1521 1746 δι’
1555 1687 1875 1762 ἀνθρώπων

264 1775 467 1850 ἀλοιφῇ
498 1801 606 1832 τινι
638 1779 912 1847 σκευαστῇ
943 1773 1248 1848 χριόμενος,
1282 1773 1353 1838 ὡς
1387 1777 1447 1830 ἐν
1476 1771 1666 1838 τύποις
1697 1778 1876 1829 εἰπεῖν

266 1861 357 1916 καὶ
380 1859 696 1932 συμβόλοις,
722 1858 961 1930 σκιώδης
982 1882 1062 1923 τις
1086 1859 1177 1913 καὶ
1204 1855 1470 1922 εἰκονικὸς
1485 1853 1724 1927 Χριστὸς
1743 1853 1870 1912 άπε-
1897 1879 1937 1911 20

265 1952 502 2015 τελεῐτο,
535 1942 673 1999 ἀλλὰ
705 1945 795 1998 καὶ
822 1939 916 1997 ἅτε
939 1940 1143 2013 θνητὸς
1169 1937 1247 1997 ὧν
1277 1936 1380 1996 οὐκ
1405 1945 1482 2005 εἰς
1505 1939 1716 2013 μακρὸν
1745 1937 1876 1997 άπε-

266 2035 452 2084 τίθετο
493 2025 595 2097 τὴν
638 2023 979 2098 ἱερωσύνην,
1023 2027 1114 2080 καὶ
1156 2022 1303 2096 παρὰ
1344 2025 1444 2096 μὲν
1487 2028 1563 2099 τῷ
1588 2022 1875 2082 Ἰουδαίων

266 2110 419 2186 μόνῳ
454 2112 635 2184 ἱερᾶτο
666 2112 800 2185 λαῷ,
833 2107 899 2164 οὐ
930 2108 1040 2181 μὴν
1071 2111 1162 2164 καὶ
1193 2107 1341 2181 παρὰ
1362 2121 1475 2173 τοῖς
1501 2106 1686 2173 ἄλλοις
1717 2114 1875 2165 ἔθνε-

226 2225 243 2247 e
268 2210 383 2251 σιν·
432 2191 570 2249 ἀλλὰ
601 2189 733 2249 οὐδὲ
762 2189 895 2265 μεθ’
946 2188 1287 2266 ὁρκωμοσίας
1318 2195 1459 2249 θεοῦ
1501 2195 1588 2248 ἐπὶ
1626 2189 1728 2264 τὴν
1767 2200 1876 2248 λει-

267 2284 534 2352 τουργίαν
557 2275 776 2351 παρῄει,
808 2282 983 2347 κρίσει
1017 2277 1076 2332 δὲ
1107 2273 1431 2350 ἀνθρώπων.
1448 2274 1770 2348 τιμώμενος,
1803 2274 1876 2340 ὡς
1897 2298 1940 2330 25

269 2371 363 2419 καί
388 2385 520 2418 ποτε
542 2359 615 2435 μὴ
635 2359 786 2428 ἄξιον
811 2357 1172 2433 εὑρίσκεσθαι
1198 2363 1257 2416 ἐν
1282 2357 1467 2426 αὐτοῖς
1491 2363 1584 2430 τῆς
1608 2365 1706 2415 τοῦ
1735 2362 1875 2416 θεοῦ

269 2452 601 2519 θεραπείας,
643 2443 756 2510 οἶος
787 2442 1195 2517 ἀναγέγραπται
1226 2438 1254 2499 ὁ
1282 2440 1443 2499 Ἠλεί.
1518 2447 1596 2499 14.
1631 2448 1710 2499 ἔτι
1740 2443 1875 2515 πρὸς

269 2531 481 2596 τούτοις
512 2527 540 2586 ὁ
573 2527 800 2595 παλαιὸς
832 2532 1038 2593 ἐκεῖνος
1072 2524 1251 2600 ίερεύς
1281 2529 1309 2583 ὁ
1342 2524 1476 2583 κατὰ
1508 2525 1609 2598 τὴν
1623 2529 1874 2591 Μωσέως

274 2614 521 2681 διάταξιν
553 2618 611 2670 ἐκ
641 2613 811 2686 μόνης
845 2617 1088 2685 ἐκρίνετο
1120 2615 1300 2683 φυλῆς
1330 2613 1423 2682 τῆς
1454 2617 1621 2668 Λευί·
1670 2616 1781 2667 ἔδει
1815 2610 1874 2666 δὲ

274 2702 326 2765 ἐξ
358 2697 596 2764 ἅπαντος
628 2700 719 2754 καὶ
749 2698 808 2754 τὸ
839 2700 995 2769 γένος
1029 2699 1088 2752 ἐκ
1117 2700 1212 2766 τῆς
1245 2698 1343 2752 τοῦ
1370 2692 1581 2768 Ἀαρών
1615 2699 1873 2766 διαδοχῆς
1897 2718 1938 2749 30

272 2779 440 2837 αὐτὸν
480 2785 702 2855 φέρειν,
744 2781 964 2854 θύμασί
996 2804 1053 2837 τε
1094 2778 1246 2855 ζῴων
1272 2777 1505 2850 >ἀλόγων
1552 2781 1643 2835 καὶ
1684 2784 1876 2849 αἵμασι

274 2872 554 2940 σωματικῇ
579 2889 642 2938 γε
666 2872 890 2941 λατρεία
914 2861 1251 2938 θεραπεύειν
1275 2866 1334 2920 τὸ
1359 2874 1543 2921 θεῖον·
1591 2862 1619 2919 ὁ
1653 2863 1711 2918 δὲ
1725 2869 1874 2920 Μελ-
