1946 3158
584 146 923 200 {DEMONSQ
956 145 1175 189 EVANG.
1206 147 1268 187 11.
1301 148 1344 186 2.
1712 144 1779 196 83

607 272 696 332 ις’.
757 259 886 320 Ἀπὸ
917 287 1014 320 του
1049 269 1351 335 Σοφονίου.

176 360 695 436 Δήλωσιςέπιφανείας
708 365 977 436 Χριστοῦ,
945 362 1025 406 καὶ
1047 362 1376 430 καθαιρέσεως
1396 360 1779 419 εἰδωλολατρίας,

531 419 613 463 καὶ
634 421 728 462 τῶν
750 421 910 464 εθνῶν
933 419 999 468 εἰς
1020 415 1143 463 θεὸν
1166 416 1428 473 εὐσεβείας.

307 516 334 560 ‘³
391 509 422 532 ‘
439 506 870 583 Ἐπιφανήσεται
901 508 1089 582 κύριος
1132 505 1221 566 ἐπ’
1255 506 1490 582 αὐτους,
1534 511 1625 566 καὶ
1659 512 1777 577 ἐξο-
1843 526 1866 558 d

133 632 154 664 5
176 594 472 670 λοθρεύσει
503 593 712 661 πάντας
743 593 869 661 τούς
900 594 1068 660 θεοὺς
1091 598 1202 651 τῶν
1236 597 1449 667 ἐθνῶν,
1490 596 1581 651 καὶ
1612 612 1780 668 προσ-

175 679 520 753 κυνήσουσιν
550 678 722 757 αὐτῷ,
756 682 980 744 ἕκαστος
1014 682 1072 735 ἐκ
1102 682 1199 735 τοῦ
1222 677 1395 736 τόπου
1426 676 1640 752 αὐτῶν,
1673 683 1781 736 πᾶ-

848 767 870 777 u
922 760 954 782 22

181 785 272 824 σαι
304 770 365 823 αἱ
390 767 550 838 νῆσοι
580 768 692 822 τῶν
724 767 922 822 έθνων.

723 903 734 919 Ι
806 901 819 922 9
919 902 931 921 ἲ
1040 907 1058 918 ⁶
1143 904 1155 922 5
1240 909 1263 919 u

672 912 748 974 ιζ.
812 914 936 963 Απο
959 929 1056 962 του
1089 929 1279 962 αυτου.

177 1009 393 1069 Δήλωσις
413 1009 594 1081 ἡμέρας
625 1008 930 1084 ἀναστάσεως
957 1013 1178 1067 Χριστοῦ,
1210 1012 1294 1056 καὶ
1323 1008 1482 1056 ἐθνῶν
1513 1008 1782 1086 συναγωγή,

114 1086 154 1118 10
176 1070 370 1114 πάντων
398 1085 448 1113 τε
476 1065 748 1143 ἀνθρώπων
778 1065 1028 1124 ἐπίγνωσις
1050 1069 1190 1122 θεοῦ,
1222 1069 1305 1112 καὶ
1347 1067 1519 1122 τρόπος
1552 1074 1621 1119 εἰς
1653 1064 1786 1112 εὗσε-

316 1128 463 1183 βείας,
488 1126 571 1169 καὶ
593 1123 655 1176 ὡς
676 1125 910 1175 Αἰθίοπες
932 1125 1111 1175 θυσίας
1133 1121 1265 1184 αὐτῷ
1288 1127 1638 1181 προσοίσουσιν.

305 1222 352 1274 9.
405 1214 567 1274 “Διοί
597 1219 758 1273 τοῦτο
789 1211 1096 1288 υπόμεινόν
1125 1240 1224 1289 με,
1269 1219 1416 1289 λέγει
1447 1214 1664 1288 κύριος,
1709 1221 1786 1282 εἰς

179 1301 391 1375 ἡμέραν
441 1298 793 1367 ἄναστοὲσεῶς
844 1324 952 1374 μου
1007 1306 1084 1368 εἰς
1145 1299 1464 1375 μαρτύριον.
1543 1298 1683 1358 διότι
1723 1298 1784 1357 τὸ
1810 1315 1879 1356 (51)

181 1393 348 1460 κρίμα
389 1409 495 1457 μου
542 1391 619 1450 εἰς
661 1385 990 1457 συναγωγὰς
1032 1388 1245 1458 ἐθνῶν,
1286 1390 1389 1443 τοῦ
1431 1387 1789 1454 εἰσδέξασθαι

119 1508 158 1539 15
183 1477 431 1542 βασιλεῖς
453 1475 551 1527 τοῦ
584 1471 762 1542 ἐκχέαι
795 1468 878 1525 ἐπ’
916 1466 1118 1536 αὐτοὺς
1146 1468 1249 1542 τὴν
1287 1467 1461 1543 ὀργήν
1502 1494 1637 1543 μου,
1681 1473 1789 1527 ποῖ-

183 1574 288 1612 σαν
317 1553 493 1628 ὀργὴν
523 1557 711 1626 θυμοῦ
741 1577 864 1626 μου.
924 1551 1064 1611 διότι
1096 1558 1157 1611 ἐν
1187 1557 1324 1628 πυρὶ
1356 1553 1519 1626 ζήλου
1551 1578 1658 1627 μου
1689 1579 1789 1611 κα-

181 1637 639 1710 ταναλωθήσεται
669 1640 818 1695 πᾶσα
849 1636 883 1710 ἡ
914 1640 1004 1710 γῆ,
1036 1637 1118 1695 ὅτι
1148 1637 1270 1696 τότε
1300 1641 1656 1712 μεταστρέψω
1700 1640 1790 1695 ἐπὶ

182 1722 348 1790 λαοὺς
379 1728 659 1796 γλῶσσαν,
696 1729 773 1788 εἰς
797 1722 998 1794 γενεὰν
1029 1721 1225 1795 αὐτῆς,
1271 1729 1370 1781 τοῦ
1405 1726 1790 1781 ἐπικαλεῖσθαι

182 1807 390 1875 πάντας
437 1805 498 1864 τὸ
542 1804 719 1880 ὄνομα
763 1815 962 1881 κυρίου
1015 1811 1116 1865 τοῦ
1158 1806 1448 1865 δουλεύειν
1489 1806 1637 1884 αὐτῷ
1680 1805 1789 1865 ὑπὸ

121 1929 162 1961 20
186 1893 355 1965 ζυγὸν
385 1895 500 1950 ἕνα.
565 1894 623 1948 ἐκ
653 1890 908 1967 περάτων
938 1896 1200 1966 ποταμῶν
1233 1898 1534 1959 Αἰθιοπίας
1574 1901 1791 1957 οἴσουσι

183 1984 389 2044 θυσίας
420 1973 558 2050 μοι.”

621 2059 708 2133 ιη’.
766 2059 898 2119 Ἀπὸ
928 2066 1028 2119 τοῦ
1059 2068 1352 2135 Ζαχαρίου.

186 2168 402 2226 Δήλωσις
428 2169 639 2236 Χριστοῦ
669 2169 956 2222 παρουσίας,
996 2169 1080 2213 καὶ
1117 2171 1304 2213 πολλῶν
1342 2165 1502 2214 ἐθνῶν
1531 2165 1610 2214 ἐπ’
1639 2165 1791 2214 αὐτὸν
1818 2186 1835 2208 c

186 2222 442 2282 καταφυγὴ
474 2225 558 2268 καὶ
581 2221 643 2275 ὡς
674 2223 866 2269 ε’σονται
898 2242 961 2269 τω
991 2226 1138 2282 κυρίῳ
1177 2222 1227 2280 ἐξ
1259 2222 1420 2271 ἐθνῶν
1449 2223 1792 2283 συστησάμενοι

121 2321 162 2353 25
930 2272 1053 2329 λαοί.

317 2384 397 2438 10.
439 2375 713 2455 “>Τέρπου
773 2382 865 2437 καὶ
909 2377 1247 2454 εὐφραίνου,
1307 2379 1553 2454 θύγατερ
1614 2378 1790 2454 Σιῶν,

187 2463 326 2522 διότι
359 2461 482 2522 ι’δού
513 2471 758 2539 ἔρχομαι,
790 2467 883 2522 καὶ
927 2463 1336 2538 κατασκηνῶσω
1378 2469 1438 2522 ἐν
1477 2467 1626 2541 μέσῳ
1668 2482 1791 2538 σου,

187 2551 334 2622 λέγει
383 2548 597 2624 κύριος·
669 2553 761 2608 καὶ
801 2548 1240 2624 καταφεύξονται
1291 2555 1432 2622 ἔθνη
1475 2548 1650 2607 πολλοὶ
1704 2553 1795 2606 ἐπὶ

186 2633 283 2692 τὸν
322 2632 516 2707 κύριον
560 2637 620 2693 ἐν
659 2640 726 2709 τῇ
761 2632 936 2710 ἡμέρα
978 2638 1189 2709 ἐκείνῃ,
1233 2636 1324 2691 καὶ
1367 2640 1586 2692 ἔσονται
1638 2630 1787 2711 αὐτῷ
1816 2662 1882 2704 [34]

125 2755 164 2787 30
190 2725 267 2786 εἰς
298 2717 448 2777 λαόν.
511 2722 603 2777 καὶ
643 2717 1171 2792 κατασκηνῶσουσιν
1215 2721 1275 2777 ἐν
1318 2721 1467 2796 μέσῳ
1508 2737 1644 2792 σου,
1699 2721 1791 2776 καὶ

303 2916 330 2954 4
352 2913 489 2967 Soph.
511 2915 550 2965 2,
578 2916 645 2954 11.
824 2915 875 2953 12
908 2913 1042 2967 Soph.
1068 2916 1107 2965 3,
1133 2915 1172 2956 8.
1346 2916 1400 2955 26
1431 2914 1569 2955 Zach.
1593 2916 1634 2966 2,
1659 2915 1725 2956 10.

1374 2981 1447 3034 6210
