1946 3158
596 138 904 180 DEMONST.
937 138 1161 181 EVANG.
1195 139 1255 182 11.
1279 142 1317 198 3,
1664 137 1765 190 115

155 255 489 329 ἀναστρέψει
538 253 597 311 τὸ
657 254 1033 328 καταλειφθὲν
1072 256 1173 312 τοῦ
1222 251 1440 328 Ἰσραὴλ
1484 255 1571 312 ἐπὶ
1622 253 1766 312 θεὸν

158 339 432 414 ἰσχύοντα.
495 343 577 396 96.
613 341 705 395 καὶ
744 338 840 396 ἐὰν
880 340 1103 411 γένηται
1145 337 1440 413 ὁάριθμὸς
1479 342 1592 396 τῶν
1622 343 1764 396 υἱῶν

148 423 367 500 Ἰσραὴλ
407 419 481 490 ὥς
526 421 560 495 ἡ
605 420 778 497 ἄμμος
819 427 916 496 τῆς
957 422 1274 497 θαλάσσης,
1320 422 1380 481 τὸ
1420 422 1764 497 κατάλειμμα

156 508 342 569 αὐτῶν
383 506 714 581 σωθήσεται.
786 507 952 580 λόγον
1000 507 1116 583 γὰρ,
1157 511 1440 567 συντελῶν
1490 510 1581 565 καὶ
1623 528 1764 566 συν-

14 611 39 620 ·
91 620 111 651 5
156 597 371 667 τέμνων
432 595 493 650 ἐν
552 591 911 666 δικαιοσύνῃ,
971 590 1055 650 ὅτι
1107 591 1273 665 λόγον
1317 594 1765 667 συντετμημένον

156 677 373 751 ποιήσει
405 676 433 734 ὁ
466 675 598 744 θεὸς
631 679 690 734 ἐν
720 680 788 751 τῇ
816 679 1116 752 οἰκουμένῃ
1146 673 1296 752 ὅλῃ.”

285 767 368 819 97.
417 758 728 820 Κάνταῦθα
757 759 1028 835 πρόσσχες
1057 760 1141 818 ὅτι
1177 765 1238 819 ἐν
1266 765 1335 837 τῇ
1365 765 1477 819 τῶν
1500 771 1759 835 σκυθρω-

156 851 278 904 πων
309 845 536 920 ἀπειλῇ,
567 846 769 918 φησὶν,
811 851 962 903 ἔσται
1001 844 1029 903 ὁ
1080 844 1309 919 φεύγων
1350 844 1423 912 ὡς
1462 843 1490 902 ὁ
1532 845 1761 919 φεύγων

155 929 263 988 ἀπὸ
305 929 511 1003 φλογὸς
551 932 869 1003 καιομένης·
924 932 1014 987 καὶ
1054 935 1113 988 οἰ
1147 932 1612 1003 καταλειφθέντες
1654 927 1750 987 ἀπ’

90 1040 131 1073 10
154 1013 341 1073 αὐτῶν
397 1012 633 1088 ἀριθμὸς
683 1021 867 1088 ἔσται,
918 1017 1010 1072 καὶ
1050 1019 1277 1073 παιδίον
1316 1014 1517 1090 μικρὸν
1557 1014 1760 1089 γράψει
1789 1030 1811 1062 d

155 1097 370 1166 αὐτούς.
442 1095 521 1156 δι’
569 1091 649 1156 ὧν
701 1098 760 1157 τὸ
800 1098 1038 1157 σπάνιον
1086 1103 1199 1157 τῶν
1250 1101 1607 1173 φευξομένων
1666 1099 1762 1157 τὸν

153 1182 392 1259 ὄλεθρον
422 1186 523 1242 τοῦ
554 1187 614 1241 ἐκ
644 1188 940 1257 περιτομῆς
971 1189 1136 1258 λαοῦ,
1179 1186 1270 1242 καὶ
1310 1182 1407 1242 τὸν
1447 1187 1540 1258 τῆς
1564 1180 1760 1258 Ἰερου-

155 1266 335 1341 σαλὴμ
366 1267 687 1343 ἐμπρησμὸν
717 1275 1065 1343 παρίστησιν.
1118 1275 1176 1327 οἱ
1190 1275 1265 1329 ,δε
1296 1271 1762 1341 καταλειφθέντες

156 1344 532 1426 οὗτοι,φησὶν,
545 1349 782 1426 ἀριθμὸς
807 1359 1050 1411 ἔσονται·
1087 1359 1168 1412 98.
1185 1352 1331 1412 τοῦτ’
1361 1360 1513 1412 ἔστιν
1534 1351 1760 1430 ἀριθμῷ

94 1459 133 1492 15
157 1438 351 1508 ληπτοὶ
390 1435 743 1510 γενήσονται,
785 1436 930 1495 οὕτω
972 1445 1196 1512 βραχεῖς
1250 1441 1340 1495 καὶ
1394 1437 1759 1512 εὐαρίθμητοι

154 1518 323 1587 ὄντες.
384 1523 634 1578 τοσοῦτοι
668 1518 723 1578 δ’
757 1513 861 1579 οὖν
892 1518 965 1589 ὡς
991 1526 1058 1579 ἐν
1089 1529 1377 1596 συγκρίσει
1417 1525 1516 1580 τοῦ
1556 1522 1762 1589 παντὸς

154 1604 408 1678 πλήθους
439 1609 538 1662 τοῦ
561 1603 848 1663 Ἰουδαίων
889 1611 1094 1673 ἔθνους
1141 1611 1197 1664 οἱ
1257 1613 1334 1673 εἰς
1393 1604 1491 1664 τὸν
1531 1609 1755 1680 σωτῆρα

153 1691 245 1746 καὶ
286 1687 482 1763 κύριον
513 1685 670 1762 ’ἡμῶν
722 1689 1147 1758 πεπιστευκότες
1186 1690 1512 1764 γεγόνασιν,
1564 1698 1621 1748 οἳ
1668 1692 1758 1747 καὶ

154 1772 581 1847 κατηξιώθησαν
630 1777 725 1847 τῆς
770 1770 866 1831 ὑπ’
928 1771 1100 1833 αὐτοῦ
1153 1780 1401 1850 γραφῆς,
1449 1771 1522 1843 ὥς
1599 1780 1762 1848 δηλοῖ

89 1878 132 1913 20
153 1857 386 1932 φάσκων
444 1854 473 1916 ὁ
535 1856 694 1931 λόγος
749 1855 779 1878 “
796 1861 888 1916 καὶ
943 1865 1170 1917 παιδίον
1227 1859 1428 1935 γράψει
1468 1857 1752 1926 ἀὐτούς’”

153 1941 548 2017 προδιδάξας
530 1942 560 2000 ό
590 1968 641 2000 τι
673 1966 805 2002 ποτε
835 1937 906 2017 ἦν
944 1943 1005 2002 τὸ
1047 1949 1274 2002 παιδίον
1327 1948 1387 2003 ἐν
1429 1940 1511 2011 οἷς
1566 1951 1811 2017 ἔλεγενσ
1800 1962 1854 2004 3)

143 2026 310 2085 “ίδοὺ
342 2053 374 2136 η
407 2031 687 2103 παρθένος
722 2033 783 2087 ἐν
814 2030 1009 2101 γαστρὶ
1054 2032 1188 2102 ἕξει,
1231 2032 1323 2087 και
1352 2031 1560 2097 τέξεται
1600 2027 1752 2086 υιόν

152 2115 243 2170 καὶ
274 2115 409 2187 πρὶν
442 2110 475 2186 ἢ
505 2137 717 2186 γνωναι
748 2113 808 2172 τὸ
854 2119 1081 2172 παιδίον
1111 2123 1304 2171 καλειν
1344 2115 1551 2189 πατέρα
1592 2111 1625 2187 ἢ
1652 2139 1752 2188 μη-

151 2195 327 2271 τέρα.”
355 2202 437 2254 99.
453 2199 545 2254 καὶ
579 2197 877 2272 ἐπειδήπερ
903 2202 1150 2257 ἐνταῦθα
1180 2204 1409 2257 παιδίον
1427 2201 1602 2272 φησὶν
1625 2197 1757 2271 γρά-

85 2302 127 2335 25
157 2295 248 2351 ψει
283 2278 508 2356 αὐτούς,
555 2281 774 2351 εἰκότως
818 2286 877 2340 ἐν
920 2296 1034 2351 τοῖς
1074 2282 1327 2357 πρόσθεν
1365 2285 1578 2356 ἐλέγετο
1613 2279 1642 2300 “
1663 2286 1755 2340 καὶ

155 2373 306 2423 ἔσται
335 2364 777 2440 τδὺπολειφθὲν
821 2371 880 2425 ἐν
934 2367 1092 2427 Σιών
1143 2369 1236 2425 καὶ
1276 2366 1336 2425 τὸ
1378 2368 1758 2440 καταλειφθὲν

155 2454 215 2507 ἐν
239 2447 677 2526 Ἱερουσαλὴμ,”
643 2476 787 2524 αγιοι
819 2451 1196 2525 κληθήσονται
1213 2451 1414 2519 πάντες
1438 2477 1489 2510 οι
1514 2454 1754 2524 γραφέν-

153 2558 239 2601 τες
281 2541 358 2602 εἰς
400 2535 557 2608 ζωήν.
626 2533 810 2613 ω’σπερ
849 2539 987 2610 γοῦν
1032 2539 1091 2594 ἐν
1133 2541 1364 2602 ἐκείνοις
1404 2535 1462 2593 τὸ
1504 2543 1758 2592 καταλει-

152 2618 302 2691 φθεν
361 2616 672 2693 ωνόμαστο,
728 2626 786 2678 οι
824 2620 876 2677 δ’
934 2617 1091 2678 αὐτοὶ
1134 2624 1438 2695 γραφέντες
1479 2621 1623 2692 ησαν
1678 2626 1755 2686 εἰς

89 2726 129 2760 30
154 2700 315 2776 ζωὴν,
343 2701 516 2772 ούτως
540 2707 631 2762 καὶ
657 2709 904 2764 ἐνταῦθα
935 2730 986 2763 οι
1013 2707 1476 2777 καταλειφθέντες
1516 2702 1611 2761 ἀπ’
1649 2701 1754 2761 αύ-

154 2791 263 2845 τῶν
311 2784 548 2862 ἀριθμὸς
600 2795 817 2847 ἔσονται
870 2792 960 2847 καὶ
1002 2795 1230 2847 παιδίον
1282 2788 1481 2863 γράψει
1534 2785 1749 2856 αύτούς.

156 2877 270 2928 100.
319 2875 480 2930 τοῦτο
529 2874 588 2931 δὲ
628 2876 1004 2947 καταλειφθὲν
1050 2877 1107 2931 ἐκ
1152 2877 1251 2931 τοῦ
1288 2873 1532 2948 Ἰσραὴλ,
1575 2875 1664 2931 καὶ
1700 2878 1759 2930 οἱ

1455 2966 1530 3019 8*
