1992 3186
266 101 370 153 498
931 101 1179 157 EUSEBH

267 216 439 291 νήσας
470 223 746 290 φαίνεται,
779 214 925 288 πλὴν
954 213 1093 273 ἄλλα
1123 215 1228 291 πρὸ
1258 222 1370 275 τῶν
1399 215 1580 289 λόγων
1610 221 1704 290 τῆς
1735 239 1873 292 προ-

269 308 520 375 φητείας·
567 300 701 372 μετὰ
740 299 845 400 γὰρ
885 298 1113 367 τούτους
1154 296 1324 357 οὐδέν
1361 325 1413 358 τι
1457 305 1707 359 τοιοῦτον
1737 301 1873 359 οὐδὲ

267 388 393 459 περὶ
421 384 516 441 τὸν
543 380 771 456 Ἰωσὴφ,
813 381 959 456 ἦπού
989 407 1052 455 γε
1083 385 1209 457 περὶ
1239 381 1335 441 τὸν
1359 370 1601 458 Ἰούδαν,
1647 383 1872 459 γεγονὸς

266 469 297 542 ἡ
333 473 546 540 ἱστορία
577 473 888 540 παρίστησι.
949 471 1031 524 24.
1065 470 1156 524 καὶ
1187 465 1246 525 τὸ
1268 464 1602 526 “ἆναπεσων
1636 470 1697 526 δὲ
1729 473 1872 527 ἐκοι-

266 551 448 625 μήθης
481 576 554 618 ως
585 553 728 608 λέων
759 554 850 609 καὶ
893 575 965 617 ως
996 549 1271 625 σκύμνος”
1318 558 1563 625 μείζονος
1593 548 1663 610 ἂν
1695 555 1870 611 δέοιτο
1892 578 1913 611 5

263 633 296 708 ἢ
329 634 465 693 κατὰ
494 636 591 692 τὸν
616 632 832 693 Ἰούδαν
861 642 1119 709 θεωρίας.
1163 633 1301 693 αλλα
1332 638 1423 693 καὶ
1453 634 1512 693 τὸ
1535 637 1670 710 μετὰ
1698 641 1871 695 ταῦτα

265 722 554 794 εἰρημένον
575 716 718 777 “ofin
752 723 991 789 ἐκλείψει
1021 744 1206 794 αρχων
1232 723 1285 788 ἐξ
1310 716 1509 793 Ἰούδα,
1541 717 1673 779 ουδε
1702 719 1871 794 ἡγού-

264 828 425 877 μενος
458 807 517 860 ἐκ
546 827 658 861 των
687 828 880 877 μηρων
910 801 1108 876 αὐτοῦ,
1151 808 1251 871 ε’ως
1282 829 1351 862 αν
1383 810 1521 880 ἔλθῃ
1552 829 1617 861 τα
1647 803 1874 862 ἀποκεί-

218 913 238 944 b
263 913 402 961 μενα
436 885 612 964 αυτῷ,
657 889 748 945 καὶ
780 887 943 954 αὐτὸς
983 894 1288 962 προσδοκία
1320 887 1539 946 ἐθνῶν’“
1585 888 1713 955 τοὺς
1743 888 1867 963 χρό-

264 998 394 1039 νους
426 977 778 1030 αἰνίττεσθαί
803 996 894 1046 μοι
928 977 1083 1030 δοκεῖ
1108 976 1203 1044 τῆς
1249 979 1348 1029 τοῦ
1379 975 1870 1045 προφητευομένου
1895 998 1934 1030 10

263 1062 583 1129 παρουσίας.
646 1054 773 1112 τόδε
802 1055 937 1130 γὰρ,
969 1059 1171 1128 φησὶν,
1204 1054 1307 1114 οὐκ
1332 1062 1501 1128 ἔσται,
1535 1055 1641 1114 ἔστ’
1680 1052 1749 1114 ἂν
1778 1058 1873 1130 γέ-

262 1164 411 1197 νοιτο
450 1138 594 1197 τόδε.
668 1144 752 1197 25.
794 1137 927 1197 οὐδε
967 1164 1071 1213 γαρ
1117 1139 1386 1214 πρότερον
1425 1139 1732 1198 παύσονται
1771 1146 1871 1198 τοῦ

256 1221 543 1281 Ἰουδαίων
575 1229 777 1289 ἔθνους
807 1222 1066 1299 ἄρχοντες
1108 1227 1199 1281 καὶ
1239 1223 1535 1297 ἡγούμενοι
1566 1219 1598 1296 ἢ
1630 1223 1730 1296 τὴν
1759 1228 1871 1282 τῶν

264 1311 450 1366 ἐθνῶν
500 1313 842 1379 προσδοκίαν
906 1311 1095 1365 ἐλθεῖν
1145 1310 1245 1379 καὶ,
1290 1307 1355 1365 τὰ
1406 1305 1743 1382 ἀποκείμενα
1795 1311 1873 1384 τῷ

262 1393 743 1468 προφητευομένῳ.
821 1395 991 1448 ταῦτα
1025 1392 1085 1448 δὲ
1115 1390 1315 1466 ὁμοίως
1345 1407 1457 1459 τοῖς
1491 1391 1869 1466 ἑβδομήκοντα
1893 1416 1934 1448 15

261 1479 352 1532 καὶ
397 1472 773 1533 ὁΘεοδοτίων
813 1474 1185 1548 ἡρμήνευσεν·
1243 1472 1271 1533 6
1315 1476 1376 1533 δὲ
1401 1473 1631 1542 Ἀκύλας
1675 1481 1872 1534 τοῦτον

262 1561 491 1627 ἐξέδωκε
521 1554 617 1617 τὸν
646 1558 852 1634 τρόπον
913 1584 1015 1616 ουκ
1046 1557 1410 1634 αναστήσεται
1453 1566 1733 1634 σκῆπτρον
1763 1559 1870 1617 ἀπὸ

251 1642 465 1717 Ἰούδα,
499 1645 589 1700 καὶ
621 1642 1045 1718 ακριβαζόμενος
1076 1641 1182 1701 davd
1213 1643 1414 1717 μεταξὺ
1455 1647 1647 1704 ποδων
1678 1641 1869 1717 αὐτοῦ,

146 1710 199 1752 [93
202 1711 280 1752 Ο]
219 1731 361 1795 σε’ως
407 1753 477 1786 αν
518 1735 657 1803 ε’λθῃ
699 1730 791 1784 καὶ
832 1726 983 1785 αὐτω
1022 1726 1273 1802 σύστημα
1313 1731 1478 1785 λαῶν.
1490 1725 1519 1746 ”
1600 1733 1683 1785 96.
1727 1733 1868 1784 ἔνθα

259 1815 558 1885 λεγομένου
589 1815 691 1869 τοῦ
711 1809 853 1868 “οὖκ
879 1789 1161 1880 ἐκλείψει’
1141 1811 1327 1885 άρχων
1352 1815 1404 1879 ἐξ
1429 1808 1663 1882 Ἰούδα,”
1699 1809 1867 1868 πάλιν
1891 1835 1932 1867 20

258 1895 323 1953 οὐ
366 1898 492 1970 περὶ
531 1901 631 1953 τοῦ
666 1884 873 1965 Ἰούδα,
918 1894 1090 1952 αὐτοῦ
1134 1893 1201 1966 δὴ
1243 1899 1460 1951 ἐκείνου
1503 1918 1602 1950 του
1644 1916 1866 1968 πρωτου

257 1977 488 2053 ανδρὸς,
530 1976 756 2037 ακούειν
798 1978 1007 2050 δεήσει,
1057 1975 1242 2086 ω’σπερ
1274 1975 1487 2035 οὐδὲτὸ
1511 1974 1763 2051 “Ἰουδα
1806 1980 1866 2036 σε

257 2066 581 2118 αι’νέσαισαν
611 2065 668 2118 οἱ
693 2059 930 2133 ἀδελφοί
959 2058 1097 2118 σου”
1131 2064 1223 2118 καὶ
1257 2085 1318 2118 τα
1367 2064 1487 2133 ἑξῆς
1524 2060 1610 2118 ἐπ’
1651 2065 1867 2120 ἐκεῖνον

257 2144 568 2219 ἀνεφέρετο.
641 2151 917 2210 πλείστοις
960 2143 1015 2201 δ’
1066 2137 1167 2202 οὖν
1207 2144 1422 2219 χρόνοις
1474 2143 1732 2218 ἄρχοντες
1774 2149 1867 2203 καὶ

254 2227 550 2302 ἡγούμενοι
589 2232 686 2286 τοῦ
710 2226 996 2288 Ἰουδαίων
1025 2235 1227 2295 ἔθνους
1259 2232 1627 2301 κατέστησαν,
1670 2228 1774 2286 οὐκ
1805 2233 1864 2286 ἐκ
1887 2254 1928 2286 25

255 2317 349 2385 τῆς
393 2316 609 2370 ἐκείνου
653 2316 755 2370 τοῦ
793 2309 996 2386 ἀνδρὸς
1044 2317 1319 2385 διαδοχῆς.
1391 2317 1474 2369 27.
1509 2316 1722 2386 πρῶτος
1762 2314 1865 2386 μὲν

254 2395 358 2470 γὰρ
376 2401 587 2470 Μωσῆς
612 2395 775 2463 αὐτὸς
799 2395 1037 2470 ἡγήσατο
1061 2399 1161 2453 τοῦ
1182 2399 1337 2468 λαοῦ,
1368 2394 1442 2468 μὴ
1468 2399 1526 2452 ἐκ
1549 2398 1650 2453 τοῦ
1666 2393 1863 2469 Ἰούδα,

255 2479 373 2538 ἀλλ’
425 2484 483 2538 ἐκ
534 2487 632 2539 τοῦ
674 2483 813 2538 Λευὶ
863 2479 1133 2553 γεγονὼς,
1182 2480 1295 2537 εἶτα
1334 2477 1541 2552 Ἰησοῦς
1585 2483 1642 2536 ἐκ
1683 2485 1864 2553 φυλῆς

250 2562 510 2638 Ἐφραῒμ,
551 2564 679 2638 μεθ’
730 2562 794 2622 ὃν
833 2557 997 2639 ἧρξεν
1038 2560 1224 2622 αὐτῶν
1263 2563 1539 2638 Λεββοόρα
1584 2567 1642 2620 ἐκ
1682 2566 1862 2636 φυλῆς

250 2646 511 2722 Ἐφραῒμ,
545 2651 636 2706 καὶ
667 2648 856 2722 Βαρὰκ
889 2651 947 2705 ἐκ
977 2654 1158 2721 φυλῆς
1189 2650 1552 2721 Νεφθαλεὶμ,
1598 2645 1729 2720 μεθ’
1763 2645 1858 2713 οὓς
1882 2671 1925 2704 30

211 2757 232 2789 d
257 2732 479 2789 Γεδεών
521 2736 579 2790 ἐκ
619 2737 799 2806 φυλῆς
839 2735 1149 2805 Μανασσῆ,
1201 2739 1388 2789 ἔπειτα
1428 2730 1456 2789 6
1497 2736 1594 2788 τοῦ
1635 2730 1861 2797 Γεδεών

255 2828 402 2888 παῖς,
434 2818 526 2872 καὶ
548 2814 666 2890 μετ’
694 2814 863 2874 αὐτὸν
879 2815 1042 2874 &made
1059 2820 1118 2874 ἐκ
1141 2819 1321 2890 φυλῆς
1343 2820 1437 2889 τῆς
1461 2814 1648 2888 αὐτῆς,
1674 2820 1860 2872 ἔπειτα
