1992 3186
595 119 907 166 DEMONST.
938 119 1160 164 EVANG.
1194 119 1321 165 vm.
1350 122 1389 165 4.
1674 118 1778 172 553

173 234 541 310 προφητεύει,
583 239 677 310 τῆς
710 233 1070 309 Ἰερουσαλὴμ
1110 234 1233 309 ἄρτι
1256 233 1376 294 τότε
1407 233 1780 309 ἀνεγηγερμέ-

102 377 106 380 .
173 346 272 394 νης
305 325 364 379 ἐκ
393 327 490 394 τῆς
530 322 796 395 προτέρας
839 323 1093 394 ἐρημίας,
1136 318 1209 392 ἢν
1247 318 1356 378 ὑπὸ
1395 327 1779 392 Βαβυλωνίων

173 408 439 463 πέπονθε.
476 404 775 477 συνάγεται
803 405 863 461 δὲ
887 403 915 462 ὁ
941 408 1046 471 πᾶς
1069 403 1265 478 χρόνος
1290 402 1398 462 άπὸ
1422 410 1518 477 τῆς
1530 412 1778 478 Δαρείου
1802 438 1819 460 0

172 493 270 547 τοῦ
301 492 527 563 Πέρσου
558 494 873 563 βασιλείας,
915 487 1049 546 καθ’
1095 485 1167 561 ἢν
1196 485 1224 546 ὃ
1257 496 1534 563 Ζαχαρίας
1565 512 1778 564 προφη-

128 572 351 646 ὅτεύει,
399 577 488 632 ἐπὶ
534 573 862 647 Αὔγουστον
906 572 1190 646 Ῥωμαίων
1244 577 1474 646 βασιλέα
1522 580 1598 642 εἰς
1643 577 1780 632 ἐτῶν

174 657 488 732 ἑβδομάδας
533 658 669 716 ἑπτα
714 660 806 715 καὶ
850 656 1112 729 ἑξήκοντα
1155 656 1256 715 δύο
1298 658 1392 725 τὰς
1435 662 1495 715 ἐν
1538 663 1614 735 τῷ
1659 670 1780 716 Δα-

171 742 298 815 νιὴλ
337 745 673 816 φερομένας,
722 740 757 799 ἃ
811 748 1022 815 γίνεται
1073 747 1164 814 ἔτη
1216 741 1539 817 τετρακόσια
1578 740 1781 815 ὀγδοή-

171 851 339 885 κοντα
370 833 524 901 τρία,
546 826 630 893 ὡς
661 824 1026 898 απεδείξαμεν
1069 829 1128 883 ἐν
1167 839 1281 894 τοῖς
1321 834 1497 903 μικρῷ
1528 827 1780 901 πρόσθεν

170 915 655 985 γεγυμνασμένοις.
731 916 810 969 10.
864 909 992 967 οὕτε
1044 911 1104 967 δὲ
1155 913 1242 968 ἐπὶ
1289 916 1385 983 τῆς
1427 911 1780 969 Μακεδόνων

106 1020 148 1052 10
171 994 279 1054 ἀπὸ
302 995 668 1068 Ἀλεξάνδρου
704 994 835 1069 [καὶ]
870 996 1058 1069 μέχρις
1074 992 1403 1068 Αὐγούστου
1434 1002 1779 1070 παραταθεί-

173 1099 272 1153 σης
323 1083 435 1138 τῶν
489 1081 883 1154 ἐμφερομένων
943 1094 1057 1145 τοῖς
1109 1083 1210 1137 τοῦ
1259 1078 1547 1155 προφήτου
1600 1081 1779 1152 λόγοις

172 1170 504 1223 συνίσταταί
552 1188 604 1221 τι
659 1165 1109 1237 πεπληρωμένον.
1201 1169 1281 1222 11.
1331 1163 1462 1222 πότε
1503 1162 1609 1238 γάρ
1652 1163 1771 1221 κατ’

173 1252 422 1316 ἐκείνους
452 1246 581 1316 τούς
613 1247 847 1322 χρόνους
877 1252 977 1306 τοῦ
1001 1247 1149 1322 παρὰ
1173 1263 1287 1315 τοῖς
1311 1248 1619 1323 προφήταις
1650 1259 1779 1306 θεο-

173 1334 518 1406 λογουμένου
586 1338 786 1408 κυρίου
854 1330 1175 1405 ἀνθρώποις
1248 1333 1568 1400 ἐπιστάντος
1640 1341 1779 1407 ἔθνη
1803 1355 1826 1388 d

109 1444 150 1476 15
175 1417 351 1475 πολλὰ
384 1415 679 1490 ἐπιγνόντα
712 1413 881 1474 αὐτὸν
923 1419 1013 1474 καὶ
1054 1416 1226 1490 μόνον
1265 1416 1406 1475 θεὸν
1446 1415 1618 1475 αὐτὸν
1648 1417 1780 1491 ὁμο-

171 1500 484 1575 λογήσαντα
549 1498 640 1558 ἐπ’
707 1499 879 1558 αὐτὸν
939 1503 1324 1575 καταπέφευγε
1397 1505 1490 1559 καὶ
1550 1505 1780 1574 γέγονεν

173 1585 323 1663 αὐτῷ
358 1593 434 1652 εἰς
480 1584 648 1656 λαόν;
691 1582 724 1659 ἢ
755 1584 886 1643 πότε
918 1585 1054 1642 κατὰ
1084 1585 1214 1652 τοὺς
1245 1589 1485 1658 Περσων
1524 1583 1557 1658 ἢ
1591 1594 1779 1644 Μακε-

175 1668 360 1728 δόνων
404 1669 636 1743 χρόνους
679 1669 707 1727 ὁ
750 1668 1235 1744 προφητευόμενος
1286 1668 1546 1742 βασιλεύς
1588 1669 1779 1741 ἐλήλυ-

171 1763 307 1826 θεν,
353 1752 694 1827 ἐπιβεβηκώς
738 1756 826 1811 ἐπὶ
875 1751 1174 1826 ὑποζύγιον
1232 1757 1323 1811 καὶ
1390 1757 1577 1811 πῶλον
1623 1757 1778 1826 νέον;

108 1866 149 1898 20
175 1836 360 1896 ἐλθών
390 1862 448 1896 τε
487 1841 587 1896 τοῦ
618 1837 906 1895 Ἰουδαίων
939 1844 1142 1905 ἔθνους
1177 1835 1410 1912 Ἐφραῒμ
1450 1837 1781 1912 ὀνομαζομέ-

173 1947 276 1980 νου
308 1925 400 1980 καὶ
429 1927 525 1996 τῆς
559 1919 916 1997 Ἰερουσαλὴμ
947 1919 1115 1996 αὐτῆς
1145 1921 1246 1996 τὴν
1276 1922 1570 1996 βασιλικὴν
1602 1922 1782 1996 παρά-

172 2010 359 2080 ταξιν,
414 2006 629 2082 ἅρματα
682 2010 772 2063 καὶ
836 2012 1010 2065 ἵππον
1058 2010 1529 2080 ἐπικαλουμένην,
1583 2007 1782 2076 ἐξωλό-

173 2101 416 2166 θρευσε,
458 2090 519 2148 τό
557 2115 615 2148 τε
656 2088 941 2150 ὁπλιτικὸν
981 2095 1079 2149 τοῦ
1113 2090 1402 2149 Ἰουδαίων
1442 2099 1644 2159 ἔθνους
1687 2116 1780 2149 κα-

173 2184 358 2246 θεῖλε;
399 2181 559 2233 τοῦτο
600 2174 704 2249 γάρ
742 2174 941 2247 ἐδήλου
971 2174 1032 2233 τὸ
1075 2174 1263 2249 λόγιον
1304 2175 1522 2249 φάσκον
1554 2173 1719 2234 Ἳδού
1750 2172 1778 2232 ὁ

110 2286 152 2318 25
176 2258 435 2332 βασιλεύς
467 2279 569 2318 σου
615 2266 834 2333 ἔρχεταί
860 2278 946 2317 σοι
988 2266 1199 2328 δίκαιος
1229 2262 1322 2318 καὶ
1354 2260 1572 2334 σώζων,
1617 2259 1780 2326 αὐτὸς

174 2342 354 2450 πραῢς
417 2347 507 2401 καὶ
566 2342 906 2418 ἐπιβεβηκώς
968 2347 1055 2401 ἐπὶ
1101 2343 1402 2417 ὑποζύγιον
1452 2346 1543 2401 καὶ
1593 2347 1780 2400 πῶλον

174 2431 332 2499 νέον,
385 2431 476 2484 καὶ
510 2427 1041 2500 ἐξολοθρευθήσεται
1082 2427 1242 2496 τόξον
1280 2426 1593 2500 πολεμικόν.
1607 2424 1636 2445 ”
1693 2432 1774 2486 12.
1802 2449 1891 2490 (410)

173 2514 346 2567 ταῦτα
377 2511 483 2583 γὰρ
514 2515 640 2585 περὶ
669 2518 764 2584 τῆς
789 2515 1166 2586 καθαιρέσεως
1196 2515 1292 2584 τῆς
1316 2515 1602 2583 βασιλικῆς
1627 2508 1780 2580 αξίας

175 2597 276 2651 τοῦ
315 2593 604 2652 Ἰουδαίων
646 2602 848 2663 ἔθνους
890 2599 1235 2666 ἐθεσπίζετο,
1295 2593 1383 2668 ἐφ’
1430 2596 1465 2668 ᾑ
1508 2593 1675 2652 πάλιν
1714 2621 1779 2653 τα

115 2705 156 2737 30
179 2683 274 2747 τῆς
328 2702 440 2734 των
494 2681 680 2736 ἐθνων
732 2678 955 2752 εἰρήνης
997 2698 1313 2752 συμφωνως
1363 2692 1476 2746 τοῖς
1528 2678 1780 2752 πρόσθεν

179 2760 609 2835 άποδεδομένοις
636 2766 940 2835 ἐπιλέγεται
974 2763 1063 2819 διὰ
1094 2767 1192 2820 τοῦ
1225 2760 1253 2783 “
1274 2766 1364 2820 καὶ
1389 2767 1602 2836 πλῆθος
1636 2764 1779 2836 εἰρή-

178 2870 278 2918 νης
312 2849 364 2913 ἐξ
393 2843 630 2903 ἐθνῶν.”
696 2850 775 2902 13.
811 2844 944 2904 ἀνθ’
978 2839 1045 2904 οὗ
1074 2846 1102 2904 ὁ
1132 2845 1364 2915 Ἀκύλας
1395 2850 1487 2905 καὶ
1517 2854 1574 2905 oc
1601 2852 1780 2906 λοιποὶ
