1992 3186
566 153 872 195 DEMONST.
897 155 1121 196 EVANG.
1154 156 1234 197 1v.
1268 157 1334 195 16.
1639 152 1741 204 267

135 273 370 341 πνεῦμα,
403 271 495 324 καὶ
518 265 881 340 ἀπαγγέλλων
913 275 990 335 εἰς
1022 267 1357 342 ἀνθρώπους
1387 268 1483 325 τὸν
1504 267 1744 341 Χριστὸν

135 348 334 422 αὑτοῦ,
387 348 563 409 ποιῶν
601 350 812 426 ὄρθρον
852 355 941 409 καὶ
983 352 1248 426 ὁμίχλην,
1301 355 1393 409 καὶ
1436 357 1743 425 ἐπιβαίνων
1768 377 1854 418 [120]

138 440 226 493 ἐπὶ
255 436 322 493 τὰ
350 432 539 508 ὑψηλὰ
567 443 662 510 τῆς
693 440 806 508 γῆς.
870 437 1056 510 κύριος
1087 436 1115 494 ὁ
1139 436 1271 503 θεὸς
1294 436 1322 493 ὁ
1349 437 1743 511 παντοκράτωρ
1768 461 1792 493 «ι

135 519 308 593 ὄνομα
350 518 514 596 αὐτῷ.
584 520 857 578 ἀκούσατε
887 521 1053 593 λόγον
1093 528 1318 594 κυρίου,
1361 519 1427 578 ὃν
1469 520 1573 593 ἐγώ
1606 530 1746 592 λαμ-

92 626 113 658 5
137 603 290 677 βάνω
325 602 412 676 ἐφ’
448 601 620 677 ὑμᾶς,
651 609 882 678 θρῆνον.
946 605 1094 671 οἶκος
1119 604 1331 678 Ἰσραὴλ
1365 611 1578 677 ἔπεσεν,
1611 602 1746 662 οῦκ-

136 691 214 746 έτι
273 688 583 762 προσθήσει
640 693 739 745 τοῦ
793 687 1112 761 ἀναστῆναι.
1208 692 1487 762 παρθένος
1531 687 1744 762 Ἰσραὴλ

137 779 379 845 ἔσφαλεν
411 776 498 830 ἐπὶ
529 777 624 845 τῆς
654 777 755 844 γῆς
788 771 975 845 αὐτῆς,
1007 771 1109 829 οὐκ
1134 779 1283 830 ἔστιν
1314 772 1341 829 ὁ
1374 772 1617 831 ἀνιστῶν
1649 771 1744 830 αῦ-

134 854 290 929 τήν.”

261 944 342 996 31.
362 938 638 1012 ’Ἑβδομον
662 938 768 1012 ἤδη
791 938 888 996 τὸν
901 938 1141 1013 Χριστὸν
1164 937 1428 1013 ὀνομαστὶ
1452 943 1746 1013 καταγγέλ-

74 1055 114 1085 10
137 1032 248 1081 λων
281 1030 357 1090 εἰς
388 1023 725 1097 ἀνθρώπους
747 1023 776 1081 ὁ
801 1022 932 1089 θεὸς
958 1027 1223 1096 στερεοῦν
1248 1023 1490 1098 βροντὴν
1513 1028 1602 1081 καὶ
1635 1032 1746 1081 κτί-

138 1116 247 1176 ζειν
287 1112 506 1180 πνεῦμα
550 1110 792 1181 λέγεται,
846 1114 944 1165 τοῦ
990 1106 1351 1180 εὐαγγελικοῦ
1400 1108 1746 1182 κηρύγματος

137 1197 372 1264 βροντῆς
423 1191 515 1248 διὰ
553 1191 612 1250 τὸ
656 1200 732 1258 εἰς
772 1192 982 1258 πάντας
1035 1191 1374 1266 ἀνθρώπους
1419 1191 1747 1260 ἐξάκουστον

135 1276 569 1349 ὀνομαζομένου,
623 1275 823 1349 ὁμοίως
882 1277 943 1333 δὲ
995 1280 1084 1333 καὶ
1127 1280 1227 1333 τοῦ
1265 1291 1378 1343 τοῖς
1423 1276 1747 1343 ἀποστόλοις

140 1359 545 1432 ἐμπνεῦσαντος
577 1366 818 1433 Χριστοῦ
849 1360 1159 1464 πνεύματος
1191 1363 1562 1434 δηλουμένου·
1595 1359 1623 1417 ὃ
1656 1363 1748 1417 καὶ

78 1475 116 1506 15
140 1447 329 1516 σαφῶς
362 1447 450 1500 ἐπὶ
479 1447 545 1517 τῇ
575 1448 675 1501 τοῦ
706 1449 949 1518 σωτῆρος
979 1445 1136 1518 ἡμῶν
1167 1449 1429 1520 ἐπιδημία
1460 1443 1747 1518 πεπλήρω-

138 1553 253 1599 ται,
288 1526 375 1600 ἐφ’
412 1521 448 1602 ᾗ
478 1526 731 1600 ποιήσειν
761 1525 789 1584 ὁ
821 1527 952 1594 θεὸς
982 1527 1193 1603 ὄρθρον
1223 1527 1360 1601 ὁμοῦ
1392 1532 1484 1585 καὶ
1515 1525 1748 1601 ὁμίχλην

139 1619 484 1683 θεσπίζεται,
526 1626 638 1678 τοις
679 1637 780 1685 μεν
819 1612 878 1668 τὸ
919 1612 1191 1685 σωτήριον
1225 1636 1343 1683 φως
1374 1614 1748 1685 παραδεξαμέ-

139 1720 255 1762 νοις
285 1695 381 1752 τὸν
411 1694 651 1769 ὄρθρον,
699 1711 812 1762 τοῖς
846 1697 907 1752 δὲ
928 1693 1303 1768 ἀπειθήσασιν
1328 1703 1405 1762 εἰς
1436 1694 1607 1753 αὐτὸν
1637 1699 1750 1752 τῶν

142 1783 200 1836 ἐκ
241 1783 533 1853 περιτομῆς
573 1779 915 1838 τούναντίον.
988 1784 1071 1837 32.
1116 1778 1198 1845 οἷς
1240 1787 1331 1837 καὶ
1370 1778 1471 1853 τὴν
1512 1779 1747 1852 ἐσχάτην
1770 1803 1866 1843 (189)

77 1895 119 1926 20
143 1861 426 1936 ἀπόφασιν
462 1861 490 1920 ὁ
521 1863 680 1935 λόγος
703 1863 1086 1937 προκηρύττει,
1109 1871 1325 1938 θρῆνον
1352 1867 1621 1936 ἐπιλέγων
1650 1866 1756 1920 τοῦ

132 1948 417 2006 Ἰουδαίων
448 1955 671 2019 ἔθνους,
701 1948 798 2006 τὸν
828 1951 921 2005 καὶ
950 1948 1291 2021 μετελθόντα
1310 1946 1511 2014 αὐτούς
1534 1971 1754 2021 παραυπ

139 2040 264 2089 τίκα
311 2033 444 2105 μετὰ
482 2031 584 2104 τὴν
624 2033 760 2089 κατὰ
808 2036 909 2089 τοῦ
958 2037 1202 2104 σωτῆρος
1250 2030 1407 2106 ἡμῶν
1436 2031 1615 2104 Ἰησοῦ
1654 2036 1751 2088 τοῦ

141 2122 385 2189 Χριστοῦ
419 2120 752 2188 δυσσέβειαν
827 2122 909 2176 33.
937 2120 990 2184 ἐξ
1023 2121 1239 2174 ἐκείνου
1269 2116 1373 2190 γὰρ
1404 2113 1630 2189 ἀληθῶς
1660 2118 1752 2172 καὶ

145 2207 220 2267 εἰς
253 2206 418 2274 δεῦρο
448 2199 477 2259 ὁ
509 2202 654 2266 οἶκος
678 2200 893 2276 Ἰσραὴλ
934 2204 1221 2258 πέπτωκεν
1240 2247 1254 2273 ,
1286 2199 1476 2274 ὅρασίς
1520 2223 1579 2256 τε
1609 2197 1751 2266 ἅπαξ

82 2315 123 2347 25
146 2281 252 2342 ὑπὸ
282 2291 379 2343 τοῦ
409 2289 551 2343 θεοῦ
583 2288 673 2342 καὶ
692 2283 974 2358 ἀπόφασις
997 2284 1341 2358 ἐξενήνεκται
1362 2287 1489 2357 περὶ
1519 2289 1619 2340 τοῦ
1652 2306 1754 2340 πε-

146 2369 337 2436 σόντος
388 2369 573 2427 αὐτῶν
621 2378 777 2426 οἴκου
824 2376 923 2427 τοῦ
965 2374 1025 2427 ἐν
1055 2367 1439 2443 Ἰερουσαλὴμ,
1482 2371 1573 2424 καὶ
1616 2366 1752 2423 κατὰ

148 2454 348 2520 παντὸς
388 2453 577 2511 αὐτῶν
618 2460 716 2511 τοῦ
757 2453 1128 2527 συστήματος,
1171 2451 1242 2519 ὡς
1282 2451 1467 2526 μηκέτ’
1515 2449 1584 2508 ἂν
1614 2448 1753 2506 ἄνα-

148 2541 497 2610 στησομένων
527 2543 602 2615 τῷ
624 2540 763 2610 μηδὲ
786 2553 1042 2610 παρεῖναι
1072 2540 1169 2594 τὸν
1191 2535 1500 2594 ἄνιστῶντα
1532 2532 1748 2599 αὐτούς.
1774 2559 1797 2590 ι)

149 2619 251 2678 οὐκ
291 2628 404 2678 ἔστι
444 2627 607 2693 γοῦν,
650 2625 850 2695 φησὶν,
893 2620 921 2679 ὁ
963 2620 1202 2679 ἆνιστών
1242 2619 1432 2692 αὐτήν.
1503 2623 1586 2675 34.
1632 2620 1752 2673 ἐπεὶ

87 2733 127 2765 30
150 2729 254 2777 γαρ
287 2704 521 2762 ἐλθόντα
557 2706 654 2762 τὸν
684 2707 923 2779 Χριστὸν
961 2712 1058 2763 τοῦ
1096 2709 1235 2761 θεοῦ
1277 2703 1343 2761 οὐ
1385 2701 1752 2775 προσήκαντο,

154 2788 373 2855 εἰκότως
395 2788 592 2856 αὐτοῦς
610 2788 925 2847 καταλιπων
950 2793 1035 2846 ε’πι
1059 2811 1236 2845 ,ταντα
1252 2791 1479 2860 μετέστη
1510 2811 1574 2842 τα
1593 2793 1752 2857 ἔθνη,

151 2873 210 2930 τὸ
242 2883 418 2930 αἴτιον
446 2877 540 2945 τῆς
570 2874 964 2946 μεταπτώσεως
996 2870 1219 2939 διδαξας
1253 2870 1324 2928 δι’
1372 2896 1450 2927 ων
1477 2867 1752 2926 αποκλαυ-
