1946 3158
578 130 882 172 DEMONST.
914 130 1136 172 EVANG
1168 130 1306 172 1.10
1674 127 1741 179 69

137 245 556 322 μυστηριωδους
586 252 901 319 οἰκονομίας
932 249 1031 302 τοῦ
1060 212 1302 319 Χριστοῦ
1343 243 1742 318 παρειληφότες

136 330 322 391 οὐκέτι
360 335 472 389 τῶν
513 334 766 389 παλαιων
814 329 1142 404 δεησόμεθα.
1227 333 1310 387 23.
1344 329 1510 403 μόνος
1552 329 1600 386 δ’
1639 331 1742 388 οὐν

138 416 302 483 αὐτὸς
333 421 446 473 τῶν
487 414 708 473 πώποτε
749 414 907 488 λόγος
941 413 1018 472 ὢν
1043 417 1222 491 θεοῦ,
1263 413 1603 488 προκόσμιος
1652 417 1742 472 καὶ

132 499 418 576 ἀρχιερεὺς
469 499 648 574 πάσης
690 503 885 574 νοερᾶς
924 502 1015 557 καὶ
1067 504 1286 573 λογικῆς
1336 506 1592 571 κτίσεως,
1651 523 1746 557 τον

92 613 112 644 5
136 586 270 660 ἡμῖν
300 582 634 660 ὁμοιοπαθῆ,
667 583 756 643 οἷα
787 584 1068 658 πρόβατον
1099 586 1189 641 καὶ
1221 583 1417 658 άμνόν,
1451 587 1509 641 ἐκ
1531 587 1627 656 τῆς
1650 581 1744 641 άν-

133 670 384 743 θρώπων
414 669 688 743 ἀφορίσας
719 667 945 743 άγέλης,
987 667 1162 745 τούτῳ
1202 694 1260 726 τε
1302 668 1608 744 ἐπιγράψας
1649 668 1744 736 τοὶς

135 755 359 813 πάντων
402 751 560 829 ἡμῶν
606 754 902 828 ἁμαρτίας,
941 757 1032 810 καὶ
1069 753 1169 826 τὴν
1214 753 1459 827 κατάραν
1492 778 1555 826 γε
1590 752 1743 830 αὐτῷ

135 839 236 913 τὴν
288 843 348 897 ἐν
390 843 466 916 τῷ
506 842 758 906 Μωσέως
798 838 949 916 νόμῳ
989 841 1498 911 προστετιμημένην
1548 837 1745 912 περιά-

136 938 262 997 ψας,
293 924 378 981 ὅτι
411 923 479 996 δὴ
511 927 764 990 Μωσέως
796 921 1122 988 ἀνειπόντος
1157 919 1600 997 “ἐπικατάρατος
1642 926 1748 991 πᾶς

0 1023 1 1073 3
74 1037 114 1068 ιο
141 1009 168 1066 ὁ
202 1007 541 1083 κρεμάμενος
575 1011 662 1066 ἐπὶ
695 1005 916 1079 ξύλου,”
951 1011 1111 1065 τοῦτο
1153 1009 1438 1066 πέπονθεν
1471 1005 1634 1075 αὐτὸς
1668 1007 1742 1065 δι’

138 1091 281 1168 ἡμᾶς
327 1092 624 1167 γενόμενος
665 1092 808 1166 ὑπερ
849 1089 1006 1166 ἡμων
1065 1092 1298 1191 κατάρα·
1363 1094 1456 1150 καὶ
1516 1093 1585 1165 δὴ
1656 1095 1747 1149 καὶ

115 1175 412 1252 ,ἁμαρτίαν
462 1177 632 1236 αὐτὸν
675 1177 748 1235 δι’
786 1176 926 1251 ἡμᾶς
959 1177 1206 1250 ποιήσας.
1272 1181 1356 1234 24.
1393 1179 1512 1235 ἐπεὶ
1545 1175 1643 1235 τὸν
1673 1177 1747 1250 μὴ

140 1262 344 1335 γνόντα
369 1260 642 1336 αμαρτίαν
671 1259 814 1335 ὑπερ
828 1259 985 1336 ἡμων
1007 1261 1282 1335 ἁμαρτίαν
1303 1265 1544 1334 ἐποίησε,
1569 1260 1747 1329 πάσας

139 1371 198 1404 τε
239 1344 387 1423 αὐτῷ
433 1345 506 1404 δι’
556 1344 697 1420 ἡμᾶς
736 1345 833 1414 τοὶς
888 1346 1021 1420 ἡμῖν
1063 1350 1440 1420 ἐπηρτημένας
1481 1354 1744 1420 τιμωρίας

78 1458 118 1488 15
146 1433 387 1502 ἐπιθεὶς,
432 1433 606 1505 δεσμὰ
637 1434 729 1488 καὶ
770 1430 988 1504 ἀτιμίας
1028 1434 1119 1488 καὶ
1151 1430 1344 1504 ὕβρεις
1385 1430 1651 1504 μάστιγάς
1691 1456 1748 1489 τε

140 1517 232 1572 καὶ
266 1514 528 1583 ἐκτόπους
558 1515 800 1588 πληγὰς,
848 1518 940 1572 καὶ
972 1518 1060 1572 ἐπὶ
1092 1520 1262 1572 πᾶσιν
1291 1516 1352 1572 τὸ
1383 1519 1474 1587 τῆς
1510 1516 1748 1587 κατάρας

139 1599 421 1672 τρόπαιον.
475 1605 559 1657 25.
586 1598 721 1673 μετὰ
747 1599 814 1671 δὴ
839 1599 1018 1657 πάντα
1035 1597 1156 1658 οἶόν
1178 1625 1228 1656 τι
1250 1599 1572 1672 θαυμάσιον
1591 1604 1746 1673 θῦμα

140 1686 232 1741 καὶ
247 1683 488 1756 σφάγιον
504 1687 782 1756 ἐξαίρετον
795 1691 869 1760 τῷ
894 1686 1060 1758 πατρὶ
1083 1683 1582 1758 καλλιερησάμενος
1604 1684 1746 1758 ὑπὲρ

139 1773 235 1841 τῆς
266 1764 530 1826 ἁπάντων
560 1765 717 1842 ἡμῶν
747 1767 1019 1842 ἀνήνεγκε
1049 1778 1350 1843 σωτηρίας,
1392 1768 1615 1842 μνήμην
1654 1771 1746 1826 καὶ

74 1879 114 1912 20
141 1849 275 1926 ἡμῖν
307 1852 594 1928 παραδοὺς
625 1850 750 1912 ἀντὶ
767 1859 976 1919 θυσίας
1007 1856 1084 1930 τῷ
1122 1856 1242 1929 θεῷ
1273 1858 1542 1926 διηνεκῶς
1581 1872 1747 1926 προσ-

137 1940 346 2010 φέρειν.
403 1942 498 1995 26.
533 1941 695 1996 τοῦτο
728 1939 819 1994 καὶ
863 1941 1167 2011 προφητῶν
1209 1936 1237 1994 ὁ
1280 1936 1591 2011 θαυμάσιος
1626 1950 1747 1996 Δα-

131 2025 228 2095 βὶδ
273 2028 414 2079 θείω
446 2021 718 2096 πνεύματι
760 2021 819 2079 τὸ
860 2026 1063 2095 μέλλον
1102 2021 1413 2131 προλαβων
1448 2025 1747 2082 ἐθέσπισεν

131 2106 306 2164 εἰπών
327 2085 712 2180 “ῦπομε’νων
683 2109 954 2180 υπέμεινα
975 2106 1071 2164 τὸν
1097 2106 1310 2182 κύριον,
1325 2110 1417 2164 καὶ
1441 2110 1746 2182 προσέσχεν

130 2216 241 2264 μοι,
289 2194 378 2248 καὶ
429 2191 720 2265 εἰσήκουσε
747 2193 843 2264 τῆς
891 2190 1130 2265 δεήσεως
1160 2217 1297 2265 μου,
1346 2195 1437 2249 καὶ
1475 2191 1748 2265 άνηνεγκέ
1770 2228 1781 2247 ι

57 2295 111 2334 ⁴25
134 2299 201 2348 με
235 2279 294 2333 ἐκ
325 2274 532 2333 λάκκου
562 2282 956 2350 ταλαιπωρίας,
982 2278 1073 2333 καὶ
1105 2276 1213 2334 ἀπὸ
1245 2281 1424 2350 πηλοῦ
1449 2277 1618 2343 ἰλύος.
1652 2279 1745 2334 καὶ

10 2360 16 2391 ’“
140 2368 372 2433 ἐστησευ
422 2363 511 2417 ἐπὶ
553 2363 760 2434 πέτραν
807 2361 934 2427 τούς
973 2360 1146 2427 πόδας
1205 2386 1332 2435 μου,
1392 2361 1745 2419 κατεύθυνεν

140 2445 205 2501 τὰ
258 2444 571 2519 διαβήματά
618 2471 741 2519 μου
832 2449 925 2503 καὶ
989 2448 1251 2519 ἐνέβαλεν
1314 2452 1391 2512 εἰς
1451 2447 1510 2504 τὸ
1572 2445 1744 2519 στόμα

139 2554 247 2602 μου
276 2531 424 2605 ᾆσμα
468 2529 691 2603 καινὸν,
733 2529 911 2603 ῦμνον
948 2535 1023 2607 τῷ
1062 2534 1182 2605 θεῷ
1219 2529 1390 2604 ἡμων
1392 2528 1423 2548 ”
1511 2535 1595 2588 27.
1653 2532 1744 2587 καὶ

140 2620 198 2670 τί
243 2613 301 2671 τὸ
356 2615 549 2673 καινὸν
601 2635 749 2692 ασμα
786 2615 1046 2689 τυγχάνει
1101 2620 1362 2687 διασαφεῖ
1406 2617 1584 2688 λέγων
1626 2617 1747 2686 ἑξῆς

78 2694 166 2757 30“
185 2703 397 2756 θυσίαν
441 2703 534 2757 καὶ
588 2698 915 2774 προσφορὰν
965 2698 1066 2758 οὐκ
1106 2698 1416 2772 ἠθέλησας,
1477 2702 1633 2772 σῶμα
1688 2701 1748 2756 δὲ

257 2896 282 2934 9
315 2893 415 2934 Gal.
449 2896 487 2944 3,
525 2895 592 2935 13.
827 2896 878 2935 13
911 2896 949 2936 2.
977 2893 1080 2936 Cor.
1113 2895 1156 2943 5,
1189 2895 1255 2933 21.
1495 2896 1548 2935 23
1579 2894 1654 2935 PS.
1678 2896 1748 2936 40.
