1992 3186
636 110 945 153 DEMONST.
968 110 1192 154 EVANG.
1213 110 1336 154 VIII.
1358 112 1399 150 4.
1689 108 1794 161 555

189 227 576 301 ἀποδέδεικται
615 231 860 299 Λίβανος
900 224 1063 293 αὐτὸς
1103 222 1132 283 ὁ
1172 224 1310 292 νεώς
1352 227 1792 299 ἐπικεκλημένος.

192 318 273 370 18.
307 315 468 370 τοῦτο
500 311 562 368 δὲ
604 312 695 367 καὶ
728 309 885 368 αὐτοὶ
927 315 1123 376 παῖδες
1159 308 1447 369 Ἰουδαίων
1488 312 1654 369 εἰσέτι
1682 314 1794 369 νῦν

189 397 580 471 ὁμολογοῦσιν,
626 397 746 453 ἐπεὶ
784 397 876 452 καὶ
909 393 1136 461 ἹΙσαΐας
1162 398 1370 470 ἐμφερῆ
1411 400 1487 474 τῷ
1518 394 1654 470 μετὰ
1683 409 1794 468 χεῖ-

189 506 287 556 ρας
317 479 573 556 προφήτῃ
604 487 884 548 θεσπίζων
914 486 1122 553 ἔφησεν
1146 475 1309 537 “ἰδού
1333 479 1521 555 κύριος
1540 479 1796 552 Σαβαὼθ

145 592 166 624 5
191 562 702 640 συνταράσσειτούς
727 562 983 632 ἐνδόξους
995 564 1130 638 μετὰ
1155 563 1360 638 ἰσχύος,
1386 567 1479 622 καὶ
1505 569 1563 622 οἰ
1587 561 1795 637 ὑψηλοὶ

186 654 254 725 τῇ
292 647 455 725 ὕβρει
508 647 984 722 συντριβήσονται.
1056 644 1085 705 5
1138 649 1199 705 δὲ
1238 655 1482 721 Λίβανος
1532 649 1642 707 συν
1680 662 1795 716 τοῖς

186 732 423 808 ὑψηλοῖς
446 747 710 805 πεσεῖται,
733 735 825 790 καὶ
850 731 1189 801 ἐξελεύσεται
1214 732 1421 807 ῥάβδος
1446 738 1505 791 ἐκ
1526 738 1622 807 τῆς
1646 738 1794 810 ῥίζης

179 816 405 891 Ἰεσσαὶ,
459 820 551 875 καὶ
602 816 776 885 ἄνθος
829 821 889 874 ἐκ
939 821 1034 889 τῆς
1087 821 1236 891 ῥίζης
1276 817 1646 891 ἀναβήσεται,
1701 820 1794 876 καὶ

185 901 636 961 ἐπαναπαύσεται
689 899 776 958 ἐπ’
829 898 1001 959 αὐτὸν
1040 904 1260 975 πνεῦμα
1300 907 1403 960 τοῦ
1442 899 1641 961 θεοῦ.”
1711 900 1795 970 οἷς

124 1016 163 1048 ιο
189 991 426 1061 ἐπιλέγει
447 983 578 1044 “nal
610 991 762 1043 ἔσται
791 983 825 1058 ἡ
859 990 980 1059 ῥίζα
1008 989 1110 1042 τοῦ
1131 985 1360 1060 Ἰεσσαὶ,
1392 990 1484 1044 καὶ
1513 986 1541 1044 5
1573 983 1794 1044 ἀνιστά-

185 1096 350 1146 μενος
362 1070 553 1147 ἄρχειν
565 1073 773 1143 ἐθνῶν,
801 1068 887 1127 ἐπ’
919 1066 1071 1147 αὐτῷ
1097 1076 1237 1143 ἔθνη
1252 1069 1551 1130 ἐλπιοῦσι.”
1588 1077 1669 1129 19.
1697 1073 1789 1129 καὶ
1813 1091 1905 1132 (411)

186 1159 433 1214 ἐνταῦθα
463 1155 568 1231 γὰρ
598 1154 741 1228 ὁμοῦ
755 1158 821 1230 τῇ
847 1157 907 1212 ἐκ
931 1157 1238 1230 σπέρματος
1261 1154 1461 1213 Ἰεσσαὶ
1485 1158 1579 1213 καὶ
1602 1158 1794 1228 Δαβὶδ
1811 1177 1814 1180 “

185 1243 400 1315 γενέσει
430 1243 530 1298 τοῦ
559 1245 803 1314 Χριστοῦ
834 1238 1088 1311 Λιβάνου
1120 1248 1448 1315 καθαίρεσις
1479 1243 1573 1297 καὶ
1605 1244 1794 1298 ἐθνῶν

186 1328 377 1397 κλῆσις
401 1327 690 1397 συνῆπται.
754 1329 1005 1396 Λίβανον
1031 1325 1093 1381 δε
1122 1322 1224 1397 τὴν
1247 1320 1607 1428 “,Ιερουσαλῆμ
1640 1331 1793 1399 διαρ-

123 1437 164 1469 15
188 1408 368 1513 ρήδην
396 1404 425 1466 5
449 1406 702 1481 Ἰεζεκιὴλ
742 1415 998 1481 σημαίνει
1038 1411 1217 1481 λέγων
1250 1405 1280 1426 ‘
1297 1406 1390 1466 5'
1359 1409 1515 1477 αετὸς
1544 1405 1573 1466 5
1604 1411 1791 1483 μέγας,

184 1493 212 1551 5
254 1495 758 1567 μεγαλοπτέρυγος,
807 1489 836 1549 5
878 1498 1019 1566 ἔχων
1061 1491 1121 1549 τὸ
1162 1490 1347 1567 ῆγημα
1391 1500 1672 1552 εἰσελθεῖν
1718 1499 1795 1560 εἰς

185 1578 283 1635 τὸν
323 1583 605 1650 Λίβανον,
657 1579 748 1634 καὶ
790 1574 1053 1634 απέκνισε
1101 1576 1166 1633 τὰ
1205 1574 1392 1634 ἁπαλοὶ
1434 1581 1530 1650 τῆς
1570 1580 1790 1651 κέδρου.

185 1667 269 1720 20.
324 1665 497 1719 ταῦτα
548 1657 688 1734 γοῦν
739 1663 768 1718 5
822 1658 985 1727 αὐτὸς
1037 1664 1157 1734 ἑξῆς
1210 1665 1504 1734 διασαφῶν
1557 1663 1795 1734 ἐπιλέγει

179 1745 352 1804 “ὃ’ταν
394 1752 535 1820 ἔλθῃ
588 1744 1096 1819 Ναβουχοδονόσορ
1152 1747 1243 1802 ἐπὶ
1292 1742 1651 1820 Ἰερουσαλὴμ
1706 1748 1798 1802 καὶ

121 1860 162 1892 20
186 1830 329 1906 λάβῃ
361 1829 488 1896 τοὺς
517 1828 786 1903 ἄρχοντας
809 1827 1014 1904 αὐτῆς”
1051 1831 1142 1886 καὶ
1165 1829 1230 1886 τὰ
1255 1833 1391 1902 ἑξῆς.
1454 1828 1591 1887 ἀλλὰ
1623 1833 1794 1888 ταῦτα
1815 1850 1837 1883 b

185 1939 286 1989 μεν
316 1913 344 1973 5
372 1913 624 1987 Ἰεζεκιῆλ
669 1916 797 1988 περὶ
828 1917 924 1987 τῆς
954 1913 1177 2023 πρώτης
1221 1914 1422 1987 ἐδήλου
1454 1921 1793 1987 πολιορκίας,

186 1997 314 2073 μεθ’
374 2023 446 2071 ην
489 1999 518 2056 5
559 2005 836 2073 Ζαχαρίας
888 2000 1014 2072 περὶ
1067 2001 1162 2071 τῆς
1217 2001 1479 2073 δευτέρας
1523 2006 1791 2068 θεσπίζει.

186 2082 320 2141 πότε
361 2107 465 2140 ουν
505 2107 639 2156 μετα
681 2081 810 2150 τούς
841 2089 1122 2157 Ζαχαρίου
1153 2082 1387 2158 χρόνους
1421 2085 1510 2140 ἐπὶ
1540 2088 1635 2156 τῆς
1667 2092 1794 2140 Μα-

186 2166 436 2225 κεδόνων
487 2173 773 2239 βασιλείας
828 2167 1150 2241 ἐμπρησμὸν
1201 2166 1501 2241 ὑπέμεινεν
1553 2164 1582 2224 5
1623 2166 1794 2237 νεώς;

122 2280 167 2313 25
191 2249 314 2308 ἀλλ’
360 2248 463 2309 οὐκ
503 2257 656 2310 ἔστιν
688 2258 882 2310 εἰπεῖν.
943 2256 1027 2310 21.
1073 2250 1209 2325 μετὰ
1250 2250 1354 2326 γὰρ
1394 2250 1496 2324 τὴν
1536 2248 1647 2308 ὑπὸ
1683 2261 1796 2309 Βα-

188 2341 485 2408 βυλωνίων
518 2334 871 2411 πυρπόλησιν
910 2334 1032 2394 οὐδ’
1070 2333 1266 2393 ἄλλοτε
1302 2338 1570 2408 δευτέραν
1600 2359 1633 2407 η
1658 2358 1796 2391 κατα

198 2425 360 2477 Τίτον
382 2422 474 2477 καὶ
502 2419 931 2478 Οὐεσπασιανὸν
952 2419 1234 2493 Ρωμαίων
1248 2417 1663 2520 αὐτοκρατορας
1694 2418 1797 2490 τὴν

188 2501 283 2559 διὰ
313 2500 485 2575 πυρὸς
514 2500 778 2577 υπέμεινε
807 2503 1062 2578 φθορὰν,
1106 2501 1194 2575 ἐφ’
1230 2494 1268 2577 ᾗ
1297 2501 1464 2560 παλιν
1497 2501 1588 2559 διὰ
1619 2507 1797 2574 αἰνίγ-

186 2610 357 2660 ματος
386 2610 515 2653 τους
545 2587 714 2645 παλαι
743 2612 1010 2663 αρχοντας
1050 2611 1148 2644 του
1180 2592 1383 2652 ἔθνους
1417 2589 1504 2643 ἐπὶ
1548 2585 1797 2660 θρήνους

125 2700 168 2732 30
193 2673 283 2727 καὶ
324 2669 677 2745 ὀλοφυρμοὺς
723 2670 994 2729 ἀνακαλεῖ
1029 2669 1263 2743 φάσκων
1303 2669 1333 2728 5
1375 2666 1588 2743 zdyog‘
1596 2669 1799 2727 ὄλολυ-

302 2866 330 2905 4
360 2865 437 2905 Es.
462 2866 528 2915 10,
550 2867 617 2906 33.
794 2865 843 2905 15
874 2865 954 2904 Ez.
980 2866 1045 2912 17,
1069 2867 1110 2906 3.
1286 2867 1336 2905 19
1368 2865 1448 2905 Ez.
1470 2865 1534 2913 17,
1560 2866 1627 2906 12.
