1992 3186
577 96 887 140 DEMONST.
920 95 1141 138 EVANG.
1164 96 1286 138 VIII.
1309 98 1348 136 2.
1664 95 1769 148 519

162 221 262 271 λου
304 214 629 286 ἑρμηνείαν,
677 211 815 269 κατὰ
860 212 921 269 δὲ
964 209 1091 278 τούς
1141 210 1520 286 ἑβδομήκοντα
1556 208 1767 285 “ε’δε’θη
1792 237 1814 269 b

161 295 349 355 αὐτῶν
390 299 482 354 καὶ
524 300 875 370 ἐσφραγίσθη
921 291 1276 370 ἡᾶμαρτία.”
1347 301 1430 354 22.
1466 294 1606 353 ἀλλά
1650 299 1769 354 ἐπεὶ

159 379 440 454 μὴμόνον
481 387 559 448 εἰς
599 385 840 453 πτῶσιν,
881 379 1021 438 ἀλλὰ
1062 383 1153 437 καὶ
1187 388 1264 448 εἰς
1303 378 1608 439 ἀνάστασιν
1639 389 1768 438 πολ-

160 470 274 524 λῶν
306 465 583 537 ἐλήλυθεν
615 469 676 522 ἐν
704 468 784 542 τῷ
805 464 1048 539 Ἰσραὴλ,
1091 465 1240 523 καθά
1270 484 1407 538 φησι
1438 468 1564 538 περὶ
1596 464 1771 523 αὐτοῦ

115 547 318 607 5“ἰδού
346 542 505 618 οὗτος
536 565 711 608 κεῖται
744 556 821 617 εἰς
853 555 1062 607 πτῶσιν
1092 552 1183 606 καὶ
1214 547 1519 608 ἀνάστασιν
1549 556 1769 608 πολλῶν

161 637 221 691 ἐν
250 638 326 710 τῷ
350 631 622 708 Ἰσραὴλ,”
658 633 879 701 εἰκότως
908 649 1021 700 τοῖς
1053 636 1359 708 εἰρημένοις
1388 637 1509 707 ἑξῆς
1534 637 1771 707 ἐπιλέγει

158 717 187 775 6
221 716 439 792 Δανιὴλ
485 719 545 777 τὸ
580 716 711 775 “καὶ
749 724 848 776 τοῦ
888 715 1189 786 ἀπαλεῖψαι
1229 717 1496 791 ἁμαρτίας
1536 722 1627 776 καὶ
1668 725 1768 776 τοῦ

160 802 518 871 ἐξιλάσασθαι
548 800 825 870 ἀδικίας.”
867 807 951 860 23.
989 801 1080 859 διὰ
1101 801 1206 875 γὰρ
1230 802 1291 859 τὸ
1317 801 1595 860 ἀδύνατον
1627 804 1770 861 εἶναι

158 884 292 960 αἷμα
321 886 544 989 ταύρων
575 890 666 945 καὶ
697 886 916 961 τράγων
939 884 1201 960 ἀφαιρεῖν
1226 883 1510 960 ἁμαρτίας,
1545 893 1769 945 δεῖσθαι

93 997 134 1029 10
160 973 220 1028 δε
251 978 363 1030 πᾶν
392 971 452 1030 τὸ
482 979 593 1030 τῶν
622 969 944 1043 ἀνθρώπων
982 973 1141 1043 γένος
1181 975 1416 1045 ἱλασμοῦ
1448 976 1644 1040 ζῶντος
1675 974 1767 1028 και
1799 1006 1816 1028 0

158 1054 453 1129 ἀληθινοῦ,
485 1049 554 1113 οὗ
582 1055 761 1113 τύπον
792 1062 956 1128 ε”φερε
985 1054 1045 1112 τὸ
1069 1079 1218 1130 παρα
1232 1065 1436 1114 Μωσεῖ
1462 1075 1768 1113 κατασκευ-

157 1141 335 1198 ασθεν
378 1139 723 1215 ἱλαστήριον,
767 1163 926 1206 ουτος
970 1140 1031 1197 δε
1070 1142 1142 1212 ἠν
1171 1139 1199 1197 6
1242 1140 1424 1212 σωτὴρ
1457 1143 1550 1197 καὶ
1580 1139 1767 1213 κύριος

154 1223 331 1298 ἡμῶν,
363 1249 393 1282 ο
376 1221 585 1299 ἀμνὸς
609 1229 706 1282 τοῦ
729 1228 887 1297 θεοῦ,
920 1227 1047 1299 περὶ
1069 1226 1135 1282 οὑ
1162 1224 1407 1297 εἰρηται
1411 1223 1521 1281 ι’δὲ
1543 1221 1571 1281 6
1597 1222 1767 1298 ἀμνὸς

155 1315 254 1366 τοῦ
296 1313 439 1367 θεοῦ
474 1309 502 1367 6
545 1319 720 1382 αἰρων
757 1308 859 1382 τὴν
898 1305 1170 1382 ἁμαρτίαν
1208 1312 1309 1367 τοῦ
1351 1308 1586 1382 κόσμου·
1575 1306 1624 1335 ·''
1681 1313 1766 1366 24.

92 1417 133 1450 15
156 1395 247 1450 καὶ
289 1392 519 1452 πάλιν“
529 1391 692 1460 αὐτὸς
734 1392 962 1466 ἱλασμός
1014 1397 1128 1450 ἐστι
1167 1396 1294 1467 περὶ
1334 1398 1446 1451 τῶν
1486 1390 1770 1466 ἁμαρτιῶν

154 1477 454 1550 ἡμῶν,οὐ
503 1481 631 1551 περὶ
676 1481 788 1534 τῶν
828 1475 1110 1580 ημετέρων
1152 1478 1213 1535 δε
1251 1477 1451 1550 μόνον,
1494 1476 1633 1534 ἀλλά
1674 1480 1765 1534 καὶ

154 1565 281 1635 περὶ
311 1561 444 1620 ὅλου
473 1568 572 1620 τοῦ
604 1558 856 1635 κόσμου,’
917 1558 1080 1627 αὐτὸς
1127 1558 1204 1619 ῶν
1244 1564 1334 1618 καὶ
1366 1560 1766 1635 ἀπολύτρωσις,

156 1645 293 1703 κατὰ
322 1647 420 1704 τὸν
450 1650 683 1704 Παῦλον
712 1644 1034 1719 φάσκοντα”
1040 1643 1121 1712 ’ὃς
1154 1644 1399 1718 ἐγενήθη
1433 1652 1602 1718 σοφία
1633 1642 1767 1719 ἡμῖν

155 1729 263 1787 ἀπὸ
303 1735 471 1802 θεοῦ,
517 1729 846 1802 δικαιοσύνη
887 1755 944 1787 τε
984 1732 1076 1786 καὶ
1119 1729 1384 1802 ἁγιασμὸς
1424 1732 1515 1786 καὶ
1561 1727 1766 1786 ἀπολύ-

91 1838 132 1871 20
153 1813 415 1887 τρωσις·”
478 1813 708 1881 εἰκότως
747 1814 848 1886 τὴν
891 1822 1205 1887 παρουσίαν
1251 1811 1425 1871 αὐτοῦ
1475 1810 1614 1887 ὁμοῦ
1664 1816 1766 1887 μὲν

155 1898 555 1973 συμπλήρωσιν
585 1901 676 1956 καὶ
707 1904 992 1957 τελείωσιν
1022 1897 1289 1973 ἁμαρτίας
1337 1898 1479 1956 εἶναι
1514 1898 1764 1956 διδάσκει

154 1986 266 2040 τῶν
306 1990 383 2049 εἰς
424 1982 596 2041 αὐτὸν
639 1982 1024 2056 ἠσεβηκότων,
1065 1980 1203 2056 ὁμοῦ
1249 1984 1310 2040 δὲ
1341 1981 1642 2046 ἀπάλειψιν
1674 1985 1765 2040 καὶ
1792 2007 1815 2040 d

155 2065 505 2142 καθαρισμὸν
535 2067 849 2142 ἁμαρτιῶν,
892 2069 983 2125 καὶ
1014 2065 1248 2125 ἀδικιῶν
1280 2067 1514 2141 ἱλασμὸν
1544 2071 1656 2125 τῶν
1689 2073 1766 2134 εἰς

155 2149 328 2209 αὐτὸν
341 2151 802 2210 πεπιστευκότων.
845 2157 929 2210 25.
946 2155 1038 2209 καὶ
1063 2151 1092 2210 6
1116 2151 1349 2218 Ἀκύλας
1376 2148 1589 2209 δὲ“τοῦ
1619 2155 1765 2210 τελέ-

91 2258 132 2291 25
154 2254 247 2293 σαι
285 2235 387 2310 τὴν
430 2233 669 2295 ἀθεσίαν
713 2240 805 2296 καὶ
849 2241 947 2294 τοῦ
992 2240 1278 2294 τελειῶσαι
1317 2234 1420 2308 τὴν
1451 2232 1762 2310 ἀμαρτίαν”

157 2318 328 2377 εἰπών
360 2319 600 2394 ἐπήγαγε
630 2318 690 2378 τὸ
720 2326 817 2379 τοῦ
851 2320 1210 2389 ἐξιλάσασθαι
1243 2319 1536 2392 ἀνομίαν,”
1573 2323 1766 2392 σαφῶς

158 2403 389 2477 ἱλασμὸν
429 2404 598 2463 αὐτὸν
640 2405 783 2463 εἶναι
813 2404 991 2477 πάσης
1029 2402 1260 2478 ἀνομίας
1303 2410 1398 2475 τῆς
1428 2402 1599 2460 πάλαι
1629 2401 1767 2460 κατὰ

154 2484 386 2559 ἄγνοιαν
413 2491 712 2561 γενομένης
742 2489 1157 2561 ὑποτιθέμενος.
1223 2491 1344 2559 ἑξῆς
1374 2487 1584 2553 τούτοις
1618 2496 1765 2561 εἴρη-

155 2595 242 2628 ται
267 2567 401 2628 “τοῦ
430 2570 661 2644 ἀγαγεῖν
687 2571 1049 2644 δικαιοσύνην
1074 2567 1357 2628 αἰῶνιον.”
1412 2576 1496 2627 26.
1525 2577 1638 2628 ἔστι
1661 2571 1764 2644 μὲν
1787 2604 1876 2647 [2401

270 2795 294 2831 5
326 2792 437 2832 Luc.
461 2794 500 2839 2,
522 2793 589 2834 34.
766 2794 789 2833 7
821 2792 940 2835 Heb.
967 2794 1031 2842 10,
1055 2793 1095 2834 4.
1273 2795 1324 2833 13
1360 2795 1394 2832 l.
1419 2792 1490 2835 J0.
1515 2794 1554 2843 2,
1578 2793 1618 2831 -2,

159 2850 210 2889 18
244 2849 280 2888 1.
306 2847 407 2890 Cor.
432 2850 468 2897 1,
491 2851 558 2889 30.
