1992 3186
585 152 890 194 DEMONST.
928 152 1149 193 EVANG.
1181 153 1282 195 vn.
1318 157 1356 194 1.
1644 150 1748 204 453

133 272 300 343 μέγα,
332 270 424 326 καὶ
454 283 569 335 τοῖς
599 270 937 340 καθημένοις
970 271 1030 325 ἐν
1059 266 1242 326 σκότει
1285 270 1377 325 καὶ
1409 271 1538 343 σκιᾷ
1567 266 1750 325 θανά-

133 378 232 411 του
276 357 396 426 φῶς
438 351 720 411 ἀνέτειλεν
771 349 995 418 αὐτοϊς”
1046 355 1139 409 καὶ
1176 351 1241 410 τοὶ
1282 355 1428 425 ἑξῆς·
1503 357 1618 410 134.
1668 349 1750 419 οἷς

136 440 374 511 ἐπιλέγει
397 435 519 495 “gu
549 443 736 495 πᾶσαν
760 435 964 509 στολὴν
987 440 1434 510 ἐπισυνηγμένην
1459 435 1623 514 δόλῳ,
1658 438 1748 493 καὶ
1781 470 1797 490 e

136 520 352 596 ἱμάτιον
382 520 518 596 μετὰ
547 526 890 595 καταλλαγῆς
922 519 1310 594 ἀποτίσουσιν,
1355 523 1446 578 καὶ
1477 520 1750 593 θελήσου-

91 626 256 680 5σιν,
302 613 352 664 εἰ
392 605 744 679 ἐγενήθησαν
785 611 1183 679 πυρίκαυστοι,
1224 604 1308 662 ότι
1338 611 1567 663 παιδίον
1599 609 1749 677 ἐγεν-

134 690 284 764 νήθη
325 689 462 764 ἧμιν
502 692 596 748 καὶ
626 688 747 757 υίὸς
790 689 962 763 ἐδόθη
993 688 1155 763 ἡμιν,
1195 683 1263 746 οὗ
1293 688 1326 762 ἡ
1358 687 1498 763 αρχὴ
1532 692 1621 746 ἐπὶ
1651 693 1752 746 τοῦ

136 774 289 849 ὤμου
322 772 508 833 αὐτοῦ.
579 777 672 831 καὶ
713 783 959 832 καλειται
998 772 1059 830 τὸ
1089 772 1263 847 ὄνομα
1310 771 1482 831 αὐτοῦ
1512 773 1751 847 μεγαλης

134 865 340 932 βουλῆς
383 858 642 932 αγγελος,
684 857 1008 932 θαυμαστὸς
1049 857 1396 931 σύμβουλος,
1436 858 1569 925 θεὸς
1602 865 1750 931 ἰσχυ-

136 943 254 1018 ρὸς,
290 941 661 1016 ἐξουσιαστὴς,
693 966 881 1045 αρχων
913 940 1154 1015 εἰρήνης,
1187 941 1391 1043 πατὴρ,
1397 949 1494 1000 τοῦ
1525 946 1751 1015 μέλλον-

72 1053 112 1083 10
134 1053 225 1095 τος
258 1034 473 1095 αίωνος.
539 1025 649 1095 αξω
681 1026 787 1100 γὰρ
820 1025 1051 1099 εἰρήνην
1083 1028 1170 1083 ἐπὶ
1205 1026 1334 1093 τούς
1359 1051 1629 1101 αρχοντας
1659 1029 1750 1083 καὶ

133 1111 331 1185 ὑγείαν
361 1110 539 1188 αὐτῷ·
581 1109 791 1184 μεγαλη
822 1109 857 1183 ἡ
887 1109 1028 1185 ἀρχὴ
1054 1108 1247 1183 αὐτοῦ,
1280 1114 1372 1168 καὶ
1401 1114 1496 1183 τῆς
1529 1109 1754 1183 εἰρήνης

136 1195 312 1253 αὐτοῦ
350 1194 452 1253 οὐκ
491 1202 643 1253 ἔστιν
681 1194 865 1267 ὅριον,
909 1197 998 1251 ἐπὶ
1035 1193 1133 1252 τὸν
1172 1194 1387 1268 θρόνον
1427 1196 1619 1268 Δαβὶδ
1660 1196 1750 1251 καὶ

135 1278 237 1352 τὴν
276 1285 567 1352 βασιλείαν
606 1278 780 1337 αὐτοῦ
830 1281 1185 1352 κατορθῶσαι
1236 1278 1412 1353 αὐτὴν
1452 1282 1545 1336 καὶ
1603 1277 1752 1336 ἀντι-

138 1367 412 1436 λαβέσθαι
444 1367 503 1422 ἐν
533 1370 755 1437 κρίματι
784 1365 876 1420 καὶ
905 1363 1231 1439 δικαιοσύνῃ
1256 1362 1364 1421 ἀπὸ
1394 1367 1496 1421 τοῦ
1523 1369 1632 1421 νῦν
1662 1365 1750 1420 καὶ
1780 1384 1799 1416 d

74 1471 114 1503 15
139 1454 217 1514 εἰς
267 1446 364 1505 τὸν
415 1451 607 1506 αἰῶνα.
690 1446 720 1505 ὁ
773 1453 928 1519 ζῆλος
975 1453 1177 1522 κυρίου
1230 1448 1486 1520 Σαβαὼθ
1536 1446 1755 1521 ποιήσει

137 1529 363 1590 ταῦτα.”

269 1620 385 1672 135.
428 1619 600 1673 Τοῦτο
631 1622 819 1688 τρίτον
849 1613 956 1688 ἤδη
986 1613 1048 1672 τό
1078 1621 1305 1673 παιδίον
1328 1613 1754 1689 προφητεύεται,

137 1704 236 1757 τοῦ
283 1697 455 1758 αὐτοῦ
510 1705 773 1768 ποικίλως
812 1702 1237 1772 σημαινομένου.
1325 1699 1516 1772 ἐπειδὴ
1561 1705 1755 1757 τοίνυν

137 1783 420 1857 πρόκειται
451 1787 558 1842 νῦν
601 1783 739 1857 ἡμῖν
782 1782 884 1842 τὸν
926 1782 1134 1856 τρόπον
1177 1789 1274 1856 τῆς
1306 1789 1384 1850 εἰς
1415 1782 1753 1855 ἀνθρώπους

75 1891 117 1923 20
138 1874 242 1926 τοῦ
280 1874 421 1926 θεοῦ
463 1874 772 1941 παρουσίας
817 1871 1115 1941 ἐπιδεῖξαι,
1160 1870 1268 1926 θέα
1302 1867 1376 1924 δι’
1416 1866 1564 1925 ὅσων
1595 1859 1753 1936 οὗτος

139 1955 232 2009 καὶ
263 1951 412 2020 ὅπως
443 1958 789 2025 παρίσταται.
863 1950 1176 2010 ἐδεικνύετο
1217 1956 1438 2026 πρῶτον
1467 1951 1496 2009 6
1530 1956 1755 2025 ἐπικλη-

136 2039 265 2103 θεὶς
288 2035 638 2110 Ἐμμανουήλ
655 2036 788 2103 θεὸς
811 2040 871 2094 ἐκ
895 2039 1186 2109 παρθένου
1216 2035 1594 2110 γεννώμενος·
1631 2042 1662 2093 δ
1668 2036 1754 2093 εύ-

139 2144 301 2193 τερον
339 2119 399 2177 τὸ
433 2124 492 2178 ἐκ
525 2125 623 2192 τῆς
646 2119 986 2194 προφήτιδος
1017 2123 1109 2178 καὶ
1131 2126 1230 2179 τοῦ
1257 2119 1421 2194 ἁγίου
1445 2119 1755 2194 πνεύματος

140 2211 368 2262 παιδίον
390 2202 493 2262 οὐκ
513 2202 647 2262 αλλο
671 2229 948 2279 τυγχανον
971 2229 1070 2262 του
1095 2207 1608 2279 προηγορευμένου
1641 2211 1753 2276 τρί

77 2310 118 2342 25
140 2313 236 2346 τον
274 2287 303 2346 6
349 2312 484 2362 μετα
523 2302 735 2363 χεῖρας,
781 2287 858 2355 εἷς
900 2286 979 2347 ὧν
1017 2292 1110 2346 και
1154 2288 1183 2346 ὁ
1216 2288 1382 2356 αὐτὸς
1420 2303 1534 2355 τοῖς
1565 2292 1754 2361 προτέ-

143 2397 285 2444 ροις,
317 2375 410 2430 καὶ
439 2371 617 2450 τούτῳ
646 2379 788 2446 γοῦν
828 2372 1001 2447 ὄνομα
1036 2373 1179 2430 εἶναι
1220 2377 1434 2446 λέγεται
1477 2374 1613 2430 κατὰ
1654 2397 1757 2444 μεν

142 2454 269 2522 τούς
301 2455 680 2530 ἐβδομήκοντα
701 2453 980 2530 “μεγοὲλης
1012 2461 1216 2529 βουλῆς
1239 2455 1531 2528 ἅγγελος,”
1568 2458 1659 2513 καὶ
1685 2455 1757 2524 ὥς

142 2561 267 2595 τινα
309 2543 422 2597 τῶν
466 2538 827 2614 ἄντιγροὲφῳν
872 2548 983 2615 ἔχει
1008 2537 1370 2614 ε(θαυμαστὸς
1415 2538 1750 2612 σύμβουλος,
1781 2560 1867 2602 [209]

144 2619 275 2688 θεὸς
317 2623 567 2696 ἰσχυρὸς,
610 2623 992 2697 ἐξουσιαστὴς,
1033 2622 1219 2697 ἅρχων
1272 2622 1522 2696 εἰρήνης,
1575 2623 1754 2697 πατὴρ

81 2725 122 2758 3ο
145 2708 246 2762 τοῦ
274 2707 566 2778 μέλλοντος
597 2705 860 2774 αἰῶνος·”
924 2713 1039 2764 136.
1073 2706 1209 2765 κατὰ
1253 2709 1313 2765 δὲ
1352 2709 1413 2765 τὸ
1435 2704 1747 2782 Ἐβραϊκὸν,
1777 2734 1868 2774 (337)

147 2788 220 2855 ὡς
250 2787 279 2845 6
311 2790 414 2862 μὲν
439 2787 669 2858 Ἀκύλας
691 2794 884 2863 φησὶν,
908 2790 1030 2848 “gn
1053 2796 1279 2850 παιδίον
1303 2791 1579 2865 ἐγεννήθη
1603 2791 1755 2866 ἡμῖν,

143 2872 263 2939 υίὸς
296 2872 468 2946 ἐδόθη
493 2873 645 2947 ἡμῖν,
676 2877 770 2932 καὶ
801 2877 1015 2947 ἐγένετο
1046 2878 1245 2949 μέτρον
1277 2874 1360 2933 ἐπ’
1391 2874 1544 2951 ὤμου
1567 2874 1753 2934 αὐτοῦ.
