1946 3158
580 106 899 147 DEMONST.
928 105 1152 147 EVANG.
1191 107 1227 146 Ι.
1261 109 1303 150 6.
1679 105 1749 157 39

134 222 302 299 ῥήξας
333 219 508 295 αὐτὴν
539 218 828 294 ἀπέδωκα,
871 220 1040 279 οὐδὲν
1081 220 1270 294 λαβών
1301 219 1448 297 παρὰ
1478 245 1749 295 χρεωφει-

136 304 347 366 λέτου.”

261 397 344 450 29.
389 395 573 450 Ταῦτα
605 382 674 464 ἦν
715 393 806 448 καὶ
837 389 902 447 τά
943 394 1170 448 τοιαῦτα
1212 393 1326 448 τῶν
1356 388 1462 461 πρὸ
1494 392 1748 458 Μωσέως

133 479 420 550 θεοφιλῶν
450 473 706 549 ἀνδρῶν,
740 475 820 550 (ἐξ
863 476 983 543 ἑνὸς
1014 475 1118 548 γὰρ
1150 478 1242 533 καὶ
1271 474 1368 533 τὸν
1396 477 1509 533 τῶν
1538 479 1771 534 λοιπῶν’

88 584 110 616 5
134 569 528 635 τεκμαίρεσθαι
552 559 818 633 προσήκει
852 560 1003 634 βίον)
1038 560 1103 617 τὰ
1127 559 1472 633 περιύμνητα
1495 566 1590 632 τῆς
1620 571 1747 618 θεο-

134 653 352 718 σεβείας
405 638 581 718 ἀθλα,
638 644 710 702 δι’
758 670 792 701 α
836 648 927 702 καὶ
965 654 1118 718 φίλοι
1161 652 1302 703 θεοῦ
1345 647 1437 702 καὶ
1468 648 1748 719 προφῆται

133 730 574 804 κατηξιώθησαν
629 735 711 788 30.
745 729 1010 797 τοιούτοις
1037 730 1087 788 δ’
1126 724 1251 788 οὖσι
1282 737 1363 796 τίς
1390 738 1467 788 ε’τι
1490 737 1647 804 χρεία
1678 733 1748 804 ἠν

131 820 244 873 τῶν
285 816 433 889 παρὰ
474 825 676 875 Μωσεῑ
719 813 1196 888 παραγγελμάτων
1233 814 1468 887 φαύλοις
1509 813 1746 889 ἀνδρασι

133 903 223 958 καὶ
264 911 580 1003 μοχθηροῖς
609 902 1107 974 παραδεδομένων;
1150 898 1359 958 οὐκοῦν
1407 899 1495 957 διά
1536 900 1748 959 τούτων

68 1011 109 1042 10
132 984 395 1043 ἁπάντων
425 985 522 1043 τὸν
553 983 916 1058 ἀρχαιότατον
945 990 1041 1058 τῆς
1071 989 1184 1042 τῶν
1215 984 1583 1059 προπατόρων
1612 996 1747 1043 θεο-

130 1077 348 1143 σεβείας
399 1069 606 1143 τρόπον
656 1095 685 1127 ο
727 1074 971 1143 Χριστοῦ
1011 1069 1169 1142 λόγος
1210 1088 1343 1127 πασι
1384 1077 1745 1143 καταγγείλας
1770 1095 1790 1126 d

129 1171 243 1223 τοῖς
285 1162 475 1213 ἔθνεσι
521 1161 823 1229 προφανῶς
864 1151 1282 1228 ἀποδέδεικται,
1335 1180 1407 1221 ως
1459 1155 1603 1212 εἶναι
1643 1155 1746 1228 τὴν

131 1240 330 1314 καινὴν
361 1239 643 1313 διαθήκην
665 1237 795 1297 οὐδ’
823 1238 999 1313 ἀλλην
1022 1244 1235 1312 ἐκείνης
1258 1242 1354 1312 τῆς
1385 1236 1746 1313 ἀρχαιοτάτης

131 1329 243 1382 τῶν
274 1327 525 1393 Μωσέως
556 1324 773 1399 χρόνων
804 1322 1070 1398 εὐσεβοῦς
1102 1332 1400 1397 πολιτείας,
1434 1322 1574 1383 ὥστε
1603 1325 1748 1399 ὁμοῦ

70 1433 110 1465 15
134 1412 225 1467 καὶ
258 1408 500 1467 παλαιάν
542 1407 719 1483 αὐτὴν
763 1410 906 1467 εἶναι
937 1413 1027 1467 καὶ
1059 1415 1221 1469 νέαν·
1270 1410 1612 1483 παλαιτάτην
1642 1412 1745 1484 μὲν

135 1494 226 1551 διὰ
257 1494 322 1550 τά
353 1493 820 1568 ἀποδεδειγμένα,
850 1497 987 1552 νέαν
1019 1497 1078 1552 δε
1110 1488 1276 1563 αὖθις
1309 1494 1399 1553 διά
1424 1495 1484 1553 τὸ
1514 1511 1744 1570 μακροις

128 1594 243 1646 τοις
274 1579 476 1652 μεταξὺ
508 1578 725 1652 χρόνοις
757 1577 942 1652 ω’σπερ
983 1578 1400 1652 ἀποκρυβεισαν
1433 1583 1484 1648 ἐξ
1516 1578 1744 1655 ἀνθρω-

64 1663 74 1668 ”
129 1686 253 1720 πων
284 1656 452 1729 αὖθις
476 1662 916 1736 ἀναβεβιωκέναι
944 1663 1034 1721 διά
1056 1669 1151 1736 τῆς
1183 1668 1284 1722 τοῦ
1316 1671 1561 1736 σωτῆρος
1585 1662 1744 1738 ἡμῶν

132 1753 507 1815 διδασκαλίας.
579 1753 663 1806 31.
696 1749 894 1806 τοῦτόν
932 1751 999 1821 γέ
1037 1774 1120 1806 τοι
1160 1747 1257 1806 τὸν
1296 1749 1502 1823 μεταξὺ
1547 1749 1744 1822 δηλού-

66 1857 107 1889 20
129 1857 300 1907 μενον
329 1832 531 1907 χρόνον
575 1858 677 1900 εως
708 1836 1005 1907 συνέβαινε
1045 1833 1354 1892 λανθάνειν
1384 1831 1740 1908 ἀνθρωπους,

130 1920 223 1975 καὶ
256 1939 443 1991 ωσπερ
477 1917 841 1992 έφησυχάζειν
863 1917 960 1976 τὸν
983 1923 1077 1991 τῆς
1102 1923 1294 1992 καινῆς
1321 1918 1593 1992 διαθήκης
1617 1920 1744 1994 τρό-

130 2027 265 2075 πον,
296 2003 324 2061 ὁ
359 2007 609 2071 Μωσέως
637 2009 696 2060 έν
718 2010 794 2081 τῷ
817 2003 1023 2077 μεταξυ
1046 2002 1436 2077 παρεισελθων
1458 2004 1623 2078 νόμος
1654 2002 1745 2063 οἷα

128 2113 210 2155 τις
241 2095 459 2161 νηπίων
489 2091 581 2146 καὶ
612 2086 823 2147 ἀτελων
852 2092 1048 2163 ψυχων
1090 2092 1379 2164 ἐπίτροπος
1410 2092 1502 2147 καὶ
1532 2089 1743 2147 οἰκονό-

128 2199 256 2247 μος,
288 2171 322 2246 ἢ
353 2176 444 2231 καὶ
477 2173 659 2247 ἰατρὸς
693 2178 848 2249 δεινῇ
879 2178 970 2231 καὶ
1005 2179 1357 2250 Αίγυπτιακῇ
1379 2174 1528 2251 νόσῳ
1552 2199 1740 2248 τετρυ-
1759 2201 1827 2242 (ιτ)

62 2281 107 2314 25
130 2261 358 2335 χωμένῳ
390 2263 467 2335 τῷ
490 2261 655 2317 παντὶ
681 2256 965 2318 Ἰουδαίων
989 2266 1164 2333 ἔθνει,
1196 2258 1384 2326 αὐτοῖς
1409 2258 1477 2332 δὴ
1500 2274 1615 2327 τοῖς
1647 2263 1746 2318 τοῦ

122 2341 370 2417 Ἀβραάμ
411 2341 733 2416 ἀπογόνοις,
779 2344 852 2417 μὴ
894 2350 1030 2412 οἵοις
1071 2369 1130 2402 τε
1170 2338 1330 2403 οὖσιν
1383 2341 1584 2418 ὁμοίως
1626 2359 1740 2411 τοῖς

127 2427 470 2503 προπάτορσι
500 2432 848 2502 κατορθοῦν,
891 2430 988 2487 τὸν
1023 2428 1412 2502 ὑποβεβηκότα
1452 2431 1543 2486 καὶ
1574 2426 1740 2501 ἀτελῆ

129 2519 256 2585 βίον
286 2519 609 2585 παρεδίδου.
685 2519 769 2571 32.
806 2514 995 2586 ἐπειδὴ
1037 2514 1142 2588 γὰρ
1188 2518 1247 2571 ἐν
1276 2520 1342 2589 τῇ
1383 2510 1517 2587 παρ’
1560 2519 1742 2586 Αἰγυ-

129 2603 308 2664 πτίοις
332 2603 586 2675 διατριβῇ
608 2591 759 2657 οὗτοι
784 2600 919 2672 μετὰ
942 2597 1044 2671 τὴν
1072 2602 1185 2655 τῶν
1213 2601 1501 2670 θεοφιλῶν
1522 2620 1737 2673 προπα-
1764 2624 1828 2667 [13]

63 2704 108 2736 30
129 2681 309 2754 τόρων
330 2683 595 2756 τελευτὴν
616 2697 737 2751 ταῖς
752 2691 1158 2756 Αἰγυπτιακαῖς
1173 2679 1581 2757 ὁμοιοτροπίαις
1600 2681 1739 2740 ἀπα-

129 2768 356 2839 χθέντες
389 2770 478 2825 ἐπὶ
508 2768 610 2840 τὴν
640 2767 950 2840 πολύθεον,
985 2767 1056 2836 ὡς
1089 2773 1263 2840 ἔφην,
1297 2773 1740 2841 δεισιδαιμονίαν

128 2849 627 2926 ἀποπεπτώκεσαν,
682 2849 754 2920 ὥς
813 2854 988 2926 μηδὲν
1039 2855 1151 2910 τῶν
1194 2858 1521 2925 Αἰγυπτίων
1570 2853 1740 2910 πλέον
