1992 3186
259 146 363 198 388
928 148 1174 189 EUSEBII

258 268 336 328 εἰς
367 260 540 320 αὐτὸν
578 260 1031 334 πεπιστευκότες,
1076 262 1294 337 μακρὰν
1331 267 1426 337 τῆς
1459 261 1727 332 Ἰουδαίας
1767 269 1866 339 γῆς

255 345 563 419 γενόμενοι,
595 348 687 402 καὶ
709 359 823 412 τοῖς
847 353 1058 412 λοιποῖς
1081 352 1307 405 ἔθνεσιν
1332 350 1741 423 ἐπισπαρέντες,
1766 347 1867 407 τὸν

256 428 395 486 κατὰ
433 433 543 487 τῶν
580 428 888 488 οἰκούντων
926 427 1027 502 τὴν
1075 428 1238 487 πόλιν
1285 429 1524 506 ὄλεθρον
1569 438 1864 507 διαδρᾶναι
1938 439 1946 446 ’

255 512 377 571 τότε
427 510 813 586 ἠδυνήθησαν.
900 518 980 570 15
1025 516 1116 570 καὶ
1167 518 1327 571 τοῦτο
1381 515 1442 572 δε
1481 515 1515 588 ἡ
1558 523 1867 591 προφητεία

257 600 615 669 προλαβοῦσα
649 599 909 655 ἐθέσπισε
943 593 1019 654 δι’
1063 622 1142 655 ων
1174 598 1415 671 ἐωφησεν
1421 595 1498 656 ὀί
1526 600 1587 656 δε
1617 599 1908 658 κατάλοι-5

209 703 231 735 b
257 702 350 737 ποι
380 684 478 738 τοῦ
507 684 645 738 λαοῦ
676 705 783 754 μου
825 705 890 739 ου
920 680 995 755 μὴ
1037 684 1532 756 ἐξολοθρευθῶσιν.
1543 679 1572 702 ”
1633 681 1716 750 οἷς
1747 686 1867 756 ἑξῆς

258 765 495 837 ἐπιλέγει
517 761 648 822 “nal
682 763 1020 834 ἐξελεύσεται
1059 764 1247 841 κύριος
1289 769 1381 823 καὶ
1411 765 1776 841 παρατάξεται
1809 770 1868 826 ἐν

254 863 368 916 τοῖς
401 855 630 907 ἔθνεσιν
663 852 891 916 ἐκείνοις
911 895 925 923 ,
958 849 1148 916 καθώς
1178 848 1353 924 ἡμέρα
1386 850 1735 923 παρατάξεως
1767 848 1864 908 αὖ·

255 939 354 990 τοῦ
387 936 447 990 ἐν
477 932 652 1008 ἡμέρᾳ
682 932 978 1006 πολέμου.”
1045 937 1127 991 16.
1163 937 1223 992 ἐν
1253 940 1428 1001 ποίοις
1460 935 1521 991 δὲ
1546 940 1736 992 ἔθνεσι
1766 934 1870 992 κύ·-

256 1041 371 1091 ριος
401 1016 767 1091 παρατάξεται
807 1015 840 1090 ἢ
885 1021 944 1075 ἐν
973 1032 1086 1084 τοῖς
1125 1016 1229 1090 τὴν
1250 1016 1604 1092 Ἰερουσαλὴμ
1649 1027 1866 1093 πολιορ-
1891 1042 1932 1074 10

256 1100 518 1173 κη’σουσι;
563 1107 723 1174 δηλοῖ
755 1102 816 1158 δὲ
845 1097 873 1158 ὁ
905 1100 1064 1174 λόγος
1096 1098 1265 1159 αὐτὸν
1295 1100 1391 1159 τὸν
1429 1101 1625 1176 κύριον
1654 1122 1867 1176 συμμα-

256 1183 447 1257 χήσειν
486 1199 598 1252 τοῖς
651 1190 1070 1258 πολιορκοῦσιν,
1127 1190 1187 1244 ἐν
1228 1182 1413 1253 αὐτοῖς
1456 1183 1590 1244 ὅντα
1628 1189 1719 1244 καὶ
1761 1185 1867 1244 σὺν

255 1267 441 1336 αὐτοῖς
483 1269 992 1343 παραταττόμενον,
1036 1267 1220 1342 ὥσπερ
1262 1269 1385 1326 τινὰ
1423 1269 1731 1343 στρατηγὸν
1775 1273 1868 1327 καὶ

253 1350 573 1427 ὑπέρμαχον
612 1350 799 1410 αὐτῶν
838 1352 975 1410 κατὰ
1025 1359 1120 1426 τῆς
1167 1349 1521 1426 Ἰερουσαλὴμ
1570 1353 1868 1429 στρατευό-

147 1462 233 1504 [178]
258 1459 442 1509 μενον.
516 1442 595 1493 17.
632 1436 698 1494 οὐ
740 1435 844 1510 γάρ
886 1455 1060 1510 φησιν
1098 1433 1126 1494 ὁ
1168 1435 1328 1509 λόγος
1358 1435 1455 1494 τὸν
1494 1435 1693 1511 κύριον
1731 1437 1867 1495 κατὰ
1891 1460 1931 1492 15

216 1557 233 1579 c
254 1545 367 1578 των
401 1524 585 1579 ἐθνῶν
616 1519 1047 1595 παρατάξεσθαι.
1108 1527 1255 1578 τίσιν
1286 1521 1347 1577 δε
1377 1522 1469 1577 καὶ
1500 1521 1636 1578 κατὰ
1665 1528 1867 1592 τίνων;

256 1629 392 1662 κατα
420 1607 515 1677 τῆς
531 1603 888 1678 Ἰερουσαλὴμ
920 1607 1011 1661 καὶ
1043 1608 1157 1662 τῶν
1191 1603 1496 1678 οἰκητόρων
1521 1604 1709 1678 αὐτῆς,
1741 1608 1868 1680 περὶ

258 1713 337 1746 ων
368 1682 438 1761 ἦν
466 1688 494 1746 ὁ
527 1687 702 1761 λόγος.
765 1688 825 1746 τὸ
858 1687 971 1745 δε“
981 1691 1071 1745 καὶ
1097 1687 1394 1761 στήσονται
1417 1693 1474 1746 οἱ
1499 1687 1664 1756 πόδες
1695 1687 1868 1746 αὐτοῦ

259 1778 319 1829 ἐν
348 1775 416 1847 τῇ
445 1769 620 1848 ἡμέρα
653 1775 835 1846 ἐκείνῃ
869 1774 958 1830 ἐπὶ
988 1771 1048 1830 τὸ
1079 1770 1205 1846 ὅρος
1231 1775 1344 1829 τῶν
1370 1776 1586 1844 ἐλαιῶν,
1618 1772 1678 1829 τὸ
1709 1773 1866 1829 κατέ-

256 1880 415 1914 ναντι
440 1853 821 1930 Ἰερουσαλὴμ,
867 1859 918 1924 ἐξ
951 1852 1275 1913 ἀνατολῶν”
1314 1862 1371 1912 τί
1409 1859 1598 1930 ἕτερον
1644 1861 1804 1927 δηλοῖ
1831 1853 1865 1928 ἢ
1889 1877 1930 1909 20

258 1946 456 2014 κυρίου
487 1943 589 1998 τοῦ
616 1944 784 2013 θεοῦ,
816 1938 989 1998 αὐτοῦ
1022 1938 1089 2012 δὴ
1120 1943 1217 1996 τοῦ
1247 1940 1388 1997 θεοῦ
1416 1938 1603 2012 λόγου,
1645 1939 1745 2011 τὴν
1777 1942 1866 1997 ἐπὶ

258 2030 353 2094 τῆς
387 2027 675 2096 ἐκκλησίας
707 2023 879 2082 αὐτοῦ
897 2023 1091 2081 στάσιν
1107 2048 1164 2081 τε
1181 2025 1273 2081 καὶ
1290 2030 1614 2096 βεβαίωσιν,
1646 2020 1718 2095 ἢν
1741 2021 1867 2097 ὅρος

261 2110 461 2163 ἐλαιων
515 2109 602 2163 ἐπὶ
653 2113 750 2164 τοῦ
802 2107 1072 2209 παρόντος
1113 2131 1249 2165 κατα
1291 2106 1497 2181 τρόπον
1536 2105 1867 2181 ἀλληγορίας

258 2187 535 2263 ὀνομάζει;
599 2195 679 2247 18.
729 2214 803 2257 ως
841 2216 945 2265 γαρ
976 2189 1238 2264 άμπελων
1269 2190 1510 2263 ἐγενήθη
1549 2215 1624 2247 τω
1655 2190 1866 2263 ἠγαπη-

259 2277 435 2349 μένω,
469 2276 560 2330 καὶ
590 2297 661 2346 ην
690 2272 952 2346 αμπελων
982 2281 1181 2346 κυρίου
1208 2273 1462 2346 Σαβαωθ
1491 2272 1866 2348 ἀλληγορικως
1890 2295 1931 2328 ‘25

259 2354 288 2413 ὁ
320 2358 468 2424 οἶκος
485 2361 582 2415 τοῦ
608 2355 841 2431 Ἰσραὴλ,
875 2359 966 2414 καὶ
996 2356 1235 2431 ἄμπελος
1257 2360 1358 2414 τοῦ
1379 2355 1561 2414 Ἰούδα
1590 2356 1867 2431 νεόφυτον

260 2440 636 2514 ἠγαπημένον,
676 2440 822 2498 οὕτω
851 2440 920 2513 δὴ
949 2439 1084 2498 κατά
1101 2439 1202 2514 τὴν
1230 2439 1404 2513 αὐτὴν
1419 2447 1669 2515 θεωρίαν
1694 2451 1866 2508 εἴποις

217 2551 239 2583 d
262 2522 331 2582 ἂν
361 2524 443 2582 ὅτι
475 2524 543 2599 δὴ
575 2527 666 2582 καὶ
696 2526 893 2583 ἐλαιών
919 2523 1159 2598 ἐγενήθη
1187 2529 1265 2602 τῷ
1283 2524 1520 2600 δεσπότῃ
1546 2521 1579 2598 ἡ
1605 2529 1656 2594 ἐξ
1683 2529 1868 2584 ἐθνῶν

264 2611 525 2682 ἐκκλησία
556 2607 753 2683 αὐτοῦ,
788 2607 858 2682 ἣν
887 2609 1055 2666 πάλαι
1085 2606 1401 2682 άγριέλαιον
1423 2602 1599 2667 οὖσαν
1629 2607 1866 2682 κατεφύ-

261 2710 485 2765 τευσεν,
520 2697 868 2768 ἐγκεντρίσας
902 2696 989 2751 ἐπὶ
1018 2693 1112 2760 τὰς
1142 2691 1506 2761 άποστολικάς
1535 2698 1630 2766 τῆς
1655 2701 1864 2751 καλλιε-
1888 2715 1929 2747 30

377 2886 432 2923 24
461 2885 537 2924 Es.
561 2888 600 2936 5,
627 2887 665 2928 1.
