1946 3158
554 100 862 141 DEMONST.
897 100 1117 142 EVANG.
1150 102 1185 141 I.
1225 103 1290 141 10.
1670 100 1735 151 71

127 215 420 292 θαυμάσια
451 221 733 289 διασαφεῖ,
757 217 935 288 λέγων
968 218 1091 289 ἑξῆς
1113 211 1145 234 “
1163 214 1379 290 ποιήσει
1409 215 1599 286 κύριος
1612 226 1732 274 Σα-

128 300 292 375 βαῶθ
321 307 454 358 πᾶσι
484 315 597 367 τοῖς
622 306 829 358 ἔθνεσι.
873 307 1090 358 πίονται
1123 298 1499 375 εὐφροσύνην,
1516 307 1736 359 πίονται

130 386 304 459 οἶνον,
348 391 627 459 χρίσονται
652 383 846 458 μύρον.
919 384 1168 458 παράδος
1198 388 1372 443 ταῦτα
1405 385 1587 443 πάντα
1621 400 1735 453 τοῖς

131 477 381 529 ἔθνεσιν·
415 468 449 542 ἡ
473 469 578 543 γὰρ
602 469 778 543 βουλὴ
810 467 949 544 αὕτη
982 472 1072 527 ἐπὶ
1102 469 1282 527 πάντα
1312 468 1378 527 τὰ
1412 475 1568 543 ἔθνη.

84 633 106 666 5
254 602 337 653 32.
395 595 635 655 Τοιαῦτα
663 615 787 654 τινα
817 589 888 669 ἦν
918 597 1010 654 καὶ
1048 596 1114 652 τα
1145 595 1378 654 “Ησαΐου
1421 595 1730 670 θαυμάσια,

128 678 365 748 εὐωδίας
405 679 623 754 ἀγαθῆς
674 684 765 738 καὶ
803 679 986 755 μύρου
1041 694 1224 754 χρῖσιν
1274 680 1338 738 οὗ
1380 685 1454 758 τῷ
1500 679 1732 757 Ἰσραὴλ,

127 765 266 823 ἀλλὰ
296 769 430 823 πᾶσι
459 780 572 833 τοῖς
616 772 844 823 ἔθνεσιν
884 765 1360 838 ἐπαγγελλόμενα·
1403 765 1543 824 ὅθεν
1589 765 1732 824 εἰκό-

125 875 232 918 τως
263 849 411 922 παρα
440 848 542 923 τὴν
570 854 668 908 τοῦ
696 849 880 923 μύρου
912 865 1096 923 χρϊσιν
1127 852 1220 907 καὶ
1251 855 1346 923 τῆς
1379 854 1734 923 Χριστιανῶν

126 933 449 1008 ἠξιώθησαν
479 941 866 1008 προσηγορίας.
933 932 1073 992 ἄλλα
1119 937 1210 991 καὶ
1242 944 1399 993 οἴνου
1429 951 1542 1000 τοῖς
1575 943 1735 994 ἔθνε-

63 1054 104 1087 10
127 1040 218 1077 σιν
258 1018 617 1094 εὐφροσύνην
658 1027 929 1091 θεσπίζει,
972 1019 1032 1076 τὸ
1072 1021 1167 1090 τῆς
1212 1023 1405 1092 καινῆς
1451 1025 1550 1076 τοῦ
1595 1029 1737 1092 Χρι-

127 1108 260 1162 στοῦ
277 1103 560 1177 διαθήκης
590 1103 895 1177 μυστήριον
938 1103 1334 1176 αἰνιττόμενος,
1367 1101 1399 1161 ὂ
1423 1103 1572 1175 παρα
1604 1109 1737 1161 πᾶσι

124 1203 237 1257 τοῖς
269 1195 499 1247 ἔθνεσιν
524 1193 768 1262 ἐναργῶς
799 1187 935 1246 κατὰ
964 1188 1061 1246 τὸν
1083 1188 1333 1262 παρόντα
1364 1189 1560 1262 καιρὸν
1594 1193 1737 1246 ἐκτε-

125 1281 315 1331 λεῖται.
349 1272 650 1340 33.ταυ’τας
675 1275 737 1330 δὲ
767 1273 1042 1340 πάλιντὰς
1073 1272 1399 1346 ἀσωμάτους
1424 1276 1515 1331 καὶ
1542 1273 1737 1346 νοερᾶς

125 1364 330 1424 θυσίας
359 1357 425 1413 τὰ
456 1358 769 1431 προφητικὰ
793 1357 1047 1431 κηρύττει
1079 1358 1268 1430 λόγια,
1319 1351 1436 1415 ῶδέ
1472 1381 1547 1431 πη
1579 1382 1738 1431 περι-

62 1474 104 1507 15
130 1445 322 1515 έχοντα
345 1437 374 1459 “
389 1446 574 1500 θῦσον
602 1445 677 1518 τῷ
719 1445 838 1518 θεῷ
875 1450 1088 1500 θυσίαν
1119 1447 1410 1515 αἰνέσεως,
1457 1446 1549 1499 καὶ
1603 1441 1737 1499 ἀπό-

126 1532 219 1593 δος
250 1530 328 1602 τῷ
354 1527 570 1602 ὑψίστῳ
601 1526 696 1592 τὰς
728 1524 890 1599 εὐχάς
922 1546 1042 1597 σου,
1076 1529 1168 1583 καὶ
1202 1526 1527 1584 ἐπικάλεσαί
1565 1551 1632 1600 με
1677 1531 1738 1584 ἐν

0 1645 1 1695 ,
121 1610 298 1686 ἡμέρα
327 1617 597 1680 θλίψεως,
629 1613 720 1667 καὶ
754 1615 1042 1684 ἐξελοῦμαί
1084 1630 1165 1681 σε,
1198 1615 1290 1668 καὶ
1323 1611 1571 1679 δοξασεις
1617 1608 1731 1684 με.”

0 1699 1 1703 ’
123 1700 206 1753 34.
233 1698 326 1752 καὶ
356 1695 525 1752 πάλιν
547 1693 816 1768 “ἔπαρσις
847 1700 958 1752 τῶν
988 1700 1190 1769 χειρῶν
1219 1720 1326 1768 μου
1357 1702 1535 1753 θυσία
1574 1699 1734 1752 ἑσπε-

123 1777 299 1854 ρινή.”
373 1782 465 1836 καὶ
505 1772 671 1847 αὖθις
713 1775 938 1837 “mota
978 1784 1054 1857 τῷ
1093 1784 1213 1855 θεῷ
1258 1784 1479 1853 πνεῦμα
1535 1799 1737 1838 συντε-

59 1898 102 1930 20
124 1861 468 1939 τριμμένον.”

249 1995 333 2049 35.
367 1989 563 2049 Πάντα
589 1989 657 2063 δὴ
687 1984 790 2050 οὖν
809 1997 980 2048 ταῦτα
1014 1995 1066 2060 ἐξ
1091 1996 1292 2058 αἰῶνος
1317 1993 1731 2065 τεθεσπισμένα

126 2074 217 2133 διὰ
255 2080 350 2149 τῆς
392 2073 751 2148 εὖαγγελικῆς
803 2079 903 2134 τοῦ
953 2082 1199 2150 σωτῆρος
1250 2072 1412 2149 ἡμῶν
1466 2082 1735 2134 διδασκα-

123 2168 242 2228 λίας
283 2160 420 2218 κατὰ
459 2160 555 2218 τὸν
592 2159 840 2234 παρόντα
878 2160 1073 2235 καιρὸν
1123 2159 1258 2233 πρὸς
1301 2159 1566 2218 ἁπάντων
1619 2165 1733 2218 τῶν
1760 2187 1835 2228 (ιο)

126 2248 311 2303 ἐθνῶν
345 2248 657 2316 ἐκτελεῖται,
693 2244 962 2319 ἀληθείας
995 2244 1477 2319 ἐπιμαρτυρούσης
1507 2251 1574 2320 τῇ
1608 2268 1739 2319 προ-

58 2358 104 2393 25
125 2333 329 2404 φητικῇ
360 2333 549 2404 φωνῇ,
593 2328 670 2387 δι’
723 2322 814 2403 ἧς,
858 2329 953 2397 τας
999 2331 1135 2388 κατὰ
1189 2331 1403 2389 Μωσέα
1455 2336 1662 2397 θυσίας
1712 2329 1740 2386 ὁ

124 2414 257 2481 θεὸς
304 2413 798 2488 παραιτησάμενος,
828 2414 887 2472 τὸ
919 2418 1121 2488 μέλλον
1153 2421 1383 2473 ἔσεσθαι
1423 2413 1556 2472 καθ’
1596 2413 1736 2486 ἡμᾶς

126 2496 328 2562 αὐτούς
372 2506 623 2568 θεσπίζει
670 2501 849 2571 λέγων
889 2496 1023 2557 “διό
1054 2498 1163 2557 ἀπὸ
1223 2497 1513 2556 ἀνατολῶν
1572 2494 1740 2572 ἡλίου

126 2585 218 2639 καὶ
249 2586 406 2658 μέχρι
437 2589 667 2658 δυσμῶν
696 2583 755 2642 τὸ
788 2582 962 2658 ὄνομα
1001 2608 1109 2658 μου
1154 2583 1478 2651 δεδόξασται
1527 2586 1588 2640 ἐν
1627 2596 1741 2650 τοῖς

246 2807 268 2845 1
300 2805 376 2845 Es.
409 2807 474 2854 25,
511 2808 549 2846 6.
780 2808 832 2846 16
863 2808 939 2848 Ps.
973 2808 1040 2854 50,
1079 2807 1143 2845 11.
1383 2807 1435 2846 19
1470 2807 1544 2846 Ps.
1579 2807 1672 2856 141,
1707 2806 1749 2848 2.

130 2863 185 2901 20
218 2862 290 2901 Ps.
325 2863 392 2912 51,
430 2863 494 2904 17.
670 2863 722 2902 28
756 2861 864 2902 Mal.
901 2864 939 2913 1,
977 2865 1041 2904 11.
