1992 3186
527 158 834 199 DEMONST.
865 155 1086 199 EVANG.
1110 159 1188 200 VI.
1213 160 1253 200 2.
1288 159 1326 198 3.
1637 155 1740 208 355

131 271 165 347 ἡ
198 270 496 348 εὐπρέπεια
525 277 620 347 τῆς
652 270 980 347 ὡραιότητος
1011 271 1196 330 αὐτοῦ.
1258 267 1287 329 5
1317 270 1450 340 θεὸς
1482 275 1740 345 ἐμφανῶς

131 358 278 432 ἥξει,
320 354 349 415 5
389 358 520 425 θεὸς
565 354 752 431 ἡμῶν,
794 360 886 414 καὶ
925 354 992 415 οὐ
1032 353 1578 431 παρασιωπήσεται.”
1650 360 1742 414 καὶ

131 441 261 517 μεθ’
312 444 472 516 ἕτερα
504 438 784 500 “ἅκουσον
816 441 1004 516 (φησὶ)
1045 440 1175 508 λαός
1214 465 1348 514 μου,
1391 443 1482 498 καὶ
1523 439 1741 514 λαλήσω

131 529 247 600 σοὶ,
273 524 516 600 Ἰσραὴλ,
548 529 640 583 καὶ
675 525 1116 600 διαμαρτύρομαί
1144 545 1244 583 σοι.
1318 522 1347 583 5
1387 524 1521 592 θεὸς
1551 524 1579 583 5
1610 525 1742 593 θεός

85 637 105 668 5
129 630 231 669 σου
264 613 373 683 εἰμὶ
406 610 526 683 ἐγώ.
601 609 704 668 οὐκ
747 613 834 668 ἐπὶ
875 624 995 677 ταῖς
1024 615 1263 676 θυσίαις.
1297 629 1398 667 σου
1432 611 1629 683 ἐλέγξω
1661 629 1738 667 σε.

127 694 192 753 τοὶ
226 695 287 752 δὲ
317 690 744 769 ὁλοκαυτώματά
787 714 890 752 σου
924 693 1161 753 ἐνώπιόν
1189 719 1297 768 μου
1338 696 1443 752 εἰσὶ
1479 693 1570 751 διά
1599 718 1743 752 παν-

126 775 359 847 τός.οῦ
404 780 625 853 δέξομαι
672 782 730 836 ἐκ
759 783 859 837 τοῦ
890 789 1047 836 οἴκου
1078 797 1182 836 σου
1212 778 1475 852 μόσχους,
1519 777 1647 836 οὐδὲ
1683 783 1741 836 ἐκ

127 868 240 922 τῶν
278 870 553 936 ποιμνίων
592 882 695 920 σου
725 862 1020 969 χιμάρους,
1057 861 1140 920 ὅτι
1182 861 1282 936 ε’μά
1324 867 1436 920 ἐστι
1468 862 1647 920 πάντα
1677 863 1742 920 τὰ

127 953 302 1022 θηρία
341 950 442 1005 τοῦ
483 950 726 1022 δρυμοῦ,
777 971 950 1020 κτηνη
993 950 1052 1004 ἐν
1104 961 1218 1015 τοῖς
1261 946 1413 1020 ὄρεσι
1458 950 1548 1004 καὶ
1597 947 1738 1021 βόες.

64 1059 104 1091 10
129 1037 343 1105 ἔγνωκα
374 1030 554 1090 πάντα
583 1030 647 1090 τοὶ
677 1031 886 1105 πετηνά
915 1034 1014 1089 τοῦ
1045 1028 1317 1104 οὐρανοῦ,
1350 1035 1442 1089 καὶ
1475 1028 1740 1107 ὦραιότης

125 1115 302 1223 ἀγροῦ
329 1139 427 1189 μετ
488 1119 619 1190 ἐμοῦ
651 1120 816 1174 ἐστίν.
873 1115 970 1172 ἐὰν
992 1114 1258 1189 πεινάσω,
1290 1114 1357 1173 οὐ
1379 1115 1455 1189 μή
1475 1135 1562 1173 σοι
1587 1127 1737 1174 εἴπω.

127 1199 225 1274 ἐμὴ
259 1199 363 1275 γάρ
408 1203 559 1258 ἐστιν
598 1199 632 1273 ἡ
675 1202 972 1274 οἰκουμένη
1014 1202 1103 1257 καὶ
1148 1199 1207 1257 τὸ
1250 1199 1520 1274 πλήρωμα
1552 1197 1736 1273 αὐτῆς.

125 1285 198 1358 μὴ
239 1282 486 1358 φάγομαι
526 1287 660 1358 κρέα
700 1283 951 1359 ταύρων,
1003 1280 1037 1357 ἢ
1079 1281 1213 1358 αἷμα
1252 1284 1474 1358 τράγων
1517 1291 1739 1359 πίομαι,

125 1371 310 1427 θῦσον
338 1371 416 1445 τῷ
443 1373 561 1446 θεῷ
591 1376 805 1427 θυσίαν
836 1371 1118 1442 αἰνέσεως,
1151 1371 1242 1427 καὶ
1267 1367 1474 1436 άπόδος
1504 1374 1579 1446 τῷ
1611 1369 1739 1437 υψί-

62 1477 102 1510 15
126 1471 236 1529 στῳ
266 1450 362 1518 τὰς
394 1451 560 1526 εὐχάς
592 1471 723 1525 σου,
755 1455 848 1510 καὶ
881 1453 1204 1511 ἐπικάλεσαί
1230 1479 1297 1528 με
1323 1458 1382 1511 ἐν
1407 1453 1584 1530 ἡμέρα
1614 1461 1739 1512 θλί-

125 1535 329 1606 ψεως.”

251 1626 299 1679 3.
334 1620 644 1680 Κάνταῦθα
667 1619 700 1693 ἡ
725 1628 856 1678 θεία
881 1619 1182 1696 πρόρρησις
1202 1627 1392 1694 σαφῶς
1414 1619 1552 1678 θεὸν
1568 1624 1739 1694 ἐμφα-

123 1709 234 1772 νῶς
265 1703 417 1778 ἥξειν
445 1711 722 1777 θεσπίζει,
755 1705 858 1762 οὐκ
887 1703 1055 1763 ἄλλον
1085 1703 1119 1778 ἢ
1148 1705 1245 1763 τὸν
1274 1710 1371 1762 τοῦ
1402 1709 1542 1763 θεοῦ
1574 1704 1739 1778 λόγον

125 1793 382 1862 δηλοῦσα.
428 1792 520 1847 καὶ
541 1788 600 1846 τὸ
628 1800 804 1847 αἴτιον
830 1790 892 1847 δὲ
913 1793 1008 1863 τῆς
1035 1797 1343 1863 παρουσίας
1368 1787 1540 1847 αὐτοῦ
1571 1793 1738 1863 σαφέ-

58 1898 99 1931 20
123 1894 291 1932 στατα
315 1882 647 1949 παρίστησιν
666 1919 680 1947 ,
715 1865 883 1941 αὖθις
907 1874 1009 1947 τὴν
1034 1878 1229 1947 κλῆσιν
1254 1880 1602 1947 σημαίνουσα
1625 1880 1737 1932 τῶν

123 1958 257 2016 καθ’
303 1957 433 2033 ’ὅλης
474 1963 570 2031 τῆς
615 1961 941 2032 οἰκουμένης
985 1962 1184 2017 ε’θνῶν.
1262 1956 1564 2016 “gunzagae’'
1598 1962 1736 2031 γοῦν

122 2062 259 2116 φησι
292 2039 431 2117 “τὴν
469 2046 576 2116 γῆν
616 2040 722 2100 άπό
764 2040 1053 2101 άνατολιῦν
1096 2040 1258 2116 ἡλίου
1289 2047 1381 2100 καὶ
1412 2045 1568 2116 μέχρι
1606 2048 1737 2100 δυσ-

121 2125 295 2200 univ?
369 2126 588 2202 σφόδρα
629 2128 691 2185 δὲ
735 2124 1061 2195 ἀκολούθως
1105 2127 1240 2201 μετὰ
1270 2127 1372 2200 τὴν
1406 2128 1738 2200 ἐπιφάνειαν

1772 816 1788 837 C

122 2209 294 2268 αὐτοῦ
335 2216 428 2270 καὶ
468 2211 604 2285 μετὰ
645 2209 746 2285 τὴν
785 2218 982 2286 κλῆσιν
1024 2218 1136 2269 τῶν
1178 2215 1363 2270 ἐθνῶν
1405 2211 1508 2286 τὴν
1538 2220 1756 2287 παραί-’

60 2319 100 2350 25
122 2314 280 2368 τησιν
319 2301 414 2369 τῆς
459 2294 596 2353 κατὰ
634 2296 732 2354 τὸν
772 2298 1026 2363 Μωσέως
1071 2295 1243 2370 νόμον
1283 2300 1736 2370 σωματικωτέρας

122 2386 374 2454 λατρείας
406 2379 684 2453 διδάσκει,
716 2378 750 2454 ἣ
781 2382 872 2438 καὶ
898 2379 1037 2453 αὐτὴ
1060 2383 1251 2448 τέλους
1283 2388 1440 2455 ἔτυχε
1470 2379 1604 2453 μετὰ
1634 2379 1736 2451 τὴν

121 2469 219 2520 τοῦ
248 2470 387 2522 θεοῦ
430 2464 597 2538 λόγου
640 2472 717 2532 εἰς
756 2464 965 2532 πάντας
1008 2464 1347 2538 ἀνθρώπους
1386 2463 1730 2536 ἐπιφάνειαν.

121 2551 169 2603 4.
207 2549 259 2614 ἐξ
293 2550 506 2607 ἐκείνου
550 2548 655 2622 γάρ
700 2574 783 2606 τοι
827 2552 920 2606 καὶ
966 2555 1044 2616 εἰς
1089 2555 1254 2622 δεῦρο
1300 2550 1590 2620 κέκληνται
1630 2548 1734 2620 μὲν

121 2629 322 2698 πάντες
363 2638 422 2689 οἰ
457 2635 546 2690 ἐπὶ
576 2632 752 2706 πάσης
792 2638 887 2706 τῆς
918 2635 1245 2706 οἰκουμένης
1277 2630 1595 2707 ἅνθρωποι,
1640 2634 1732 2688 καὶ

59 2738 99 2771 3ο
124 2713 302 2772 πάντα
332 2715 398 2772 τὰ
422 2716 528 2773 ἀπὸ
560 2713 844 2775 ἄνατολων
874 2743 963 2775 και
995 2721 1153 2791 μέχρι
1181 2720 1410 2789 δυσμῶν
1442 2722 1595 2788 ἔθνη
1640 2717 1733 2772 πέ-

123 2822 327 2857 παυται
354 2801 412 2857 δε
437 2803 527 2857 καὶ
551 2800 864 2874 καθῄρηται
894 2801 926 2874 ἡ
951 2826 1087 2859 κατα
1113 2799 1415 2866 Ἰουδαίους
1438 2807 1732 2884 θρησκεία,

121 2908 257 2942 κατα
295 2883 396 2956 τὴν
438 2885 635 2958 καινὴν
678 2885 956 2959 διαθήκην
996 2888 1094 2943 τοῦ
1134 2884 1494 2958 εὐαγγελικοῦ
1526 2886 1729 2960 κηρύγ-

1343 2977 1455 3030 23*

1754 2923 1842 2965 (2⁴32)
