1992 3186
556 121 1404 166 DEMONST.EVANG.V.10.11.
1657 121 1759 173 327

148 242 375 296 παιδίον
415 236 658 311 ἐγενήθη
697 236 860 311 ἡμῖν,
902 239 995 295 καὶ
1036 236 1157 303 υιὸς
1199 235 1372 309 ἐδόθη
1412 233 1578 310 ἡμῖν,
1617 260 1685 294 ου
1726 237 1760 310 ἡ

148 319 286 396 ἀρχὴ
319 324 407 379 ἐπὶ
438 325 537 380 τοῦ
567 319 720 395 ω’μου
747 319 940 394 αὐτοῦ,
971 324 1064 379 καὶ
1093 330 1340 380 καλεῖται
1369 320 1429 378 τὸ
1459 319 1634 395 όνομα
1663 318 1760 379 αὐ-

147 412 245 465 τοῦ
282 405 522 480 μεγαλης
561 412 766 479 βουλῆς
809 404 1066 480 ἅγγελος,
1108 404 1295 481 ἅρχων
1336 404 1586 480 εἰρήνης,
1626 405 1760 472 θεὸς
1792 441 1810 462 c

150 490 399 565 ἰσχυρὸς,
434 489 807 564 ἐξουσιαστὴς,
838 489 1017 564 πατὴρ
1048 495 1144 548 τοῦ
1174 492 1467 564 μέλλοντος
1497 487 1754 558 αἰῶνος.”

102 598 126 630 5
274 575 366 631 XI.
401 571 701 643 “'Avaovo'cg
743 576 804 632 δε
843 573 946 647 τὴν
985 574 1160 632 νύκτα
1199 578 1419 648 ἐκείνην
1459 581 1624 647 ἔλαβε
1665 572 1760 642 τας
1784 599 1807 631 d

0 669 1 719 ἰ
149 658 251 717 δύο
282 674 553 733 γυναῖκας
591 662 683 717 καὶ
713 658 809 726 τὰς
842 658 942 717 δύο
973 664 1271 726 παιδίσκας
1322 661 1414 716 καὶ
1453 658 1519 716 τὰ
1560 662 1760 717 ἕνδεκα

146 749 345 802 παιδία
385 740 575 802 αὑτοῦ.
651 746 744 801 καὶ
787 746 946 816 διέβη
985 743 1088 816 τὴν
1121 742 1383 815 διάβασιν
1422 743 1525 816 τὴν
1547 740 1759 817 Ἱαβώχ,

147 830 240 886 καὶ
273 834 472 901 ἔλαβεν
502 825 731 902 αὐτοὺς,
778 830 870 885 καὶ
913 834 1201 901 διεβίβασε
1231 826 1413 885 πάντα
1442 827 1507 885 τὰ
1540 830 1758 885 ἑαυτοῦ.

145 908 464 986 ὑπελείφθη
496 913 557 970 δὲ
583 909 778 984 Ἰακώβ
807 911 1001 985 μόνος,
1042 915 1135 969 καὶ
1167 910 1391 969 ἐπάλαιε
1430 910 1548 986 μετ’
1586 911 1761 970 αὐτοῦ

83 1020 127 1053 10
148 993 447 1070 ἅνθρωπος
486 1000 589 1064 ἕως
629 1003 791 1071 πρωΐ.
864 996 980 1054 εἶδε
1022 998 1083 1053 δὲ
1119 993 1204 1053 ὅτι
1245 993 1311 1054 οὐ
1358 995 1591 1054 δυ’ναται
1620 995 1758 1071 πρὸς
1782 1021 1871 1063 [149]

148 1079 345 1154 αὐτὸν,
378 1082 470 1138 καὶ
500 1079 679 1153 ἥψατο
709 1083 810 1139 τοῦ
839 1079 1081 1147 πλάτους
1109 1084 1209 1138 τοῦ
1239 1086 1420 1155 μηροῦ
1443 1078 1635 1153 αὐτοῦ,
1667 1083 1761 1138 καὶ

148 1164 419 1240 ἐνάρκησε
447 1162 506 1222 τὸ
537 1163 739 1233 πλάτος
769 1169 867 1224 τοῦ
896 1169 1077 1239 μηροῦ
1110 1163 1306 1238 Ἰακώβ
1348 1168 1408 1223 ἐν
1448 1168 1526 1241 τῷ
1564 1170 1760 1222 παλαί-

147 1272 232 1306 ειν
262 1247 437 1307 αὐτὸν
475 1248 596 1323 μετ’
634 1248 823 1308 αὐτοῦ.
895 1252 989 1307 καὶ
1031 1248 1188 1307 εἶπεν
1218 1248 1397 1326 αὐτῷ,
1429 1246 1761 1307 ἆπόστειλόν

145 1356 245 1406 με,
279 1332 452 1406 ἀνέβη
482 1331 587 1406 γὰρ
618 1332 646 1391 ὁ
678 1332 908 1409 ὄρθρος·
955 1330 983 1391 6
1018 1335 1080 1391 δὲ
1111 1333 1296 1406 εἶπεν,
1328 1331 1394 1392 οὐ
1424 1333 1499 1407 μή
1530 1352 1593 1391 σε
1622 1331 1762 1391 ἀπο-

84 1439 126 1472 15
151 1423 378 1488 στείλω,
412 1415 509 1474 ἐὰν
538 1416 614 1490 μή
641 1442 709 1490 με
740 1417 1059 1492 εὐλογήσῃς.
1122 1418 1244 1475 εἷπε
1285 1415 1344 1476 δ’
1387 1415 1566 1495 αὐτῷ,
1607 1425 1666 1475 τί
1700 1416 1759 1475 τὸ

148 1499 322 1575 ὄνομά
351 1518 485 1570 σου;
516 1497 543 1558 ὁ
579 1502 639 1558 δὲ
670 1501 855 1573 εἶπεν,
881 1498 1089 1574 Ἰακώβ.
1139 1501 1260 1559 εἷπε
1286 1499 1339 1558 δ’
1373 1499 1541 1579 αὐτῷ,
1572 1501 1756 1560 οὐκέτι
1782 1526 1873 1569 (237)

142 1584 339 1657 Ἰακὼβ
370 1583 709 1659 κληθήσεται
738 1585 798 1643 τὸ
829 1583 1003 1658 ὅνομοέ
1033 1603 1168 1657 σου,
1211 1582 1335 1642 ἀλλ’
1361 1585 1578 1659 Ἰσραὴλ
1609 1591 1760 1643 ἔσται

147 1669 208 1726 τὸ
238 1667 412 1741 ὄνομά
441 1687 564 1740 σου,
594 1667 679 1727 ὅτι
709 1673 1005 1744 ἐνίσχυσας
1034 1668 1170 1743 μετὰ
1197 1673 1357 1742 θεοῦ,
1388 1671 1481 1726 καὶ
1511 1668 1626 1743 μετ’
1663 1667 1759 1728 ἆν-

148 1751 398 1827 θρώπων
431 1751 668 1820 δυνατὸς
698 1760 812 1828 ἔσῃ.
853 1752 1106 1827 ἠρώτησε
1131 1755 1191 1810 δὲ
1217 1750 1429 1827 Ἰακώβ,
1461 1756 1554 1810 καὶ
1581 1754 1756 1827 εἶπεν,

83 1860 128 1893 20
150 1833 479 1910 ἆνάγγειλόν
507 1861 600 1910 μοι
629 1837 689 1895 τὸ
719 1836 893 1911 ὄνομα
922 1859 1038 1895 σου.
1082 1839 1175 1894 καὶ
1205 1838 1378 1910 εἶπεν,
1408 1843 1502 1895 ἵνα
1523 1843 1582 1895 τί
1598 1842 1760 1895 τοῦτο

151 1923 356 1996 ἐρωτᾷς
384 1919 445 1978 τό
474 1919 648 1995 ὄνομά
677 1946 812 1996 μους
844 1925 937 1980 καὶ
969 1919 1273 1995 εὐλόγησεν
1303 1920 1473 1979 αὐτὸν
1504 1926 1635 1995 ἐκεῖ,
1668 1925 1761 1979 καὶ

152 2004 376 2062 ἐκάλεσε
419 2004 480 2063 τὸ
531 2003 706 2080 ὄνομα
752 2009 854 2064 τοῦ
902 2005 1074 2064 τόπου
1118 2009 1334 2064 ἐκείνου
1369 2003 1561 2078 Ἰακώβ
1615 2007 1759 2073 εἶδος

150 2091 315 2147 θεοῦ·
363 2088 516 2148 εἶδον
538 2115 642 2165 γαρ
666 2088 806 2148 θεὸν
828 2089 1128 2164 πρόσωπον
1150 2089 1287 2192 πρὸς
1316 2089 1636 2166 πρόσωπον,
1667 2092 1762 2148 και

1276 2171 1426 2192 *CH

153 2171 340 2245 ἐσώθη
370 2170 404 2246 ἡ
433 2173 584 2248 ψυχή
612 2199 735 2248 μου.
789 2173 1036 2233 ἀνέτειλε
1066 2175 1129 2232 δὲ
1151 2171 1300 2232 αὖτω
1330 2199 1359 2232 ο
1389 2183 1562 2248 ηλιος,
1593 2171 1761 2247 ἡνίκα

86 2277 132 2310 25
152 2261 409 2331 παρῆλθε
437 2257 497 2316 τὸ
529 2258 676 2326 εἶδος
706 2263 805 2316 τοῦ
834 2258 1026 2318 θεοῦ.”

277 2346 326 2398 2.
371 2345 461 2398 Τ
417 2367 458 2399 ω
488 2343 803 2415 μενΜωσεῖ
824 2352 1005 2418 εἴρητο
1027 2340 1252 2410 “οὐδεὶς
1281 2340 1474 2411 όψεται
1496 2340 1556 2399 τὸ
1586 2341 1759 2415 πρόσ-

155 2423 308 2482 ωπόν
337 2450 445 2498 μου
475 2429 567 2483 καὶ
606 2424 877 2499 ζήσεταιΫ
940 2431 1001 2485 ἐν
1028 2426 1240 2492 τούτοις
1275 2428 1336 2483 δε
1367 2423 1396 2483 6
1422 2423 1613 2496 Ἰακώβ
1645 2424 1760 2484 εἶδε
1782 2451 1805 2483 b

155 2506 293 2564 θεὸν
334 2507 436 2582 οὐχ
475 2508 693 2583 ἁπλῶς,
739 2510 878 2568 ἀλλὰ
919 2509 1220 2586 πρόσωπον
1259 2509 1396 2580 πρὸς
1433 2508 1756 2581 πρόσωπον·

156 2592 249 2646 καὶ
279 2599 484 2659 σωθείς
526 2617 590 2666 γε
619 2593 686 2651 οὐ
715 2594 775 2652 τὸ
807 2599 964 2669 σῶμα
982 2641 997 2668 ,
1029 2593 1168 2651 ἀλλὰ
1197 2591 1300 2665 τὴν
1328 2590 1516 2666 ψυχὴν
1544 2595 1639 2665 τῆς
1671 2594 1760 2649 ἐπὶ

93 2693 136 2725 30
157 2671 256 2730 τὸν
280 2673 496 2747 Ἰσραὴλ
519 2684 913 2752 προσωνυμίας
934 2677 1168 2751 ἠξιώθη,
1199 2675 1535 2751 φερωνύμου
1565 2679 1761 2750 ψυχῶν

273 2867 294 2904 1
327 2867 405 2906 Es.
428 2869 468 2917 9,
492 2869 532 2907 6.
705 2872 731 2910 5
763 2871 876 2912 Gen.
900 2874 967 2923 32,
992 2873 1060 2912 22.
1238 2872 1292 2911 26
1322 2871 1406 2910 Ex,
1427 2872 1495 2921 33,
1519 2871 1589 2911 20.
