1992 3186
264 105 367 157 672
942 105 1188 146 EUSEBII

263 219 360 279 τόν
391 216 652 280 Λουκᾶν
656 216 915 292 εἱστήκει
945 217 974 276 6
1006 217 1136 286 λαός
1165 223 1430 294 θεωρων,
1462 223 1554 278 καὶ
1587 219 1874 294 ἐξεμυκτή-

267 314 416 377 ριζον
447 301 617 361 αὐτὸν
645 308 703 360 oc
728 326 989 376 αρχοντες
1021 300 1128 360 σὺν
1153 301 1340 370 αὐτοῖς
1363 307 1644 379 λέγοντες,
1675 303 1876 374 αλλους

267 396 467 461 ἔσωσε,
514 386 745 445 σωσάτω
779 386 1008 459 ἑαυτὸν,
1051 393 1103 445 εἰ
1138 378 1299 455 ουτός
1331 390 1481 446 ἐστιν
1523 388 1552 447 6
1584 390 1818 464 Χριστὸς
1847 388 1876 447 ὁ

266 473 385 541 υίὸς
415 478 514 529 τοῦ
543 475 685 530 θεοῦ
713 470 743 529 6
777 470 1040 538 ἐκλεκτός.
1053 468 1082 490 ”
1142 476 1226 529 53.
1264 473 1401 529 κατὰ
1435 473 1496 530 δε
1521 472 1618 532 τὸν
1639 473 1879 548 Μάρκον

259 555 389 615 “καὶ
432 561 489 615 οἱ
523 555 864 631 παράγοντες
911 555 1309 631 ἐβλασφήμουν
1349 555 1548 630 αὐτὸν,
1593 565 1879 627 κινοῦντες
1903 582 1923 615 5

264 642 361 710 τὰς
392 641 636 714 κεφαλὰς
677 640 866 699 αὐτῶν
912 643 1005 698 καὶ
1045 643 1327 715 λέγοντες,
1368 640 1496 700 οὐαὶ
1528 641 1557 700 6
1589 642 1882 702 καταλύων

267 726 364 786 τὸν
406 725 574 799 ναὸν,
617 728 709 783 καὶ
753 730 813 784 ἐν
851 727 1034 801 τρισὶν
1073 722 1299 800 ἡμέραις
1341 731 1652 801 οἰκοδομῶν
1690 727 1881 802 αὐτὸν,

268 815 452 869 σῶσον
474 809 729 883 σεαυτὸν,
754 813 846 868 καὶ
859 809 1254 883 κατάβηθιᾶπὸ
1265 817 1365 870 τοῦ
1388 815 1649 886 σταυροῦ.
1681 811 1882 886 ὁμοίως

268 898 360 953 καὶ
392 901 447 954 οἱ
474 892 746 970 ἀρχιερεῖς
786 899 1138 969 ἐμπαίζοντες
1180 903 1258 963 εἰς
1289 893 1560 970 ἀλλήλους
1605 895 1741 971 μετὰ
1770 902 1884 955 τῶν

268 982 634 1055 γραμματέων
675 987 895 1054 ἔλεγον,
936 978 1137 1048 αλλους
1170 986 1407 1054 ἔσωσεν,
1452 979 1652 1039 ἑαυτὸν
1681 979 1749 1040 οὐ
1781 981 1884 1040 δύ-
1906 1006 1948 1038 10

269 1089 430 1123 ναται
461 1083 652 1122 σωσαι.
706 1063 735 1123 6
766 1063 1001 1138 Χριστὸς
1024 1061 1052 1122 ὁ
1078 1063 1337 1136 βασιλεὺς
1354 1071 1454 1124 τοῦ
1481 1063 1698 1140 Ἰσραὴλ
1721 1091 1884 1124 κατα-

272 1149 421 1221 βάτω
453 1153 559 1207 νῦν
588 1147 695 1207 ἀπὸ
726 1153 827 1208 τοῦ
856 1155 1128 1223 σταυροῦ,
1173 1156 1265 1207 ίνα
1299 1155 1507 1224 ἴδωμεν
1538 1153 1630 1208 καὶ
1660 1149 1886 1209 πιστεύ-

273 1253 459 1307 σωμεν
490 1235 656 1311 αὐτῷ.
667 1230 696 1252 ”
757 1237 840 1292 54.
874 1238 1048 1292 ταῦτα
1079 1234 1183 1307 γὰρ
1214 1241 1273 1292 τί
1297 1232 1367 1292 ἆυ
1399 1237 1653 1309 διαφέροι
1683 1238 1795 1294 τῶν
1826 1239 1887 1294 ἐν

271 1324 347 1396 τῷ
387 1323 598 1394 Ψαλμςό
629 1321 1267 1392 προαναπεφωνημένων
1313 1322 1374 1377 ἐν
1403 1320 1482 1396 τῷ
1503 1316 1649 1392 “ἐγω
1681 1322 1749 1377 δέ
1775 1325 1886 1394 εἰμι

157 1428 248 1469 (499)
273 1402 516 1476 σκώληξ,
558 1405 649 1460 καὶ
691 1400 795 1461 οὐκ
824 1401 1151 1476 ἅνθρωπος,
1197 1402 1412 1471 ὄνειδος
1442 1403 1765 1479 ἀνθρώπων
1793 1406 1886 1463 καὶ
1910 1427 1950 1460 15

275 1491 613 1562 έξουδένημα
654 1494 805 1546 λαοῦ.
875 1487 1077 1556 πάντες
1117 1493 1175 1546 οἱ
1208 1491 1556 1564 θεωροῦντές
1595 1514 1662 1563 με
1695 1491 1885 1563 ἐξεμυ-

273 1571 539 1645 κτήρισάν
570 1597 664 1647 με,
706 1572 980 1646 ἐλάλησαν
1013 1577 1073 1630 ἐν
1102 1580 1373 1647 χείλεσιν,
1420 1576 1682 1646 ἐκίνησαν
1712 1598 1887 1648 κεφα-

273 1657 407 1730 λὴν,
449 1655 684 1731 ἤλπισεν
716 1660 805 1715 ἐπὶ
835 1656 1060 1732 κύριον,
1107 1657 1378 1732 ῥυσάσθω
1410 1655 1609 1732 αὐτὸν,
1655 1657 1886 1716 σωσάτω

275 1740 475 1816 αὐτὸν,
517 1739 600 1800 ὅτι
640 1745 797 1801 θέλει
828 1739 1052 1800 αὐτόν.”
1135 1747 1220 1801 55.
1254 1745 1346 1800 καὶ
1386 1741 1460 1817 μὴ
1499 1742 1798 1817 θαυμάσῃς
1838 1747 1889 1800 εἰ

272 1830 444 1885 ταῦτα
485 1825 621 1885 κατὰ
663 1828 722 1885 τό
761 1826 942 1895 πάθος
981 1831 1080 1885 τοῦ
1120 1830 1366 1901 σωτῆρος
1406 1827 1565 1900 ἡμῶν
1604 1825 1787 1902 εἰρητό
1825 1849 1885 1883 τε
1909 1851 1950 1882 20

275 1913 365 1968 καὶ
397 1910 755 1986 πεπλήρωτο,
797 1908 963 1969 ὁπότε
994 1914 1159 1969 εἰσέτι
1201 1916 1367 1982 δεῦρο
1407 1909 1557 1985 παρὰ
1587 1915 1757 1969 πᾶσιν
1786 1908 1890 1968 άν-

274 1995 524 2066 θρῶποις
565 2011 679 2062 τοῖς
717 1998 946 2070 μηδέπω
985 1994 1087 2067 τὴν
1127 2000 1203 2060 εἰς
1245 1991 1417 2052 αὐτὸν
1446 2002 1635 2054 πίστιν
1665 1994 1889 2068 ἀνειλη-

276 2077 446 2152 φόσιν
496 2078 711 2146 ὄνειδος
763 2076 1086 2151 ἀνθρώπων
1136 2078 1467 2152 νενόμισται.
1557 2086 1615 2137 τί
1662 2078 1766 2155 γὰρ
1817 2077 1891 2142 ἂν,

229 2187 252 2220 b
279 2171 495 2238 αἴσχιον
535 2165 626 2220 καὶ
668 2162 870 2230 παντὸς
900 2161 1156 2228 ὀνείδους
1186 2176 1375 2237 χεῖρον
1414 2168 1513 2222 τοῦ
1554 2168 1890 2239 σταυρωθῆ-

168 2271 255 2314 [311]
280 2272 397 2318 ναι;
429 2247 569 2304 ἀλλὰ
591 2250 683 2305 καὶ
702 2249 1038 2320 ἐξουδένημα
1068 2252 1206 2305 λαοῦ
1230 2251 1342 2305 ε’στι
1366 2254 1465 2305 τοῦ
1492 2251 1550 2306 ἐκ
1573 2255 1887 2322 περιτομῆς,
1910 2271 1952 2305 25

278 2331 483 2398 παντὸς
535 2331 721 2390 αὐτῶν
760 2337 859 2389 τοῦ
901 2338 1103 2398 ἔθνους
1145 2334 1309 2389 εἰσέτι
1349 2335 1455 2391 νῦν
1505 2335 1596 2390 καὶ
1648 2332 1889 2406 σήμερον

278 2416 562 2490 χλευάζειν
611 2419 703 2474 καὶ
747 2420 1061 2485 ἐξουδευεῖν
1108 2419 1197 2474 καὶ
1240 2416 1574 2475 καταπτύειν
1627 2416 1888 2484 εἰωθότος

280 2500 479 2559 αὐτοῦ·
527 2499 667 2560 ὅθεν
697 2504 789 2559 καὶ
822 2500 1041 2568 εἰκότως
1081 2496 1110 2557 6
1145 2497 1448 2568 ἀπόστολος
1473 2498 1665 2576 “ἡμεῖς
1699 2502 1758 2559 δὲ
1789 2525 1888 2574 κη-

280 2584 560 2660 ρύσσομεν
577 2584 819 2658 Χριστὸν
844 2588 1281 2659 ἐσταυρωμένον,
1299 2585 1585 2653 Ἰουδαίοις
1601 2586 1703 2660 μὲν
1719 2584 1888 2643 σκάν-

284 2675 483 2742 δαλον,
517 2678 707 2729 ἔθνεσι
739 2672 800 2728 δὲ
829 2668 1101 2746 μωρίαν.”
1163 2674 1247 2727 56.
1283 2669 1463 2728 καὶτὰ
1489 2673 1609 2743 ἑξῆς
1642 2671 1703 2727 δὲ
1736 2675 1888 2744 εἰρη-
1909 2691 1951 2724 30

397 2867 415 2903 1
451 2865 563 2908 Luc,
587 2867 654 2915 23,
678 2866 745 2909 35,
920 2866 946 2905 5
975 2864 1120 2904 Mare.
1145 2865 1211 2915 15,
1236 2865 1303 2905 29.
1479 2866 1531 2905 28
1566 2866 1602 2904 1.
1627 2864 1728 2907 Cor.
1755 2864 1793 2914 1,
1817 2865 1885 2903 23.
