1992 3186
252 125 357 177 422
933 126 1179 167 EUSEBH

253 241 475 315 ἡδονῶν
515 240 1006 299 καταπαλαιόντων
1044 240 1103 298 τὸ
1145 238 1501 316 ἀνθρώπειον
1540 247 1728 315 γένος;
1769 246 1862 300 καὶ

142 351 228 392 [194]
253 325 432 393 ἄλλως
466 327 526 382 δὲ
559 329 724 399 ἐχρῆν
753 323 1074 399 ἀνθρώποις
1113 329 1254 383 θεοῦ
1291 325 1458 398 λόγον
1487 325 1702 400 ὁμιλεῖν
1730 330 1861 400 μέλ-

253 420 436 482 λοντα,
471 412 561 467 καὶ
594 408 794 482 σαρκὸς
825 409 1014 476 ἀκοαῖς
1038 408 1103 467 τά
1127 415 1221 482 τῆς
1254 407 1536 482 εὐσεβείας
1559 410 1860 484 μαθήματα

252 493 682 566 παραδώσοντα,
715 502 1030 568 τεραστείας
1060 517 1119 551 τε
1149 496 1240 551 καὶ
1272 499 1735 568 παραδοξοποιίας
1765 494 1860 553 ἀν-

140 603 228 645 (314)
252 577 500 650 θρώπων
542 577 856 651 ὀφθαλμοῖς
899 584 1040 635 θεοῦ
1083 601 1141 634 τε
1176 577 1415 651 δύναμιν
1447 583 1649 652 ἐναργῆ
1680 602 1861 654 παρα-
1883 603 1902 636 5

249 662 550 734 στήσοντα,
582 661 654 735 μὴ
686 660 864 730 ἄλλως
895 659 927 734 ἢ
962 662 1053 719 διὰ
1082 668 1179 720 τοῦ
1210 661 1496 735 συνήθους
1527 662 1662 736 ἡμῖν
1690 663 1862 738 ὀργά-

248 771 351 804 νου
394 750 554 804 τοῦτο
594 751 823 821 πρᾶξαι,
877 745 959 803 ὅτι
1006 746 1141 804 οὐδὲ
1183 749 1352 804 πλέον
1382 744 1552 805 οὐδὲν
1592 747 1863 821 σωμάτων

246 830 384 905 ὁρᾶν
407 830 726 904 ἀνθρώπων
751 831 992 888 δυνατὸν
1014 824 1084 905 ἦν
1113 829 1445 906 ὀφθαλμοῖς,
1479 830 1606 889 οὐδ’
1633 831 1863 890 ἀκούειν

249 913 424 988 ἀκοὴν
456 917 625 973 πλέον
654 941 705 973 τι
735 922 832 972 τοῦ
865 914 956 973 Bw}
988 915 1229 989 γλώττης
1262 919 1682 991 προφερομένου
1706 915 1859 990 ἤχου.

248 1004 331 1057 23.
365 997 443 1056 ἵν’
478 993 584 1057 οὖν
614 1003 705 1057 καὶ
739 998 830 1056 διὰ
854 999 1125 1073 σωμάτων
1149 1000 1465 1072 αἰσθήσεως
1488 1007 1583 1073 τῆς
1606 1006 1718 1058 τῶν
1735 1026 1861 1074 νοη-
1884 1025 1925 1058 10

249 1089 360 1141 τῶν
391 1087 482 1140 καὶ
524 1083 834 1157 ἀσωμάτων
876 1089 1092 1151 ἐννοίας
1137 1084 1560 1157 ἐπιλαβώμεθα,
1601 1084 1698 1142 τὸν
1728 1085 1862 1158 ἡμῖν

249 1173 493 1240 συγγενῆ
525 1172 616 1225 καὶ
646 1167 926 1242 γνώριμον
958 1168 1123 1241 λόγον
1148 1166 1310 1236 αὐτὸς
1341 1167 1516 1236 ὁθεός
1541 1169 1700 1242 λόγος
1732 1169 1862 1226 ἀνε-

250 1252 530 1325 λάμβανε,
573 1255 663 1310 καὶ
704 1251 885 1310 πάντα
922 1277 987 1325 γε
1031 1250 1106 1309 δι’
1151 1250 1324 1310 αὐτοῦ
1366 1253 1430 1309 τά
1477 1253 1718 1326 σωτήρια
1747 1270 1861 1319 τοῖς

201 1363 222 1394 b
250 1335 538 1408 αὐτηκόοις
570 1340 660 1393 καὶ
685 1336 980 1403 αὐτόπταις
1003 1342 1116 1394 τῶν
1150 1339 1364 1394 ἐνθέων
1396 1335 1570 1395 αὐτοῦ
1593 1336 1774 1410 λόγων
1804 1361 1862 1394 τε

249 1425 340 1478 καὶ
372 1429 550 1495 ἔργων
581 1420 964 1494 προεβάλλετο.
1027 1426 1110 1479 24.
1145 1425 1234 1478 καὶ
1266 1421 1420 1479 ταῦτ’
1471 1428 1701 1494 ἔπραττε
1740 1437 1860 1488 ταῖς
1885 1446 1925 1478 15

247 1511 346 1562 τοῦ
379 1504 631 1578 σώματος
662 1505 927 1577 ἀνάγκαις
957 1502 1158 1578 ὁμοίως
1189 1507 1323 1579 ἡμῖν
1352 1505 1607 1579 οὐδαμοῖς
1632 1511 1861 1563 καταδε-

249 1588 577 1662 σμούμενος,
610 1587 747 1647 οὐδέ
775 1614 826 1646 τι
857 1605 1042 1663 χεῖρον
1073 1587 1106 1662 ἢ
1131 1598 1315 1663 μεῖζον
1339 1590 1502 1657 αὐτὸς
1535 1593 1739 1647 ἑαυτοῦ
1766 1595 1862 1662 τῆς

247 1674 510 1746 θεότητος
539 1673 855 1747 ὑπομένων,
887 1672 1013 1731 οὐδ’
1047 1673 1224 1740 οὕτως
1253 1672 1343 1732 οἷα
1375 1674 1683 1748 ἀνθρώπου
1713 1675 1863 1747 ψυχὴ

247 1761 325 1833 τῷ
363 1757 573 1831 σώματι
613 1758 952 1831 πεὸούμενος
985 1758 1059 1825 ὡς
1088 1758 1162 1831 μὴ
1196 1762 1443 1830 ἐνεργεῖν
1485 1758 1766 1815 δύνασθαι
1795 1757 1863 1814 τά

248 1853 406 1913 θεῖα,
448 1844 588 1915 μηδὲ
628 1847 878 1915 πανταχῆ
911 1857 1170 1913 παρεῖναι
1199 1846 1342 1899 θεοῦ
1374 1842 1539 1914 λόγον
1569 1840 1736 1913 ὅντα,
1769 1847 1862 1898 καὶ
1883 1866 1926 1898 20

247 1924 314 1982 τά
360 1925 538 1983 πάντα
569 1933 888 1999 πληροῦντα
929 1929 1020 1982 καὶ
1063 1926 1154 1982 διὰ
1193 1924 1417 1982 πάντων
1458 1923 1685 1999 ἥκοντα·
1734 1923 1858 1982 ἀλλ’

249 2007 382 2066 ουδε
414 2009 594 2080 ρύπον
624 2007 657 2082 ἢ
688 2006 975 2114 φθοράν”
944 2035 976 2083 η
1006 2016 1215 2082 μίασμα
1249 2012 1300 2078 ἐξ
1332 2002 1395 2082 ἧς
1426 2009 1695 2111 ἀνείληφε
1726 2030 1859 2082 σαρ-

248 2091 341 2159 κὸς
376 2095 837 2165 ἐπενηνεγμένος,
883 2091 965 2150 ὅτι
1011 2093 1080 2166 δὴ
1119 2093 1404 2165 ἀσώματος
1449 2119 1527 2150 ων
1557 2093 1658 2166 τὴν
1687 2094 1863 2167 φύσιν

249 2179 340 2233 καὶ
372 2174 476 2232 av)
481 2202 538 2243 ος
570 2179 660 2234 καὶ
691 2175 948 2249 ἄσαρκος,
980 2185 1109 2233 οἱα
1093 2180 1232 2235 θεοῦ
1261 2177 1443 2250 λόγος,
1478 2179 1655 2234 ἐνθέω
1689 2176 1863 2235 δυνά-

200 2298 218 2319 e
249 2286 338 2334 μει
368 2264 459 2318 καὶ
492 2260 671 2332 λόγοις
701 2258 835 2334 ἡμῖν
874 2259 1128 2334 ἀρρήτοις
1159 2266 1344 2318 πᾶσαν
1383 2261 1550 2335 ὑπῄει
1580 2261 1682 2332 τὴν
1711 2268 1862 2319 οἰκο-
1883 2284 1925 2316 25

248 2352 468 2417 νομίαν,
501 2349 611 2402 τών
631 2352 855 2402 οἰκείων
883 2345 1244 2418 μεταδιδους,
1275 2342 1398 2402 ἀλλ’
1424 2346 1528 2402 οὐκ
1555 2344 1864 2417 ἀντεπαγό-

250 2454 414 2502 μενος
445 2435 556 2486 τῶν
585 2428 904 2501 ἀλλοτρίων.
976 2434 1059 2487 25.
1094 2427 1300 2486 οὐκοῦν
1339 2454 1390 2486 τι
1426 2436 1727 2501 φοβεῖσθαι
1759 2427 1862 2502 χρὴ

252 2514 353 2586 τὴν
385 2521 657 2586 ἔνσαρκον
686 2519 1038 2586 οἰκονομίαν,
1083 2515 1201 2570 ε’πεὶ
1232 2512 1306 2586 μὴ
1340 2513 1633 2586 ἐμολύνετο
1664 2511 1692 2570 ὅ
1725 2510 1863 2584 ἀμό-

254 2606 451 2664 λυντος
482 2600 620 2670 μηδε
647 2601 706 2654 ἐκ
728 2601 822 2670 τῆς
848 2595 1102 2671 σαρκὸς
1078 2621 1106 2654 ο
1130 2596 1391 2669 ἀμίαντος
1418 2601 1691 2670 ἐμιαίνετο
1722 2598 1862 2669 μηδε

252 2688 660 2754 συνεφθείρετο
691 2685 759 2756 τῇ
786 2686 885 2739 τοῦ
917 2681 1165 2754 σώματος
1188 2687 1365 2755 οἰκεία
1388 2681 1556 2754 φύσει
1578 2677 1607 2737 ὁ
1639 2679 1860 2751 ἀπαθὴς
1882 2703 1924 2736 30

251 2770 348 2820 τοῦ
378 2770 517 2821 θεοῦ
550 2765 724 2837 λόγος,
764 2770 879 2822 ἐπεὶ
910 2767 1052 2838 μηδὲ
1073 2762 1232 2837 ἡλίου
1254 2764 1494 2823 πάθοιεν
1525 2762 1595 2821 νά
1626 2789 1676 2820 τι
1707 2762 1862 2821 ἀκτῖ-

251 2871 345 2912 νες
378 2853 589 2919 νεκρῶν
620 2853 709 2905 καὶ
742 2857 1023 2908 παντοίων
1054 2848 1323 2922 σωμάτων
1356 2847 1742 2921 ἐπαφώμεναι;
1783 2850 1858 2923 τῷ
