1992 3186
267 125 370 177 372
940 124 1189 166 EUSEBII

1370 238 1383 259 9
1437 239 1510 261 m„

267 243 578 315 προσεχέτω
611 239 644 311 ἡ
678 243 774 312 γῆ,
806 242 898 296 καὶ
929 239 1129 306 πάντες
1152 245 1210 297 οἱ
1231 243 1291 299 ἐν
1314 265 1471 317 αυτῃ.
1573 248 1656 300 21.
1690 245 1783 300 καὶ
1813 242 1872 301 τὸ

265 324 568 399 μαρτύριον
602 325 662 380 δὲ
702 328 800 380 τοῦ
841 322 1062 390 πάθους
1107 323 1354 399 ᾐνίττετο
1394 329 1495 384 τοῦ
1523 336 1723 401 κυρίου
1755 331 1874 385 ἐπι-

267 412 455 483 φέρων
479 404 608 464 “nal
639 413 791 464 ἔσται
807 405 996 481 κύριος
1026 404 1055 464 ὁ
1085 408 1217 475 θεὸς
1239 405 1400 482 ὑμῶν
1421 417 1498 477 εἰς
1522 409 1871 486 μαρτύριον.”

269 491 385 551 εἷθ’
422 493 543 563 ἑξῆς
573 490 602 548 ὁ
635 488 800 558 αὐτὸς
830 491 1042 565 προϊὼν
1071 491 1374 567 προφήτης,
1407 493 1481 560 ὡς
1500 490 1570 552 ὂὶν
1599 494 1707 569 ἤδη
1739 519 1876 568 προ-

267 574 574 641 παιδεύσας
604 574 670 633 τὰ
700 577 828 650 περὶ
857 582 952 648 τῆς
982 574 1270 649 ὑπάρξεως
1298 582 1396 634 τοῦ
1418 581 1561 635 θεοῦ
1582 579 1751 652 λόγου
1780 586 1875 652 τῆς
1897 606 1918 638 5

267 685 324 718 τε
356 663 409 728 ἐξ
453 658 712 733 οὐρανῶν
753 659 924 718 αὐτοῦ
965 659 1348 734 καταβάσεως,
1391 665 1482 719 καὶ
1514 658 1588 729 ὦς
1631 662 1699 719 τὰ
1729 673 1876 721 αἴτια

154 771 243 811 (275)
268 751 362 818 τῆς
395 750 472 810 εἰς
502 741 840 825 ἀνθρώπους
871 743 1046 802 αὐτοῦ
1075 752 1384 819 παρουσίας
1418 747 1719 819 προειπών,
1754 749 1878 805 ἑπο-

221 1784 242 1815 b

266 833 446 903 μένως
484 827 587 901 τὴν
634 836 712 895 εἰς
751 828 1089 903 ἀνθρώπους
1129 829 1305 887 αὐτοῦ
1339 833 1606 904 ἐσομένην
1636 833 1876 904 γένεσιν,

267 917 361 972 καὶ
391 907 525 971 αὐτὸ
561 913 628 986 δὴ
660 921 865 987 χωρίον
897 920 1038 971 ἔνθα
1068 913 1447 988 τεχθήσεσθαι
1479 921 1734 988 ἔμελλεν,
1768 907 1885 973 ὧδέ

267 1021 383 1065 πως
438 998 688 1056 διδάσκει
740 999 918 1070 λέγων
964 995 1097 1056 “noel
1148 992 1216 1055 σύ
1270 999 1527 1072 Βηθλεὲμ
1582 999 1730 1066 οἶκος
1779 1002 1881 1057 τοῦ
1902 1025 1942 1057 10

259 1081 512 1156 Ἐφραθόι
542 1081 823 1154 ὀλιγοστὸς
857 1083 909 1139 εἴ
934 1088 1030 1140 τοῦ
1065 1083 1207 1140 εἶναι
1239 1087 1299 1140 ἐν
1321 1082 1562 1180 χιλιάσιν
1587 1080 1786 1156 Ἰούδα,
1821 1086 1880 1140 ἐκ

268 1184 370 1224 σου
401 1191 491 1240 μοι
523 1165 864 1234 ἐξελεύσεται
888 1165 1215 1240 ἡγούμενος,
1248 1191 1346 1224 του
1372 1167 1514 1225 εἶναι
1541 1165 1664 1234 εἰς’
1642 1191 1879 1241 αρχοντα

268 1254 331 1309 ἐν
359 1255 434 1328 τῷ
459 1250 706 1324 Ἰσραὴλ,
741 1253 831 1307 καὶ
857 1276 913 1307 αι
938 1254 1116 1319 ἔξοδοι
1140 1250 1326 1308 αὐτοῦ
1337 1248 1435 1307 ἀπ’
1469 1250 1642 1325 ἀρχῆς
1667 1255 1721 1318 ἐξ
1745 1247 1878 1324 ἡμε-

267 1341 385 1409 ρῶν
418 1332 667 1400 accSvogff'

347 1491 354 1495 K
395 1424 479 1476 22.
509 1417 804 1492 Ἐπιμελῶς
838 1420 898 1475 δε
938 1417 1207 1492 πρόσσχες
1257 1424 1383 1475 τίνα
1422 1417 1628 1492 τρόπον
1657 1424 1754 1476 τοῦ
1787 1420 1875 1475 ἐπὶ
1902 1443 1942 1475 15

267 1503 367 1577 τὴν
398 1504 682 1575 Βηθλεὲμ,
726 1504 955 1577 (χωρίον
998 1505 1063 1560 δέ
1102 1506 1214 1560 ἐστι
1253 1505 1412 1560 τοῦτο
1444 1508 1547 1575 ’τῆς
1583 1499 1879 1575 Ἰουδαίας)

269 1589 662 1661 φανησομένου
693 1586 788 1653 τας
822 1585 1042 1655 ἐξόδους
1073 1585 1298 1644 ἄνωθεν
1322 1589 1414 1644 καὶ
1440 1589 1492 1654 ἐξ
1518 1590 1717 1653 αἰῶνος
1747 1585 1880 1660 ὑφε-

269 1670 464 1729 στάναι
506 1674 674 1745 φησὶ,
720 1670 822 1744 τὴν
864 1677 1064 1729 ἔνθεον
1095 1674 1282 1743 δηλῶν
1320 1670 1672 1746 προῦπαρξίν
1701 1695 1760 1727 τε
1790 1672 1882 1727 καὶ

269 1754 537 1814 οὖσίωσιν
568 1762 664 1813 τοῦ
699 1759 758 1812 ἐκ
788 1757 1045 1829 Βηθλεεμ
1085 1756 1564 1828 προελευσομένου
1602 1753 1879 1827 ἄρχοντος.

272 1846 322 1897 εἰ
350 1865 450 1942 μεν
490 1842 592 1898 οὐν
637 1845 748 1913 ἔχοι
787 1864 868 1906 τις
911 1838 997 1911 ἐφ’
1050 1842 1240 1912 ἕτερον
1278 1836 1580 1911 ἀναφέρειν
1622 1837 1717 1895 τὸν
1749 1862 1882 1910 χρη-
1905 1864 1946 1895 20

271 1925 443 1998 σμὸν,
475 1931 556 1989 τίς
587 1925 746 1989 οὗτος
778 1921 1185 1980 ἀποδεικνυτω
1236 1928 1286 1979 εἰ
1317 1919 1369 1978 δ’
1396 1945 1501 1978 ουκ
1521 1927 1669 1979 ἔστιν
1695 1918 1884 2023 ευρεῖν

273 2012 461 2081 ἕτερον
491 2011 588 2064 τοῦ
621 2012 864 2080 σωτῆρος
905 2005 1064 2079 ἡμῶν
1090 2003 1269 2078 Ἰησου
1298 2012 1573 2079 Χριστοῦ,
1617 2004 1676 2072 ὃς
1717 2004 1882 2079 μόνος

272 2091 407 2163 μετὰ
437 2091 538 2163 τὴν
573 2097 918 2163 προφητείαν
951 2092 1184 2148 ἐνθένδε
1217 2086 1536 2163 ὡρμημένος
1578 2094 1802 2163 βοᾶται,
1831 2099 1885 2148 τί

274 2173 468 2232 λοιπὸν
512 2174 768 2248 ἐμποδών
807 2173 881 2247 μὴ
913 2171 1035 2247 ουχὶ
1075 2182 1472 2247 συνομολογειν
1513 2172 1788 2246 ἀλήθειαν
1816 2179 1881 2249 τῆ

274 2265 614 2334 προφητεία,
657 2260 745 2316 ἐπὶ
776 2257 927 2333 μόνω
971 2255 1118 2335 αὐτῷ
1151 2257 1463 2332 σαλευούση
1507 2257 1608 2329 τὴν
1639 2256 1882 2332 πρόρρη-
1906 2283 1948 2316 25

275 2365 401 2401 σιν·
389 2389 403 2413 ,
446 2342 611 2416 μόνος
650 2347 788 2415 γοῦν
829 2344 986 2408 οὗτος
1033 2339 1303 2414 ἐπιφανὴς
1334 2366 1445 2398 των
1475 2364 1695 2399 πωποτε
1725 2366 1886 2415 γεγο-

274 2452 383 2494 νως
418 2431 476 2485 ἐκ
506 2431 604 2484 τοῦ
645 2429 1047 2501 προειρημένου
1086 2432 1291 2499 χωρίου
1329 2428 1423 2498 τῆς
1453 2427 1710 2500 Βηθλεὲμ
1751 2451 1884 2499 μετα

275 2511 402 2578 τοὺς
444 2516 540 2584 τῆς
571 2518 906 2585 προφητείας
943 2509 1173 2585 χρόνους
1207 2510 1266 2566 τὸ
1292 2507 1647 2583 ἆνθρωπειον
1671 2509 1884 2577 ὑποδυς

238 2633 255 2655 c
281 2614 459 2669 σχημα
477 2595 880 2669 προελήλυθεν,
913 2619 1024 2668 αμα
1053 2617 1112 2652 τε
1134 2598 1199 2667 τῇ
1233 2592 1406 2651 αὐτου
1429 2601 1705 2671 παρουσία
1724 2598 1883 2668 ἐπλη-

278 2685 442 2750 ροῦτο
466 2704 531 2736 τα
555 2681 1021 2753 προηγορευμένα.
1075 2683 1157 2735 23.
1186 2675 1381 2735 αὐτίκα
1400 2683 1537 2751 γοῦν
1560 2682 1651 2736 καὶ
1675 2703 1779 2736 ουκ
1804 2685 1882 2745 εἰς
1905 2705 1946 2737 30

396 2873 445 2911 10
476 2872 582 2914 Mic.
608 2874 646 2921 5,
671 2875 709 2914 2.
