1992 3186
550 71 858 115 DEMONST.
891 71 1113 113 EVANG.
1143 71 1223 112 IX.
1257 72 1322 111 11.
1638 70 1743 123 599

137 190 336 247 ἐνθέου
368 191 720 260 ἐπιφανείας,
753 190 810 244 οῖ
837 187 899 244 δὲ
931 188 1309 260 ἐξησθένησαν
1349 184 1484 261 πρὸς
1515 184 1617 259 τὴν
1646 191 1745 244 τοῦ

134 278 272 332 θεοῦ
295 271 481 346 χάριν·
532 269 616 328 διὸ
650 275 710 328 ἐν
723 270 862 346 ἀρχῇ
877 269 1164 344 γενόμενοι
1178 273 1273 343 τῆς
1296 276 1540 344 θεωρίας
1564 293 1744 345 παρῃ-
1773 295 1794 327 d

134 362 331 415 τοῦντο
363 359 613 428 λέγοντες
643 361 719 431 τῷ
754 351 987 414 Μωσεϊ
991 353 1083 413 ‘66
1114 353 1266 412 λάλει
1297 353 1432 430 πρὸς
1462 351 1622 429 ἡμᾶς,
1654 358 1744 412 καὶ

134 440 207 516 μὴ
237 448 468 498 λαλείτω
500 439 635 514 πρὸς
663 436 804 513 ἡμᾶς
834 439 862 496 6
893 438 1044 511 θεὸς,
1076 445 1169 497 ἱνα
1199 439 1272 513 μὴ
1303 437 1740 513 ἀποθάνωμεν“”

91 550 113 582 5
137 524 358 593 εἰκότως
401 523 492 582 διά
533 527 704 582 ταῦτα
747 523 1073 597 ἀποδέχεται
1112 548 1216 597 μεν
1255 521 1458 590 αὐτοὺς
1497 523 1525 582 ὁ
1557 524 1746 597 κύριος

133 614 228 684 τῆς
261 608 580 682 εὐλαβείας,
613 611 750 682 φησὶ
785 607 880 666 δε“
886 606 1091 682 ὀρθῶς
1122 607 1300 666 πάντα
1324 606 1426 666 όσα
1452 607 1746 682 ἐλάλησαν,

134 693 436 798 προφήτην
467 692 761 765 ἀναστήσω
801 691 989 760 αὐτοῖς
1032 696 1090 750 ἐκ
1132 696 1304 766 μέσου
1343 698 1456 750 τῶν
1485 690 1748 766 ἀδελφῶν

136 777 350 850 αὐτῶν,
393 777 576 851 ὥσπερ
619 778 694 834 σε’.
772 782 819 834 8.
854 773 1062 834 ουκοῦν
1092 780 1184 834 καὶ
1214 777 1273 834 τὸ
1319 786 1497 835 αἴτιον
1529 782 1746 846 ἐδίδαξε

133 868 231 921 τοῦ
256 869 419 935 δίκην
443 860 732 935 προφήτου
753 863 976 934 μέλλειν
996 859 1168 919 αὐτὸν
1187 859 1290 934 τὴν
1308 868 1384 928 εἰς
1409 860 1747 935 ἀνθρώπους

72 971 112 1003 10
138 946 468 1020 ἐπιφάνειαν
490 955 798 1004 ποιεῖσθαι
844 950 1006 1003 τοῦτο
1043 943 1095 1002 δ’
1131 939 1203 1018 ἦν
1233 942 1499 1004 ἀσθένεια
1526 945 1746 1019 ἀνθρω-

135 1054 258 1090 πων
287 1033 377 1088 καὶ
409 1037 506 1103 τῆς
537 1036 849 1105 κρείττονος
880 1036 1124 1103 θεωρίας
1148 1037 1491 1104 παραίτησις.
1536 1036 1583 1088 9.
1607 1036 1748 1104 ἔχεις

133 1121 430 1190 τοιγαροῦν
475 1117 566 1172 καὶ
611 1113 712 1188 τὴν
758 1121 942 1172 αἰτίαν
987 1118 1080 1188 τῆς
1123 1114 1604 1190 ἐνανθρωπήσεως
1648 1119 1747 1172 τοῦ

134 1202 540 1273 θεσπιζομένου
571 1198 876 1273 προφήτου.
939 1198 1161 1266 εἰκότως
1192 1191 1294 1257 οὖν
1323 1203 1744 1274 προσδοκῶντες
1770 1223 1861 1265 (445)

136 1281 307 1342 αὐτὸν
347 1309 398 1342 οι
441 1286 499 1341 ἐκ
539 1289 834 1358 περιτομῆς
880 1282 1267 1342 ἐπυνθάνοντο
1306 1290 1404 1341 τοῦ
1447 1288 1752 1356 βαπτιστοῦ

7 1378 27 1388 ’
73 1393 114 1425 15
130 1367 419 1441 Ἰωάννου,
462 1371 554 1425 καὶ
594 1366 836 1440 ἔλεγον“
844 1366 873 1425 6
904 1367 1190 1443 προφήτης
1223 1368 1275 1425 εἴ
1302 1367 1404 1439 συ’;
1444 1365 1472 1426 6
1518 1370 1578 1426 δε
1621 1376 1749 1470 ἔφη,

305 1451 426 1510 ἀλλ’
462 1449 491 1510 6
517 1449 773 1524 Ἰωάννης
802 1450 1041 1526 τάληθες
1071 1452 1357 1526 ὁμολογῶν
1386 1451 1514 1511 οὔτε
1538 1452 1752 1526 προφή-

135 1561 232 1611 της
264 1537 406 1594 εἶναι
438 1534 749 1610 ἠρνήσατο,
791 1561 863 1609 ην
884 1536 1026 1610 γὰρ,
1070 1536 1209 1595 ἀλλά
1248 1537 1308 1594 τὸ
1350 1535 1515 1604 αὐτὸς
1549 1537 1691 1595 εἶναι
1720 1535 1749 1595 6

136 1620 421 1695 προφήτης
451 1617 480 1679 6
513 1621 652 1695 πρὸς
682 1624 782 1679 τοῦ
811 1624 1064 1689 Μωσέως
1107 1622 1513 1695 δεδηλωμένος·
1559 1646 1641 1679 οτι
1687 1622 1749 1679 δὲ
1776 1645 1863 1689 [2⁷⁷1

138 1704 546 1780 ἀπεσταλμένος
591 1715 674 1778 εἰή
717 1711 1035 1780 ἔμπροσθεν
1074 1709 1176 1764 τοῦ
1204 1704 1494 1808 προφήτου
1535 1709 1750 1764 ἐκείνου

71 1814 115 1847 20
140 1794 415 1848 ἐδίδασκε.
481 1795 561 1847 10.
596 1792 688 1846 καὶ
723 1789 1020 1863 ἐπειδήπερ
1051 1787 1079 1848 6
1123 1789 1284 1863 λόγος
1315 1787 1504 1857 αυτοῖς
1539 1790 1606 1864 δὴ
1637 1805 1751 1858 τοῖς

140 1878 200 1932 ἐκ
229 1877 525 1949 περιτομῆς
555 1871 969 1949 ἀναστήσεσθαι
999 1875 1095 1932 τὸν
1104 1875 1418 1976 προφήτην
1443 1877 1748 1948 ἐθέσπιζεν,

140 1958 360 2026 εἰκότως
390 1957 419 2016 6
451 1959 634 2033 σωτὴρ
665 1962 758 2017 καὶ
782 1958 998 2064 κύριος
1006 1956 1192 2033 ημῶν,
1233 1957 1328 2018 ἅτε
1374 1958 1443 2032 δὴ
1475 1957 1639 2026 αὐτὸς
1672 1955 1752 2017 ῶν
1776 1985 1798 2016 b

138 2042 167 2099 6
209 2044 742 2117 προκεκηρυγμένος,
798 2041 923 2101 ὀυκ
963 2036 1180 2117 ἧλθον”
1224 2047 1399 2118 φησὶν
1429 2040 1522 2102 “sl
1557 2043 1631 2118 μὴ
1674 2050 1751 2111 εἰς

138 2126 204 2184 τὰ
235 2126 487 2200 πρόβατα
530 2126 596 2184 τά
635 2126 957 2186 ἀπολωλότα
997 2139 1154 2187 οἰκου
1188 2125 1461 2201 Ἰσραήλ.”
1535 2143 1648 2196 τοῖς
1691 2130 1752 2186 δε

74 2233 118 2266 25
141 2208 463 2279 ἀποστόλοις
502 2211 675 2270 αὑτοῦ
714 2211 952 2287 παρῄνει
996 2214 1174 2286 λέγων
1211 2209 1328 2280 “seg
1378 2212 1512 2272 ὁδὸν
1566 2216 1752 2270 ἐθνῶν

139 2295 213 2369 μὴ
244 2293 555 2370 ἀπέλθητε,
597 2299 688 2354 καὶ
730 2303 807 2363 εἰς
846 2296 1010 2355 πόλιν
1049 2303 1416 2371 Σαμαρειτῶν
1456 2297 1531 2370 μὴ
1575 2298 1753 2353 εἰσέλψ

140 2389 309 2451 θητε,
341 2380 654 2453 πορεύεσθε
679 2381 740 2437 δὲ
771 2385 981 2454 μᾶλλον
1011 2379 1146 2455 πρὸς
1175 2380 1241 2437 τά
1265 2380 1516 2452 πρόβατα
1538 2405 1602 2436 τα
1619 2378 1753 2436 ἀπο·

143 2461 355 2518 λωλότα
384 2473 540 2521 οἴκου
563 2461 842 2536 Ἰσραήλ”’
907 2470 984 2521 11.
1020 2470 1210 2537 σαφῶς
1243 2463 1526 2520 διδάσκων
1565 2462 1648 2520 ὅτι
1683 2462 1751 2536 δὴ

142 2542 329 2613 αὐτοῖς
369 2550 795 2620 προηγουμένως
834 2546 1139 2605 ἀπέσταλτο
1183 2551 1252 2621 τῇ
1281 2551 1590 2622 προφητείᾳ
1620 2546 1753 2605 ἀκο-

257 2770 282 2808 3
312 2767 457 2808 Exod.
480 2769 548 2819 20,
574 2770 639 2809 19.
700 2769 837 2810 Deut.
862 2769 901 2817 5,
925 2769 991 2809 27.
1167 2769 1191 2808 6
1223 2769 1362 2809 Deut.
1388 2771 1455 2818 18,
1480 2769 1546 2808 17.

147 2825 198 2863 15
227 2823 299 2864 Jo.
325 2826 361 2867 1.
385 2826 451 2867 21.
628 2826 681 2865 23
712 2824 879 2866 Matth.
904 2826 968 2870 15,
993 2827 1060 2866 24.
1235 2827 1287 2865 25
1319 2824 1483 2864 Matth.
1512 2826 1578 2874 10,
1603 2824 1639 2863 6.
