1992 3186
256 115 362 167 210
943 117 1192 159 EUSEBII

257 235 358 289 τοῦ
387 239 679 304 θεολογίας
712 230 1055 304 ἐφαψασθαι,
1087 235 1180 289 καὶ
1211 257 1308 290 τον
1330 232 1468 290 θεὸν
1491 231 1685 304 λόγον,
1717 230 1864 299 όστις

257 313 383 374 ποτ’
417 317 487 389 ἡν
516 314 545 373 ὁ
571 316 662 372 δια
685 322 781 373 τοῦ
806 320 1146 389 φαινομένου
1169 315 1372 391 ἀνδρὸς
1393 316 1486 383 τὰς
1510 328 1874 391 θαυματουρ-

256 407 379 473 γίας
413 405 675 471 ἐκτελῶν,
710 403 1057 457 ἐποπτεῦσαι.

170 898 235 939 [93]
738 887 996 927 BIBAION
1029 887 1393 928 TETAPTION.

144 1019 236 1060 (144)
381 1000 417 1049 1.
451 987 673 1060 Ἐπειδὴ
715 981 780 1044 τα
818 986 1169 1060 προσήκοντα
1209 990 1336 1060 περὶ
1372 991 1467 1059 τῆς
1500 986 1866 1060 ἐνανθρωπή-
1887 1006 1908 1039 5

257 1094 396 1140 σεως
427 1076 526 1130 τοῦ
557 1076 799 1145 σωτῆρος
831 1071 988 1144 ἡμῶν
1019 1077 1079 1128 ἐν
1109 1075 1185 1148 τῷ
1215 1070 1320 1143 πρὸ
1350 1070 1549 1129 τούτου
1581 1071 1867 1145 συγγράμ-

213 1189 235 1220 b
259 1182 417 1257 ματι,
463 1164 627 1232 τρίτςο
667 1155 786 1213 ὄντι
816 1161 911 1228 τῆς
941 1155 1318 1228 Εὗαγγελικῆς
1343 1155 1730 1228 Ἀποδείξεως,
1764 1155 1867 1213 αὐ-

255 1265 467 1314 ταρκως
498 1238 631 1313 ἡμιν
663 1239 1087 1313 διαπεπόνηται,
1130 1238 1317 1313 καιρὸς
1348 1239 1478 1347 η’δη
1497 1242 1590 1296 καὶ
1619 1238 1867 1314 ἀπορρη-

254 1330 494 1397 τοτέρων
528 1324 852 1396 ἐφαψασθαι
892 1323 1072 1397 λόγων
1112 1328 1223 1381 τῶν
1255 1326 1382 1398 περὶ
1411 1328 1506 1397 τῆς
1540 1321 1663 1380 κατ’
1697 1322 1867 1383 αὐτὸν

255 1413 663 1483 μυστικωτέρας
693 1415 1002 1480 θεολογίας.
1051 1414 1098 1465 2.
1132 1433 1160 1465 ο
1191 1432 1293 1481 μεν
1317 1432 1423 1465 ουν
1444 1411 1570 1481 περὶ
1586 1414 1684 1465 τοῦ
1713 1408 1864 1483 πρώ-
1890 1427 1930 1459 10

255 1519 354 1551 του
385 1496 478 1550 καὶ
509 1490 694 1550 αῑδίου
712 1492 934 1567 ,μόνου
964 1516 1022 1549 τε
1052 1490 1360 1565 αγεννήτου
1397 1495 1488 1549 καὶ
1520 1495 1609 1549 ἐπὶ
1639 1515 1867 1551 παντων

256 1585 435 1635 αἰτίου
475 1581 587 1635 τῶν
626 1539 805 1649 ὅλῶν,
847 1576 1230 1650 πανηγεμόνος
1259 1601 1318 1634 τε
1355 1579 1447 1634 καὶ
1477 1580 1866 1650 παμβασιλέως

253 1667 396 1720 θεοῦ
435 1661 616 1729 κοινὸς
655 1661 861 1719 ἅπασιν
891 1659 1211 1734 ἀνθρώποις
1244 1664 1358 1719 ἐστὶ
1390 1660 1574 1733 λόγος’
1634 1667 1770 1727 ἴδιος
1802 1661 1864 1718 δὲ

255 1750 346 1804 καὶ
372 1746 554 1812 κοινὸς
588 1739 754 1813 αὖθις
778 1743 1050 1819 Ἐβραίων
1073 1749 1164 1803 καὶ
1187 1745 1345 1819 ἡμῶν
1373 1744 1402 1802 ὅ
1436 1746 1562 1818 περὶ
1589 1748 1862 1818 Χριστοῦ·

215 1829 320 1894 οόν
365 1836 440 1903 πῆ
485 1832 589 1905 μὲν
631 1828 831 1904 ὁμοίως
871 1830 1005 1903 ἡμῖν
1043 1845 1161 1896 ταῖς
1201 1827 1330 1900 παρ’
1377 1827 1565 1895 αὐτοῖς
1607 1827 1862 1902 ἑπόμενοι
1887 1849 1927 1882 15

253 1929 495 1990 γραφαῖς
527 1922 604 1971 ἔτι
634 1921 742 1972 νῦν
786 1911 1141 1987 ὁμολογοῦσι,
1183 1916 1261 1985 πῆ
1303 1914 1364 1969 δὲ
1405 1910 1622 1986 μακρὰν
1661 1912 1867 1971 ἀποπί-

255 2019 474 2069 πτουσι,
506 1998 639 2072 μήτε
665 1998 768 2069 τὴν
788 1996 1026 2069 θεότητα
1049 2001 1392 2068 συνορῶντες
1417 1994 1610 2068 αὐτοῦ,
1640 1996 1862 2070 μήτετά

256 2093 404 2140 αἴτια
435 2087 531 2154 τῆς
562 2089 868 2152 παρουσίας
903 2081 1135 2151 εἰδότες,
1168 2079 1302 2153 μήτε
1332 2079 1444 2153 μὴν
1471 2082 1600 2147 τοὺς
1630 2080 1862 2154 χρόνους

256 2166 386 2224 καθ’
435 2163 530 2232 οὓς
571 2165 724 2237 ἥξειν
763 2164 1050 2238 ἀνείρηται
1081 2171 1157 2232 εἰς
1197 2163 1533 2238 ἀνθρώπους
1564 2171 1864 2239 περιδρασ-

256 2250 496 2324 σόμενοι.
573 2254 619 2307 3.
653 2254 710 2306 οἶ
749 2250 852 2323 μὲν
889 2249 993 2321 γὰρ
1035 2256 1112 2306 ἔτι
1151 2250 1241 2305 καὶ
1275 2253 1382 2306 νῦν
1413 2249 1564 2322 ἥξειν
1594 2251 1861 2321 μέλλοντα
1885 2271 1925 2304 20

256 2340 671 2410 προσδοκῶσιν,
703 2333 858 2406 ἡμεῖς
893 2331 945 2390 δ’
978 2332 1085 2406 ἤδη
1115 2334 1218 2406 μὲν
1250 2339 1326 2398 εἰς
1358 2331 1500 2400 ἅπαξ
1531 2331 1862 2391 ἀποδείκνυ-

256 2445 359 2494 μεν
391 2419 645 2494 ἐλθόντα,
677 2421 766 2476 καὶ
793 2421 1059 2492 δευτέραν
1090 2416 1140 2474 δ’
1178 2415 1353 2474 αὐτοῦ
1370 2416 1505 2490 μετὰ
1534 2421 1628 2489 τῆς
1662 2420 1862 2475 ἐνθέου

260 2505 420 2577 δόξης
450 2510 762 2577 παρουσίαν
784 2517 902 2570 ταῖς
925 2507 1036 2560 τῶν
1056 2501 1351 2574 θεοφόρων
1367 2505 1668 2574 προφητῶν
1691 2525 1862 2574 προρ-

259 2589 455 2663 ρήσεσί
489 2612 547 2646 τε
587 2591 674 2645 καὶ
722 2593 1101 2652 διδασκαλίαις
1144 2584 1466 2658 πειθόμενοι
1510 2590 1654 2643 ἰδεῖν
1700 2583 1863 2659 εὐχό-

215 2701 235 2732 d
259 2685 421 2746 μεθα.
488 2677 672 2730 διττοῦ
705 2670 764 2729 δ’
806 2671 961 2737 ὄντος
992 2675 1088 2729 τοῦ
1128 2667 1250 2727 κατ’
1292 2667 1461 2727 αὐτὸν
1501 2668 1669 2741 λόγου
1699 2667 1726 2727 ὁ
1756 2671 1859 2743 μὲν
1881 2690 1923 2722 25

258 2756 522 2830 νεώτερος
553 2754 623 2813 ἂν
647 2767 750 2829 εἴη,
784 2757 916 2829 χθὲς
946 2758 1038 2812 καὶ
1060 2754 1253 2827 πρώην
1276 2761 1352 2821 εἰς
1383 2752 1719 2828 ἀνθρώπους
1751 2760 1858 2811 εἰσ-

258 2843 516 2915 ηγμένος·
571 2838 600 2898 ὁ
645 2842 706 2898 δὲ
755 2838 957 2907 παντὸς
998 2839 1198 2914 χρόνου
1241 2842 1329 2896 καὶ
1371 2838 1597 2897 πάντων
1639 2837 1860 2895 αἰώνων
