1992 3186
574 129 882 172 DEMONST.
911 127 1132 174 EVANG.
1162 128 1238 169 VI.
1272 130 1339 170 18.
1661 126 1766 178 393

287 249 371 302 32.
415 241 636 310 Τούτοις
667 245 788 316 ἑξῆς
821 243 1123 315 ἐπιλέγεται
1145 240 1274 300 “acal
1318 241 1768 316 ἐμφραχθήσεται

160 325 193 401 ἡ
224 327 409 393 κοιλὰς
439 330 551 384 τών
579 325 757 399 ὀρέων
785 351 911 399 μου,
945 330 1036 383 καὶ
1055 325 1518 399 ἐγκολληθήσεται
1548 325 1766 428 φάραγξ

158 409 335 486 ὀρέων
378 414 478 477 ἕως
512 409 731 483 Ἀσαήλ.
803 413 896 468 καὶ
937 409 1413 484 ἐμφραχθήσεται,
1455 407 1522 467 ὃν
1559 409 1767 485 τρόπον
1794 441 1813 464 e

160 494 438 569 ἐνεφράγη
489 493 596 551 ἀπὸ
643 493 945 567 προσώπου
996 498 1098 552 τοῦ
1149 498 1378 568 σεισμοῦ
1428 498 1488 552 ἐν
1538 493 1767 568 ἡμέραις

115 603 135 636 5
153 576 327 648 Ὀζίου
358 580 628 651 βασιλέως
651 577 882 636 Ἰούδα.”
961 578 1147 645 κοιλὰς
1193 579 1255 635 δε
1302 582 1362 636 ἐν
1399 577 1613 645 τούτοις
1651 583 1765 635 τῶν
1788 596 1874 640 [180]

156 662 334 737 ὀρέων
363 666 460 720 τοῦ
490 666 630 719 θεοῦ
659 668 740 728 τίς
770 659 840 719 ἂν
871 672 955 733 εἴη
979 659 1012 734 ἢ
1045 659 1078 734 ἡ
1110 661 1246 718 κατὰ
1268 660 1366 719 τὸν
1396 664 1646 728 Μωσέως
1676 661 1766 719 νό-

156 771 263 821 μον
294 750 355 804 έν
383 750 449 820 τῇ
471 743 827 819 Ἰερουσαλὴμ
857 744 1026 803 πάλαι
1056 744 1326 820 πρότερον
1357 749 1767 819 συντελουμένη

158 831 438 903 σωματικὴ
479 831 570 885 καὶ
605 827 882 900 Ἰουδαϊκὴ
923 835 1222 903 θρησκεία,
1275 827 1347 901 ἣν
1397 828 1766 902 ἄποκλεισθή-

158 924 358 972 σεσθαι
393 910 575 984 ὥσπερ
607 909 1073 986 άποφραχθεῖσαν
1103 909 1131 969 ὁ
1162 911 1356 987 παρών
1387 912 1544 985 λόγος
1568 921 1766 971 θεσπί-

94 1020 135 1051 10
159 1005 234 1067 ζει
265 995 498 1070 φάσκων
519 995 650 1053 ((καὶ
683 995 1133 1070 ἐμφραχθήσεται
1164 995 1198 1069 ἡ
1231 996 1416 1064 κοιλὰς
1449 1002 1562 1055 τῶν
1591 994 1767 1070 ὀρέων

156 1106 292 1155 μου,
325 1083 416 1137 καὶ
449 1079 913 1153 ἐγκολληθήσεται
953 1079 1168 1154 φάραγξ
1209 1078 1385 1155 ὀρέων
1417 1085 1518 1146 ἕως
1542 1079 1764 1152 Ἀσαὴλ,

157 1167 248 1222 καὶ
282 1162 798 1238 ἐμφραχθήσεται;”
844 1169 926 1222 33.
961 1163 1095 1221 ἀνθ’
1143 1157 1222 1221 ὧν
1260 1161 1289 1221 ὁ
1321 1164 1622 1270 Σύμμαχος
1668 1187 1767 1222 πε-

156 1247 388 1321 ποίηκε“
393 1245 508 1305 καὶ
534 1247 982 1351 ἐμφραχθήσεται
1005 1245 1038 1321 ἡ
1064 1246 1280 1322 φάραγξ
1305 1253 1416 1306 τῶν
1438 1247 1616 1323 ὀρέων
1638 1272 1765 1321 μου,

157 1335 246 1389 καὶ
282 1338 360 1389 ἔτι
392 1336 567 1404 ἐγγιεῖ
591 1332 624 1404 ἡ
656 1331 872 1407 φάραγξ
901 1335 1014 1389 τών
1042 1330 1220 1406 ὀρέων
1242 1331 1378 1407 πρὸς
1407 1331 1467 1390 τὸ
1501 1338 1812 1407 παρακεί-

94 1440 135 1472 15
157 1440 354 1489 μενον,
405 1418 497 1472 καὶ
539 1414 1048 1489 ἐμφραχθήσεται,”
1108 1415 1182 1472 δι’
1239 1441 1319 1474 ων
1369 1425 1667 1491 παρίστησι
1709 1414 1765 1473 τὸ

157 1510 335 1557 αἴτιον
364 1503 459 1571 τῆς
493 1502 905 1573 ἐμφραχθείσης
935 1499 1235 1572 φάραγγος.
1307 1506 1364 1557 τί
1392 1502 1454 1557 δε
1495 1525 1567 1572 ην
1605 1503 1767 1557 τοῦτο

156 1581 280 1640 ἀλλ’
318 1580 351 1654 ἢ
383 1582 443 1639 τὸ
477 1586 690 1655 ἐγγίσαι
720 1582 897 1653 αὐτὴν
934 1585 1027 1639 καὶ
1058 1582 1358 1654 πλησιάσαι
1396 1587 1474 1658 τῷ
1502 1606 1767 1655 παρακει-

156 1670 304 1742 μένῳ
337 1663 507 1740 αῦτῇ;
550 1671 712 1723 τοῦτο
755 1668 814 1723 δὲ
845 1659 915 1738 ἦν
953 1667 1013 1723 τὸ
1042 1669 1141 1723 τοῦ
1170 1673 1368 1739 κυρίου
1411 1666 1537 1741 ὅρος
1567 1667 1627 1724 τὸ
1657 1670 1768 1723 τών

159 1754 358 1807 ἐλαιῶν
372 1753 894 1823 προωνομασμένον,
914 1748 1049 1823 ὅπερ
1065 1749 1268 1822 Ἀσαὴλ
1294 1750 1606 1824 ὠνόμασται
1620 1750 1769 1821 παρὰ

93 1859 134 1890 20
156 1848 269 1901 τοῖς
324 1832 717 1907 ἑβδομήκοντα.
810 1838 893 1890 34.
945 1838 1106 1906 δηλοῖ
1155 1837 1218 1891 δὲ
1268 1838 1428 1891 τοῦτο
1481 1833 1616 1891 κατὰ
1667 1832 1769 1906 τὴν

149 1914 421 1992 Ἐβραίων
459 1918 657 1990 φωνὴν
696 1924 922 1990 ποίησιν
951 1921 1109 1975 θεοῦ.
1172 1916 1317 1975 οὕτω
1359 1919 1447 1991 δὲ,
1491 1920 1692 1990 φησὶν,
1733 1917 1766 1989 ἡ

157 1999 362 2058 παλαιοὶ
393 2000 610 2076 φάραγξ
641 2000 996 2074 πλησιάσασα
1025 2007 1101 2077 τῷ
1141 1999 1259 2075 ὅρει
1299 2004 1388 2058 καὶ
1430 2005 1498 2075 τῇ
1528 2005 1771 2076 Χριστοῦ

158 2088 419 2160 ἐκκλησίᾳ
462 2091 537 2161 τῷ
580 2109 640 2142 τε
685 2084 944 2158 ποιήματι
988 2089 1128 2142 θεοῦ
1181 2085 1631 2161 ἐμφραχθήσεται
1677 2088 1767 2142 καὶ

157 2165 679 2241 ἀποκλεισθήσεται,
710 2166 775 2226 ὃν
805 2167 1010 2242 τρόπον
1032 2169 1309 2242 ἐνεφράγη
1330 2167 1437 2226 άπὸ
1468 2168 1768 2242 προσώπου

15 2310 23 2317 ,
94 2275 136 2308 25
156 2255 260 2310 τοῦ
290 2257 517 2325 σεισμοῦ
561 2257 620 2310 ἐν
658 2251 883 2326 ἡμέραις
909 2250 1084 2322 Ὀζίου
1123 2256 1393 2325 βασιλέως
1423 2252 1622 2310 Ἰούδα.
1681 2258 1765 2310 35.

159 2342 332 2408 ζητῶν
365 2338 424 2393 δὲ
449 2337 582 2408 παρ’
617 2340 832 2413 ἐμαυτῷ
857 2339 948 2393 καὶ
971 2335 1066 2403 τὰς
1086 2344 1247 2404 θείας
1265 2335 1498 2410 περιιών
1526 2335 1761 2411 γραφὰς,
1788 2356 1877 2397 (291)

161 2428 216 2475 εἴ
239 2441 370 2477 ποτε
403 2423 461 2477 ἐν
491 2434 610 2486 ταῖς
639 2419 867 2493 ἡμέραις
893 2418 1065 2489 Ὀζίου
1096 2417 1129 2492 ἡ
1177 2423 1420 2477 ἐνταῦθα
1453 2421 1767 2492 δηλουμένη

160 2501 376 2575 φάραγξ
411 2503 688 2577 ἐνεφράγη
719 2501 826 2561 ἀπὸ
850 2502 1151 2576 προσώπου
1173 2507 1270 2560 τοῦ
1296 2506 1544 2575 σεισμοῦ,
1582 2506 1642 2559 ἐν
1664 2503 1767 2575 μὲν

160 2598 280 2651 ταῖς
309 2589 421 2642 τῶν
450 2591 758 2644 Βασιλειῶν
803 2593 1064 2660 ἱστορίαις
1094 2585 1264 2643 οὐδὲν
1294 2585 1586 2658 ηὕρισκον·
1633 2584 1767 2642 οὐδὲ

98 2691 140 2723 30
164 2665 266 2739 γὰρ
299 2672 616 2740 σωματικῶς
647 2668 766 2726 κατ’
800 2669 968 2726 αὐτὸν
999 2669 1221 2742 σεισμὸς
1251 2669 1493 2741 γεγονὼς
1512 2714 1526 2740 ‚
1559 2667 1686 2726 οὔτε
1715 2694 1766 2726 τι

162 2754 376 2808 τοιοῦτο
399 2755 524 2825 περὶ
546 2751 828 2826 φάραγγος
855 2757 913 2809 ἐν
931 2752 1123 2818 αὐταῖς
1142 2756 1432 2826 εἰρημένον
1458 2752 1767 2825 ἀναγέγρα-

162 2857 306 2892 πται.
368 2839 449 2892 36.
486 2840 786 2910 ίστορεῖταί
809 2861 871 2908 γε
900 2836 1010 2909 μὴν
1034 2835 1204 2904 Ὀζίας
1241 2840 1300 2893 ἐν
1330 2835 1524 2910 ἀρχαῖς
1557 2842 1765 2902 δίκαιος
