1992 3186
543 113 852 156 DEMONST.
875 113 1095 155 EVANG.
1128 115 1181 154 V.
1212 115 1394 156 21—23.
1651 114 1755 167 343

724 267 854 327 Ἀπὸ
883 272 983 327 τοῦ
1004 268 1183 343 Ὠσηέ.

265 378 385 431 Περὶ
406 378 490 421 τοῦ
512 377 636 421 θεοῦ
657 372 802 432 λόγου
829 376 912 420 καὶ
934 378 1018 420 τοῦ
1038 372 1215 432 πατρὸς
1244 373 1306 427 (ὃς
1327 377 1434 432 περὶ
1456 380 1642 433 κυρίου.
1788 404 1806 426 c

274 492 421 542 XXII.
461 476 587 538 “013
617 478 691 553 μὴ
718 483 1093 553 ἐγκαταλείψω
1117 483 1217 537 τοῦ
1243 482 1638 555 ἐξαλειφθῆναι
1661 480 1760 540 τὸν

144 563 369 638 Ἰακώβ,
401 562 484 622 ὅτι
513 564 646 631 θεὸς
679 564 786 637 ἐγώ
817 571 960 638 εἰμι,
992 566 1086 621 καὶ
1116 561 1220 622 οὐκ
1250 562 1548 637 ἅνθρωπος
1580 569 1642 624 ἐν
1672 569 1759 624 σοὶ

107 677 128 708 ι
150 649 333 723 ἅγιος,
364 651 455 706 καὶ
486 645 588 706 οὐκ
619 648 1002 722 εἰσελεύσομαι
1027 655 1105 716 εἰς
1127 647 1316 707 πόλιν·
1358 646 1534 707 ὀπίσω
1558 656 1759 726 κυρίου

148 731 544 809 πορεύσομαι.”

285 821 468 875 Ταῦτα
508 819 600 874 καὶ
644 816 735 874 διὰ
785 815 998 874 τούτων
1036 815 1065 874 ὁ
1116 817 1249 884 θεὸς
1282 816 1440 890 λόγος
1473 822 1758 889 ἐνανθρω-
1786 841 1809 874 d

149 901 327 974 πήσας
369 901 505 976 πρὸς
543 899 671 968 τούς
711 898 1016 974 ἄνθρωπον
1068 899 1238 959 αὐτὸν
1282 899 1470 975 ἅγιον,
1523 901 1644 960 ἀλλ’
1690 902 1758 961 οὐ

149 984 287 1043 θεὸν
319 987 462 1044 εἶναι
491 981 924 1058 ὁμολογοῦντας,
965 982 1098 1052 θεὸς
1139 984 1248 1058 ἐγώ
1278 992 1416 1059 εἰμι,
1457 989 1624 1061 φησὶ,
1667 989 1760 1045 καὶ

85 1097 126 1128 10
149 1069 251 1128 οὐκ
281 1068 579 1144 ἅνθρωπος
612 1072 673 1127 ἐν
696 1070 784 1126 σοὶ
807 1066 974 1142 ἅγιος.
1016 1073 1063 1127 2.
1094 1069 1210 1127 εἶτα
1231 1069 1371 1127 θεὸν
1394 1066 1563 1128 αὑτὸν
1588 1070 1762 1129 εἰπών

147 1153 244 1212 τὸν
284 1156 374 1212 ἐπὶ
413 1152 638 1212 πάντων
677 1152 871 1227 κύριον
915 1157 1008 1212 καὶ
1047 1153 1188 1211 θεὸν
1226 1156 1317 1211 καὶ
1348 1156 1557 1228 πατέρα
1587 1151 1760 1213 αὑτοῦ

153 1243 339 1312 δηλοῖ,
374 1236 675 1310 ἐπιλέγων
679 1235 879 1296 ὀπίσω
910 1244 1110 1315 κυρίου
1150 1237 1525 1314 πορεύσομαι)
1606 1239 1667 1296 τὸ
1699 1240 1762 1297 δε

157 1319 283 1380 οὐκ
315 1321 698 1396 εἰσελεύσομαι
730 1329 811 1389 εἰς
841 1319 1042 1381 πόλιν”
1077 1319 1426 1398 αρνουμένου
1449 1320 1520 1381 ἂν
1545 1332 1630 1397 εἴη
1660 1323 1763 1396 τὴν

151 1405 346 1478 κοινὴν
376 1408 468 1463 καὶ
489 1405 718 1480 δημώδη
742 1403 1063 1481 ανθρώπων
1087 1413 1389 1481 πολιτείαν,
1419 1409 1483 1481 ἧς
1513 1410 1606 1466 καὶ
1634 1408 1762 1476 τοὺς

89 1518 129 1549 15
154 1495 331 1556 ἰδίους
369 1489 621 1564 μαθητας
662 1487 990 1565 ἆποτρεπων
1029 1494 1204 1564 φησὶν
1236 1490 1356 1559 “seg
1397 1488 1531 1550 ὁδὸν
1574 1495 1762 1550 ἐθνῶν

151 1574 224 1648 μὴ
265 1573 544 1648 ἀπέλθητε
597 1576 688 1634 καὶ
733 1581 811 1641 εἰς
862 1574 1025 1633 πόλιν
1065 1581 1431 1650 Σαμαρειτῶν
1472 1573 1545 1648 μὴ
1590 1578 1761 1634 εἰσέλ-

150 1656 346 1731 θητε.”

713 1810 845 1869 Ἀπὸ
875 1817 981 1869 υοῦ
1004 1810 1195 1886 ’.Αμοός
1784 1837 1874 1879 (250)

153 1918 271 1972 Περὶ
302 1919 386 1962 τοῦ
417 1920 624 1974 σωτῆρος
651 1913 785 1975 ἡμῶν
814 1935 874 1968 ως
903 1919 1012 1971 περὶ
1041 1922 1233 1973 κυρίου,
1267 1919 1349 1962 καὶ
1380 1920 1464 1963 τοῦ
1494 1915 1671 1974 πατρὸς
1699 1936 1761 1970 ως

88 1992 130 2024 20
237 1976 345 2028 περὶ
366 1976 514 2031 θεοῦ,
546 1975 629 2018 καὶ
649 1976 734 2031 τῆς
757 1976 841 2018 τοῦ
856 1971 1104 2019 Ἰουδαίων
1127 1974 1306 2025 ἔθνους
1326 1978 1674 2031 καταστροφῆς.

285 2089 451 2137 ΧΧΙΙΙ.
493 2073 892 2153 “Κατέστρεψα
930 2077 1072 2151 ὑμᾶς
1103 2077 1292 2145 καθώς
1332 2081 1702 2153 κατέστρεψεν
1730 2077 1758 2136 ὅ
1785 2105 1807 2138 b

151 2160 282 2228 θεὸς
325 2160 554 2235 Σόδομα
595 2164 686 2218 καὶ
726 2160 1010 2238 Γόμορρα,
1052 2165 1144 2219 καὶ
1187 2164 1448 2235 ἐγένεσθε
1491 2158 1565 2228 ὡς
1597 2162 1762 2229 δαλὸς

155 2246 552 2319 ἐξεσπασμένος
579 2249 638 2303 ἐκ
668 2244 859 2320 πυρός.
914 2248 1006 2303 καὶ
1036 2243 1160 2303 οὐδ’
1194 2244 1367 2314 οὕτως
1394 2248 1762 2319 ἐπεστρέψατε

154 2328 288 2404 πρός
319 2354 414 2403 με,
447 2331 593 2402 λέγει
624 2327 870 2404 κύριος.”

90 2450 133 2482 25
281 2410 592 2471 Κάνταῦθα
633 2413 797 2480 αὐτὸς
840 2413 868 2470 ὁ
909 2412 1098 2488 κύριος
1141 2411 1280 2471 θεόν
1318 2412 1443 2471 τινοῖ
1482 2435 1620 2486 φησι
1661 2412 1764 2485 τὴν

158 2497 245 2551 ἐπὶ
286 2496 559 2571 Σοδόμων
601 2496 990 2572 καταστροφὴν
1029 2499 1414 2570 πεποιηκέναι,
1456 2500 1638 2570 ἕτερος
1684 2493 1763 2554 ὧν

159 2579 370 2651 δηλαδὴ
409 2585 506 2637 τοῦ
548 2581 683 2654 πρὸς
722 2580 897 2640 αὐτοῦ
937 2583 1297 2654 δηλουμένου.
1370 2585 1418 2636 2.
1462 2582 1555 2637 καὶ
1599 2582 1659 2637 ἐν
1696 2584 1763 2655 τῇ

159 2663 246 2718 ἐπὶ
266 2662 539 2736 Σοδόμων
570 2666 631 2722 δὲ
660 2669 1015 2740 καταστροφῇ
1049 2663 1152 2722 δύο
1176 2663 1356 2739 κύριοι
1379 2670 1762 2739 παρίστανται,

272 2857 296 2894 3
330 2853 406 2896 Os.
433 2856 497 2902 11,
521 2857 558 2896 9.
734 2859 785 2897 15
815 2857 979 2900 Matth.
1007 2858 1072 2907 10,
1097 2858 1137 2898 5.
1311 2859 1363 2898 21
1395 2856 1545 2898 Amos.
1567 2858 1608 2908 4,
1633 2858 1698 2897 ll.
