1992 3186
282 140 392 194 514
961 142 1208 184 EUSEBII

283 261 375 315 καὶ
419 258 524 331 ἐγὼ
564 251 743 330 ἦλθον
784 254 1117 330 ἀναγγεῖλαί
1155 277 1239 316 σοι
1279 256 1362 315 ὅτι
1402 257 1543 333 ἀνὴρ
1578 262 1891 333 ἐπιθυμιῶν

283 342 353 401 σὺ
386 343 462 413 εἷ,
495 344 586 398 καὶ
619 339 916 414 ἐννοήθητι
949 345 1008 399 ἐν
1038 345 1116 418 τῷ
1145 341 1372 417 ῥήματι,
1414 347 1506 400 καὶ
1536 342 1701 413 σύνες
1734 350 1795 404 ἐν
1824 349 1891 420 τῇ

280 424 515 500 ὀπτασίᾳ
555 424 636 483 ὅτι
667 422 809 499 ἀνὴρ
846 430 1160 500 ἐπιθυμιῶν
1193 428 1246 483 εἷ
1273 425 1359 483 σύ.
1424 432 1471 485 3.
1509 428 1890 502 ἑβδομήκοντα

284 509 589 583 ἑβδομάδες
620 509 1055 583 συνετμήθησαυ
1098 514 1187 568 ἐπὶ
1217 509 1315 569 τὸν
1357 510 1492 569 λαόν
1530 531 1632 570 σου
1674 517 1765 570 καὶ
1800 517 1890 571 ἐπὶ

278 592 379 666 τὴν
419 593 581 652 πόλιν
619 594 720 668 τὴν
759 592 953 668 ἁγίαν,
996 599 1094 652 τοῦ
1139 600 1579 669 συντελεσθῆναι
1618 596 1890 671 ἁμαρτίαν
1913 624 1932 656 5

279 680 369 735 καὶ
411 683 510 736 τοῦ
551 685 855 752 σφραγίσαι
894 678 1162 755 ἁμαρτίας
1203 683 1295 737 καὶ
1335 684 1434 738 τοῦ
1463 679 1765 749 ἀπαλεῖψαι
1793 681 1890 749 τάς

277 761 535 836 ἀνομίας,
579 767 671 820 καὶ
715 767 815 821 τοῦ
857 763 1217 832 ἐξιλάσασθαι
1267 762 1486 832 ἀδικίας
1525 769 1618 822 καὶ
1659 764 1890 839 ἀγαγεῖν

280 847 643 921 δικαιοσύνην
675 847 932 922 αἰώνιον,
975 851 1066 906 καὶ
1096 854 1193 907 τοῦ
1225 857 1529 924 σφραγίσαι
1572 849 1768 924 ὅρασιν
1798 853 1890 907 καὶ

274 931 598 1006 προφήτην,
623 936 714 990 καὶ
737 937 838 990 τοῦ
859 948 1046 1006 χρῖσαι
1069 931 1228 1006 ἅγιον
1251 932 1442 1006 ἁγίων.
1505 938 1551 990 4.
1579 937 1670 991 καὶ
1697 934 1887 1010 γνώσῃ

274 1019 364 1074 καὶ
397 1017 655 1090 συνήσεις
687 1016 795 1075 ἀπὸ
830 1016 1021 1086 ἐξόδου
1053 1017 1219 1090 λόγου
1259 1022 1358 1075 τοῦ
1395 1016 1770 1092 ἀποκριθῆναι
1794 1021 1886 1077 καὶ
1910 1052 1951 1084 10

274 1105 374 1158 τοῦ
403 1106 763 1175 οἰκοδομῆσαι
786 1101 1144 1177 Ἰερουσαλὴμ
1177 1106 1276 1170 ἕως
1301 1107 1544 1176 Χριστοῦ
1575 1100 1889 1177 ἡγουμένου

276 1184 581 1258 ἑβδομάδες
634 1184 768 1243 ἑπτά
830 1189 923 1243 καὶ
973 1186 1278 1260 ἑβδομάδες
1330 1186 1731 1260 ἑξηκονταδύο,
1796 1191 1887 1245 καὶ

163 1292 252 1333 (382)
280 1272 594 1345 ἐπιστρέψει
612 1315 626 1342 ,
660 1273 752 1328 καὶ
782 1270 1281 1345 οἰκοδομηθήσεται
1313 1279 1543 1328 πλατεῖα
1569 1275 1661 1328 καὶ
1690 1287 1885 1345 τεῖχος,

275 1356 366 1410 καὶ
397 1353 819 1427 κενωθήσονται
850 1360 906 1411 οἱ
933 1357 1134 1429 καιροὶ,
1167 1358 1260 1413 καὶ
1290 1354 1422 1429 μετὰ
1453 1354 1548 1421 τὰς
1574 1355 1887 1429 ἑβδομάδας

273 1437 366 1504 τάς
391 1438 757 1511 ἑξηκονταδύο
784 1439 1316 1514 ε’ξολοθρευθήσεται
1349 1455 1570 1514 χρῖσμα,
1603 1442 1695 1497 καὶ
1719 1447 1885 1514 κρίμα
1909 1472 1949 1503 15

271 1521 374 1580 οὐκ
405 1530 556 1580 ἔστιν
589 1527 649 1581 ἐν
680 1522 856 1599 αὐτῷ,
902 1527 993 1581 καὶ
1035 1523 1136 1596 τὴν
1166 1523 1328 1581 πόλιν
1360 1526 1451 1581 καὶ
1482 1526 1542 1581 τὸ
1573 1523 1732 1597 ἅγιον
1765 1530 1888 1582 δια-

270 1617 482 1681 φθερεῖ
508 1606 615 1666 σὺν
644 1612 720 1684 τῷ
752 1605 1041 1685 ἡγουμένῳ
1072 1613 1148 1685 τῷ
1181 1612 1486 1685 ἐρχομένῳ,
1525 1611 1616 1666 καὶ
1651 1608 1887 1681 ἐκκοπή-

272 1710 462 1748 σονται
495 1696 555 1749 ἐν
585 1697 980 1769 κατακλυσμῷ,
1013 1695 1105 1750 καὶ
1138 1696 1238 1759 ἕως
1262 1695 1458 1759 ,τέλους
1482 1695 1725 1766 πολέμου
1749 1711 1886 1751 συν-

269 1779 607 1850 τετμημένου
668 1776 1032 1850 ἀφανισμοῖς,
1086 1780 1176 1834 καὶ
1232 1778 1551 1851 δυναμεόσει
1605 1776 1885 1849 διαθήκην

269 1869 492 1927 πολλοῖς
527 1860 765 1934 ἑβδομὰς
795 1869 923 1934 μία,
967 1864 1058 1918 καὶ
1093 1865 1152 1919 ἐν
1181 1865 1259 1938 τῷ
1297 1858 1477 1933 ἡμίσει
1512 1865 1607 1931 τῆς
1641 1859 1883 1933 ἑβδομά-
1905 1890 1947 1923 20

270 1950 364 2010 δος
404 1942 709 2018 ἀρθήσεται
747 1952 924 2002 θυσία
963 1947 1054 2001 καὶ
1097 1944 1342 2016 σπονδὴ,
1388 1946 1479 2000 καὶ
1523 1946 1611 2000 ἐπὶ
1640 1942 1700 2001 τὸ
1733 1945 1883 2019 ἱερὸν

220 2051 242 2082 b
270 2032 557 2100 βδέλυγμα
587 2034 699 2084 τῶν
732 2027 1061 2100 ἐρημώσεων
1093 2034 1270 2100 ἔσται,
1305 2030 1396 2085 καὶ
1428 2031 1529 2093 ἕως
1560 2036 1882 2096 συντελείας

270 2114 467 2184 καιροῦ
497 2114 784 2168 συντέλεια
818 2111 1119 2184 δοθήσεται
1150 2115 1239 2169 ἐπὶ
1268 2110 1371 2185 τὴν
1404 2111 1734 2185 ἐρήμωσιν.”

396 2200 444 2252 5.
488 2199 596 2267 Τῆς
619 2199 718 2252 τοῦ
737 2194 1026 2254 Ἰουδαίων
1051 2203 1253 2263 ἔθνους
1279 2203 1355 2263 εἰς
1379 2199 1691 2267 Βαβυλῶνα
1724 2199 1881 2268 ἑβδο-

267 2282 668 2352 μηκονταετοῦς
711 2286 1085 2354 αἰχμαλωσίας
1127 2286 1203 2346 εἰς
1245 2282 1413 2354 πέρας
1454 2278 1563 2352 ἤδη
1604 2288 1879 2337 συνελαυ-
1901 2308 1944 2341 25

268 2363 490 2438 νούσης,
521 2368 596 2441 τῷ
616 2363 835 2436 Δανιὴλ
867 2363 1146 2440 εὐξαμένῳ
1173 2361 1250 2430 εἷς
1280 2369 1393 2421 τῶν
1422 2362 1599 2436 ἁγίων
1630 2372 1876 2434 λειτουρ-

266 2452 383 2520 γῶν
422 2452 524 2506 τοῦ
561 2452 703 2506 θεοῦ
731 2447 980 2524 Γαβριὴλ
1023 2447 1051 2506 ὁ
1085 2447 1419 2523 ἀρχάγγελος
1461 2451 1746 2521 ἐπιφανεὶς
1777 2448 1878 2520 τὴν

265 2531 578 2590 ἀνανέωσιν
621 2539 715 2607 τῆς
740 2529 1099 2608 Ἰερουσαλὴμ
1145 2530 1342 2589 αὐτίκα
1373 2533 1493 2590 τότε
1534 2534 1624 2589 καὶ
1665 2529 1770 2589 οὐκ
1801 2538 1906 2599 εἰς,

265 2617 482 2691 μακρὰν
513 2624 741 2675 ἔσεσθαι
771 2625 1039 2690 θεσπίζει,
1071 2615 1167 2675 τόν
1189 2641 1248 2674 τε
1278 2618 1413 2690 μετὰ
1436 2615 1537 2688 τὴν
1566 2615 1878 2673 ἀνανέωσιν

265 2700 434 2772 αὐτῆς
466 2700 666 2774 χρόνον
698 2708 776 2769 εἰς
808 2706 946 2760 ἐτι-ὄν
975 2701 1218 2776 ἀριθμὸν
1247 2709 1573 2775 περιορίζει,
1619 2701 1874 2772 προλέγει
1898 2727 1940 2759 30

220 2816 236 2838 c
264 2807 323 2840 τε
355 2782 427 2849 ὠς
457 2785 591 2856 μετὰ
621 2783 723 2858 τὴν
754 2784 1067 2860 ὡρισμένην
1097 2792 1445 2859 προθεσμίαν
1478 2777 1641 2850 αὖθις
1672 2793 1874 2840 καθαι-

266 2866 589 2941 ρεθήσεται,
622 2871 712 2925 καὶ
745 2872 817 2936 ὡς
847 2870 951 2942 τὴν
983 2874 1250 2944 δευτέραν
1291 2866 1636 2943 ὑπομείνασα
1666 2865 1874 2924 ἅλωσιν
