1992 3186
567 157 873 200 DEMONST.
903 158 1124 201 EVANG.
1155 161 1208 204 V.
1242 162 1281 200 3.
1626 158 1727 210 307

118 274 333 348 φωνὴν,
367 275 459 330 καὶ
489 271 592 346 τὴν
614 268 758 347 “πρὸ
790 272 1081 347 ἑωσφόρον
1110 273 1417 346 γεγέννηκά
1440 270 1559 346 σε,”
1593 272 1725 347 μεθ’

117 357 285 431 ὅρκου
329 359 390 415 δὲ
441 355 886 430 διαβεβαιῶσεως
937 356 1192 415 ἄσειστον
1239 360 1330 415 καὶ
1371 357 1729 431 ἀπαράβατον

118 443 268 521 αὐτῷ
296 442 398 516 τὴν
421 440 585 515 τιμὴν
610 445 706 514 τῆς
732 448 809 508 εἰς
832 440 1062 516 ἄπειρον
1087 445 1262 499 αἰῶνα
1290 448 1547 517 διαρκοῦς
1574 448 1728 516 [8900-

119 527 290 601 σύνης
321 532 710 601 παραδίδωσιν
734 522 954 600 εςῶμοσε
984 525 1173 600 κύριος
1204 529 1295 584 καὶ
1326 526 1390 585 οὐ
1422 536 1730 600 μεταμελη-

73 635 94 668 5
116 611 367 685 θήσεται,
401 613 471 669 σύ
503 610 683 686 ἱερεὺς
715 617 793 678 εἰς
821 611 918 668 τὸν
949 608 1180 668 αἰῶνα.”
1226 617 1273 668 8.
1308 618 1389 677 τίς
1422 610 1471 668 δ’
1510 609 1579 668 ἂν
1612 615 1730 668 ἐπι-

117 711 319 770 νοοῖτο,
351 694 473 754 ον’τι
498 693 566 768 δὴ
590 693 794 768 θνητὸς
814 693 974 770 ἀνὴρ,
1000 693 1137 752 ἄλλα
1161 694 1294 752 οὐδε
1318 702 1414 768 τῆς
1438 693 1730 768 ἀγγελικῆς

116 780 364 888 φύσεως,
406 778 518 837 ὑπὸ
558 784 696 837 θεοῦ
736 780 839 853 μὲν
880 782 1271 852 γεγενημένος,
1327 786 1404 845 εἰς
1449 786 1626 838 αἰῶνα
1669 783 1728 837 δε

118 867 440 938 ιερωμένος,
493 859 524 936 ἢ
565 862 731 936 μόνος
770 862 798 920 6
850 866 942 920 καὶ
994 868 1053 920 ἐν
1103 877 1217 929 τοῖς
1258 863 1510 937 πρόσθεν
1557 864 1729 922 εἰπών

107 945 332 1021 “κν’ριος
365 950 549 1005 ἔκτισέ
574 973 641 1021 με
672 946 848 1021 ἀρχὴν
877 947 1028 1004 ὁδῶν
1060 946 1233 1006 αὐτοῦ
1264 954 1341 1015 εἰς
1373 955 1506 1021 ε’ργα
1537 947 1726 1021 αὐτοῦ,

53 1057 92 1088 10
118 1031 222 1105 πρὸ
253 1036 354 1090 τοῦ
384 1037 584 1099 αἰῶνος
617 1035 956 1105 ἐθεμελίωσέ
980 1056 1066 1105 με,
1101 1035 1162 1089 ἐν
1191 1029 1334 1106 άρχῇ
1363 1032 1468 1103 πρὸ
1499 1038 1596 1090 τοῦ
1627 1032 1728 1107 όρη

118 1120 494 1191 ἑδρασθῆναι,
525 1115 630 1191 πρὸ
665 1117 724 1172 δε
755 1114 980 1173 πάντων
1010 1122 1236 1189 βοννῶν
1264 1122 1439 1192 γεννᾷ
1468 1114 1602 1189 με;”
1637 1120 1728 1174 καὶ

115 1200 384 1276 πρόσσχες
419 1202 479 1258 δε
513 1204 779 1274 ἐπιμελῶς
809 1200 906 1258 τὸν
934 1204 1075 1258 νοῦν
1107 1199 1402 1274 ἐπιστήσας
1431 1207 1508 1277 τῷ
1538 1225 1597 1258 τε
1628 1224 1728 1258 πα-

117 1285 270 1358 ρόντι
306 1289 517 1362 Ψαλμῶ
549 1288 642 1342 καὶ
671 1298 790 1353 ταῖς
823 1287 882 1342 ἐν
910 1289 986 1362 τῷ
1018 1283 1124 1360 πρὸ
1153 1283 1354 1342 τούτου
1392 1292 1728 1358 παρατεθεί-

117 1388 238 1437 σαις
269 1383 498 1442 φωναῖς.
571 1375 620 1428 9.
656 1372 717 1426 ἐν
757 1370 860 1442 μὲν
898 1369 1004 1444 γάρ
1035 1368 1210 1446 τούτῳ
1242 1366 1269 1426 6
1302 1367 1566 1427 άνωτάτω
1597 1369 1729 1436 θεὸς

53 1477 94 1509 15
118 1452 439 1527 σύνθρονον
489 1451 585 1510 τὸν
639 1451 904 1527 δεύτερον
955 1455 1047 1510 καὶ
1087 1452 1245 1527 ἡμῶν
1291 1452 1486 1526 κύριον
1528 1456 1732 1512 ἑαυτοῦ

116 1543 413 1611 καθιστησι
443 1533 657 1610 λέγων
661 1533 864 1594 κάθου
906 1539 964 1593 ἐκ
995 1540 1193 1604 δεξιῶν
1221 1553 1353 1610 μου
1454 1542 1516 1595 ἐν
1560 1540 1621 1595 δε.
1650 1544 1726 1595 τῶ

116 1621 221 1695 πρὸ
240 1620 438 1679 τούτου
467 1621 565 1679 τὸν
593 1619 806 1694 θρόνον
837 1627 914 1688 εἰς
945 1624 1122 1679 αἰῶνα
1152 1624 1352 1688 αἰῶνος
1385 1621 1722 1695 διαμένειν
1698 1647 1726 1679 ο

115 1705 273 1778 λόγος
295 1713 522 1779 ἔφησεν,
539 1701 675 1779 ὁμοῦ
697 1706 836 1764 θεὸν
861 1702 1033 1763 αὐτὸν
1053 1704 1415 1779 ἀναγορεύων
1438 1703 1513 1762 δι’
1532 1708 1611 1763 ῶν
1623 1731 1726 1779 φη-

116 1809 205 1847 σιν
233 1786 296 1847 “ὁ
323 1788 530 1864 θρόνος
554 1807 656 1847 σου
687 1786 715 1846 6
740 1788 871 1857 θεὸς
894 1795 970 1857 εἰς
1001 1789 1100 1847 τὸν
1131 1793 1308 1847 αἰῶνα
1338 1794 1436 1847 τοῦ
1469 1788 1723 1857 αἰῶνος.”

51 1897 93 1929 20
118 1879 197 1931 10.
242 1873 412 1932 πάλιν
453 1878 513 1932 ἐν
553 1898 656 1947 μεν
694 1877 772 1951 τῷ
809 1897 945 1948 μετα
995 1888 1182 1948 χειρας
1213 1870 1501 1950 “ράβδον”
1550 1877 1727 1947 φησὶν

107 1954 433 2032 “δυνάμεως
475 1961 823 2027 ἐξαποστελεϊ
866 1977 954 2016 σοι
983 1957 1172 2033 κύριος
1215 1962 1274 2016 ἐκ
1306 1956 1529 2016 Σιῶν·”
1577 1963 1637 2016 ἐν
1670 1958 1720 2015 δ’

117 2046 309 2119 ἐκείνω
346 2039 593 2118 ’(ράβδος
637 2041 941 2116 εὐθύτητος
981 2039 1014 2115 ἡ
1061 2042 1268 2118 ῥάβδος
1307 2046 1401 2116 τῆς
1443 2049 1727 2114 βασιλείας

115 2123 272 2184 σου.”
335 2129 424 2184 καὶ
467 2120 633 2194 αὖθις
674 2126 702 2184 6
733 2127 837 2201 μὲν
867 2125 1062 2202 παρῶν
1092 2145 1265 2200 φησιν
1286 2125 1510 2184 ’(κάθου
1542 2131 1602 2184 ἐκ
1634 2133 1727 2185 δε-

115 2214 246 2279 ξιῶν
285 2235 420 2285 μου,
465 2215 568 2277 ἕως
610 2208 681 2268 ἂν
720 2214 810 2269 θῶ
839 2210 966 2278 τούς
999 2210 1237 2286 ἐχθρούς
1270 2229 1372 2269 σου
1415 2207 1728 2269 ὑποπόδιον

52 2317 92 2349 25
116 2300 227 2353 τῶν
277 2299 469 2353 ποδῶν
520 2314 649 2368 σου,
703 2297 795 2352 καὶ
835 2294 1284 2369 κατακυριεύσεις
1325 2299 1386 2352 ἐν
1424 2298 1573 2372 με’σω
1615 2301 1727 2352 τῶν

119 2381 337 2454 ἐχθρῶν
360 2398 462 2437 σου
477 2377 528 2405 ·”
578 2376 606 2436 6
635 2380 695 2436 δὲ
718 2375 1086 2454 πρόσθεν“τὰ
1111 2382 1245 2452 βέλη
1265 2399 1368 2437 σου
1391 2376 1725 2452 ἠκονημένα,

120 2464 340 2535 δυνατὲ,
375 2466 433 2520 ἐν
463 2469 666 2539 καρδίᾳ
695 2466 807 2521 τῶν
839 2467 1058 2538 ἐχθρῶν
1087 2468 1186 2520 τοῦ
1217 2460 1544 2536 βασιλέως.”
1598 2461 1725 2519 οὖκ-
1750 2500 1757 2517 ‹

118 2551 220 2602 οῦν
272 2549 363 2602 καὶ
413 2547 478 2604 τὰ
523 2549 648 2620 περὶ
697 2552 811 2606 τῶν
862 2551 1084 2622 ἐχθρῶν
1123 2551 1220 2605 τοῦ
1276 2548 1624 2620 δηλουμένου
1667 2549 1726 2604 ἐν

117 2627 446 2702 ἀμφοτέροις
485 2631 733 2708 συνᾴδει.
820 2636 902 2690 11.
945 2639 1027 2698 τίς
1073 2634 1212 2703 δῆτα
1259 2623 1363 2688 οὖν
1410 2629 1726 2703 ὀφθαλμοῖς

54 2737 94 2771 30
115 2711 264 2786 ὁρῶν
297 2715 356 2770 ἐν
384 2715 574 2786 με’σαις
603 2729 722 2783 ταῖς
752 2714 981 2773 πόλεσιν
1012 2723 1073 2773 ἔν
1094 2738 1154 2772 τε
1177 2713 1383 2788 κῶμαις
1407 2716 1498 2771 καὶ
1523 2713 1727 2789 χῶραις

118 2794 251 2855 καθ’
284 2794 413 2870 ὅλης
451 2820 511 2854 τε
549 2802 645 2871 τῆς
675 2801 1001 2873 οἰκουμένης
1031 2798 1317 2866 ἄνθούσας
1355 2798 1450 2866 τὰς
1488 2803 1588 2856 τοῦ
1621 2819 1725 2856 σω-

117 2885 279 2956 τῆρος
308 2879 467 2955 ἡμῶν
498 2884 814 2958 ἐκκλησίας,
857 2883 984 2951 τούς
1014 2907 1073 2941 τε
1104 2881 1239 2958 πρὸς
1270 2882 1441 2941 αὐτοῦ
1468 2907 1726 2958 κυριευο-

1319 2976 1428 3029 20*
