1992 3186
612 133 921 176 DEMONST.
951 133 1171 175 EVANG.
1202 134 1328 174 vm.
1362 136 1400 175 2.
1704 132 1807 184 539

196 248 350 323 βάνω
391 253 719 320 δηλοῦσθαι.
799 253 913 305 102.
959 247 1032 315 ὡς
1084 247 1189 323 γὰρ
1245 247 1503 323 ἀνωτέρω
1563 245 1807 322 ὠνόμαζε

195 332 449 408 χριστοῦς
479 329 821 406 ἡγουμένους
851 331 978 400 τοὺς
1009 330 1281 407 ἀρχιερεῖς
1312 333 1490 405 λέγων
1514 329 1654 400 “ἔως
1688 358 1807 407 χρι-

194 423 327 475 στοῦ
350 413 714 491 ἡγουμένου,”
742 415 839 475 τὸν
861 414 1031 475 αὐτὸν
1051 416 1257 490 τρόπον
1277 415 1411 491 μετὰ
1437 421 1684 484 ἐκείνους
1715 420 1813 488 καὶ

192 502 295 575 τὴν
326 506 558 560 ἐκείνων
588 500 936 560 κατάπαυσιν
975 501 1077 559 οὐκ
1119 500 1281 568 ἄλλος
1312 497 1618 575 ἡγούμενος
1651 501 1808 576 ἐρχό-

149 610 170 642 5
193 610 357 659 μενος
388 582 422 660 ἢ
453 582 480 644 ὁ
518 589 791 659 δηλωθεὶς
825 590 877 654 ἐξ
909 583 1228 659 ἀλλοφύλου
1259 589 1455 657 γένους
1486 589 1578 644 καὶ
1609 591 1666 643 οἱ
1691 594 1806 644 λοι-
1837 619 1854 641 c

192 674 285 729 ποὶ
317 671 436 728 ὅσοι
467 675 704 745 καθεξῆς
734 668 854 745 μετ’
890 675 1135 737 ἐκείνους
1159 669 1437 743 ἡγήσαντο
1462 674 1559 728 τοῦ
1582 677 1806 742 ἔθνους,

190 756 299 813 σὺν
329 753 411 822 οἷς
442 758 536 812 καὶ
583 755 714 829 μεθ’
767 757 874 857 ὠν,
917 751 1155 827 ωσπερεὶ
1187 770 1476 827 συνεργοῖς
1507 754 1805 859 χρώμενος,

191 842 221 896 ὁ
251 839 547 914 μισόκαλος
578 842 669 897 καὶ
699 845 811 897 τῶν
841 836 1075 912 ἀγαθων
1106 837 1355 913 φθορεὺς
1389 842 1479 896 καὶ
1510 840 1613 912 τὴν
1643 839 1807 897 πόλιν

190 927 283 982 καὶ
323 923 383 982 τὸ
423 923 585 997 ἅγιον
625 930 960 998 διαφθερεῖν
991 933 1218 996 εἴρηται.
1294 928 1410 984 103.
1444 927 1537 981 καὶ
1575 923 1679 997 γὰρ
1721 931 1807 982 δι-

125 1032 165 1064 10
192 1011 457 1082 ἔφθειρεν
486 1006 711 1082 ἀληθῶς
756 1005 906 1065 ἅπαν
934 1005 994 1064 τὸ
1026 1014 1222 1081 ἔθνος,
1268 1008 1389 1065 τοτὲ
1432 1009 1535 1081 μὲν
1579 1008 1681 1080 τὴν
1710 1015 1806 1081 τῆς

191 1093 498 1166 ἱερωσύνης
539 1092 694 1161 τάξιν
739 1099 816 1160 εἰς
846 1100 1198 1166 παρανομίαν
1228 1090 1410 1165 ἄγων,
1452 1093 1572 1149 τοτὲ
1621 1093 1680 1149 δὲ
1710 1093 1806 1150 τὸν

188 1177 369 1235 πάντα
410 1176 546 1236 λαόν
578 1179 958 1250 διαστρέφων,
998 1179 1091 1234 καὶ
1133 1175 1235 1250 τὴν
1279 1175 1442 1234 πόλιν
1484 1174 1653 1250 (οὕτω
1693 1182 1806 1234 τῶν

187 1268 430 1320 πολιτῶν
459 1262 844 1335 μεταφορικῶς
872 1257 1308 1336 ὠνομασμένων)
1329 1267 1406 1328 εἰς
1438 1259 1700 1334 ἀσέβειαν
1722 1264 1805 1319 ἐκ·

187 1346 540 1419 καλούμενος.
583 1345 816 1422 συνᾴδει
843 1346 904 1402 δὲ
923 1341 1081 1447 ἡμῶν
1101 1350 1167 1420 τῇ
1192 1344 1456 1403 ἀποδόσει
1479 1348 1572 1403 καὶ
1601 1341 1803 1404 ὁἈκύ-
1830 1369 1853 1402 d

127 1453 169 1485 15
191 1439 290 1497 λας
313 1435 510 1489 τοῦτον
531 1429 874 1505 ἑρμηνεύσας
897 1429 994 1486 τὸν
1017 1429 1250 1504 τρόπον
1255 1426 1367 1486 καὶ
1391 1428 1495 1502 τὴν
1517 1428 1681 1488 πόλιν
1711 1432 1803 1487 καὶ

189 1513 249 1572 τὸ
280 1514 440 1588 ἀγιον
466 1521 765 1589 διαφθερεῖ
786 1512 914 1582 λαός
945 1513 1258 1588 ἡγουμένου
1279 1513 1615 1615 ἐρχομένουῖ
1622 1510 1799 1571 ²104.

190 1598 257 1656 οὐ
279 1599 452 1672 μόνον
474 1599 577 1674 γὰρ
599 1595 626 1656 ὁ
661 1598 951 1674 ἐρχόμενος
981 1597 1308 1672 ἡγούμενος,
1339 1594 1367 1654 ὁ
1400 1598 1538 1654 κατὰ
1566 1597 1632 1654 τά
1664 1594 1803 1655 ἀπο-
1827 1622 1914 1664 [2291

191 1683 511 1758 δεδομένα“
484 1696 619 1757 ημῖν
651 1685 966 1756 δηλωθεὶς,
980 1685 1267 1756 διέφθειρε
1295 1679 1399 1754 τὴν
1426 1681 1591 1740 πόλιν
1620 1684 1711 1739 καὶ
1742 1682 1802 1740 τὸ

189 1767 378 1841 ἅγιον,
411 1766 550 1825 ἀλλά
581 1770 673 1825 καὶ
703 1764 731 1824 ὁ
763 1766 962 1825 τούτου
994 1766 1140 1835 λαός.
1213 1777 1355 1824 εἴποι
1399 1765 1451 1823 δ’
1488 1765 1558 1824 ἄν
1588 1791 1669 1832 τις
1699 1764 1802 1824 οῦκ

127 1875 169 1907 20
192 1849 298 1909 ἀπὸ
329 1858 541 1910 σκοποῦ
572 1854 663 1909 καὶ
694 1850 790 1910 τὸν
813 1848 1094 1925 Ῥωμαίων
1123 1850 1368 1925 ἡγεμόνα
1400 1850 1491 1908 διὰ
1521 1854 1635 1908 τῶν
1665 1851 1825 1924 προ-’

191 1939 461 2010 κειμένων
485 1940 795 2009 δηλοῦσθαι
819 1935 917 1994 τόν
931 1960 989 1994 τε
1011 1935 1211 1994 τούτου
1229 1936 1383 2008 λαὸν,
1411 1932 1484 1992 δι’
1511 1927 1580 1992 οῦ
1602 1942 1803 2009 νομίζω

192 2028 565 2094 σημαίνεσθαι
594 2020 662 2078 τὰ
692 2020 1038 2095 στρατόπεδα
1060 2024 1172 2080 τῶν
1195 2016 1476 2094 Ῥωμαίων
1498 2016 1802 2092 ἀρχόντων,

194 2109 247 2173 ἐξ
281 2108 495 2165 ἐκείνου
526 2105 921 2179 κρατησάντων
943 2108 1043 2163 τοῦ
1061 2112 1291 2178 ἔθνους,
1324 2112 1380 2163 οἳ
1400 2107 1492 2162 καὶ
1515 2104 1618 2177 τὴν
1641 2103 1805 2161 πόλιν

192 2188 368 2262 αὐτὴν
392 2186 750 2264 Ἰερουσαλὴμ
780 2192 873 2247 καὶ
902 2189 1000 2248 τὸν
1029 2189 1198 2247 πάλαι
1224 2193 1282 2247 ἐν
1305 2187 1447 2264 αὐτῇ
1477 2188 1682 2262 σεμνὸν
1712 2191 1804 2246 καὶ

127 2297 170 2328 25
193 2272 353 2346 ἅγιον
391 2273 536 2332 νεών
576 2277 921 2349 διέφθειραν.
993 2279 1108 2332 105.
1140 2271 1251 2331 ὑπὸ
1289 2273 1501 2331 τούτων
1542 2279 1683 2345 γοῦν
1711 2275 1804 2329 καὶ

195 2357 532 2431 ἐξεκόπησαν
563 2355 635 2426 ὦς
670 2363 728 2416 ἐν
759 2364 1126 2435 κατακλυσμῷ
1158 2360 1249 2416 καὶ
1289 2361 1389 2424 ἔως
1426 2359 1616 2424 τέλους
1640 2359 1805 2413 πολέ-

193 2465 301 2514 μου
331 2446 778 2516 συντετμημένου
817 2440 1152 2516 ἀφανισμοῖς
1195 2448 1479 2514 ἔφθασαν,
1527 2438 1665 2497 ὥστε
1694 2437 1802 2511 ἤδη

194 2525 331 2582 κατὰ
381 2525 483 2598 τὴν
533 2534 876 2600 προφητείαν
931 2530 1175 2598 παντελῆ
1226 2517 1523 2598 ῦπομεῑναι
1570 2527 1803 2598 ἐρημίαν

190 2606 328 2681 μετα
356 2607 459 2681 τὴν
487 2609 624 2667 κατὰ
653 2615 750 2667 τοῦ
781 2615 1024 2683 σωτῆρος
1064 2609 1222 2682 ἡμῶν
1253 2607 1557 2681 ἐπιβουλὴν
1595 2604 1800 2680 αὐτῶν,
1827 2631 1914 2671 (400)

130 2714 173 2746 30
195 2691 327 2766 μεθ’
364 2690 436 2764 ἣν
460 2696 550 2750 καὶ
573 2694 674 2765 τὴν
698 2693 932 2767 ἐσχάτην
953 2691 1260 2766 ὑπέμειναν
1289 2698 1629 2766 πολιορκίαν.
1664 2698 1804 2766 ἔχεις

196 2779 287 2834 καὶ
317 2781 491 2834 ταῦτα
519 2774 759 2851 ἀκριβῶς
793 2781 851 2835 ἐν
880 2793 998 2844 ταῖς
1028 2785 1358 2852 γραφείσαις
1385 2774 1534 2853 αὐτῷ
1561 2774 1803 2852 Ἰωσήπῳ

196 2866 477 2936 ἱστορίαις.
551 2867 666 2920 106.
701 2861 912 2920 τούτων
954 2863 1013 2919 δὲ
1055 2864 1181 2934 περὶ
1221 2868 1333 2919 τῶν
1371 2859 1805 2934 συμβεβηκότων
