1992 3186
573 116 878 160 DEMONST.
908 117 1128 159 EVANG.
1162 117 1242 159 XI.
1275 118 1314 157 7.
1337 118 1378 158 8.
1663 114 1768 168 589

155 233 367 308 μήποτε
406 231 728 306 προσκόψῃς
769 232 904 306 πρὸς
944 239 1110 291 λίθον
1148 231 1245 290 τὸν
1275 230 1420 290 πόδα
1449 250 1569 290 σου.
1632 232 1767 304 πρὸς

153 317 223 376 ὃν
263 319 292 376 ὁ
333 316 523 391 κύριος
553 313 712 390 ἡμῶν
741 314 1065 391 ἀποκριθεὶς
1106 318 1252 390 εἶπε,
1284 318 1618 390 γέγραπται,
1665 314 1769 374 οὐκ

161 401 502 476 ἐκπειράσεις
533 401 729 475 κύριον
770 399 866 459 τὸν
904 400 1045 459 θεόν
1073 399 1228 459 σου.”
1300 405 1384 459 24.
1420 397 1521 459 εἶτ’
1556 403 1674 458 ἐπεὶ
1708 404 1768 458 ἐν

158 493 234 564 τῷ
265 491 550 564 πειρασμῷ
590 485 725 559 μετὰ
755 489 867 543 τῶν
896 493 1144 559 θηρίων,
1186 484 1322 543 κατά
1351 479 1451 544 τὸν
1480 483 1769 559 εὐαγγελι-

113 595 137 628 5
159 569 325 643 στὴν,
368 573 634 646 διέτριβε,
675 577 854 628 ποίων
885 572 946 628 δὲ
975 569 1080 627 οὐκ
1108 569 1550 644 ἀναγέγραπται,
1593 572 1768 644 σαφέ-
1801 603 1818 625 0

155 675 357 728 στερον
386 662 551 712 τοῦτο
582 653 716 712 αὐτὸ
745 651 780 726 ἡ
811 658 910 712 τοῦ
946 659 1180 728 Ψαλμοῦ
1211 662 1521 728 προφητεία
1550 653 1616 712 τά
1647 661 1770 728 εἴδη

156 744 272 797 τῶν
301 746 523 813 θηρίων
546 741 892 812 αἰνιττομένη
916 741 1091 812 φησὶν
1112 737 1142 758 “
1154 741 1242 796 ἐπὶ
1263 738 1472 797 ἀσπίδα
1496 742 1587 797 καὶ
1613 747 1770 812 βασι-

158 829 353 882 λίσκον
394 822 659 897 ἐπιβήσῃ,
699 824 792 880 καὶ
832 822 1233 895 καταπατήσεις
1275 825 1470 882 λέοντα
1508 827 1600 882 καὶ
1641 825 1770 898 δρά-

158 904 380 966 κοντα.”
417 912 524 965 ’25
564 906 728 973 αὐτὸς
757 907 860 980 μὲν
890 900 994 966 οὗν
1023 908 1088 965 τα
1119 905 1462 982 άρχικώτατα
1500 913 1614 967 τῶν
1643 934 1770 982 νοη-

97 1017 139 1049 10
161 996 274 1050 τῶν
303 998 555 1066 θηρίων,
600 993 798 1050 λέοντα
829 994 920 1049 καὶ
967 991 1273 1065 δράκοντα,
1319 990 1530 1051 ἀσπίδα
1574 1017 1632 1050 τε
1676 997 1770 1051 καὶ

159 1083 503 1149 βασιλίσκον,
535 1075 708 1134 αὐτὸν
739 1075 953 1148 δηλαδὴ
973 1076 1070 1134 τὸν
1096 1076 1376 1149 διάβολον,
1408 1080 1500 1134 καὶ
1523 1077 1619 1143 τὰς
1645 1078 1767 1151 μετ’

159 1158 330 1219 αὐτὸν
353 1160 675 1234 ἀρχοντικὰς
698 1163 790 1218 καὶ
815 1159 1059 1235 πονηράς
1079 1160 1342 1235 δυνάμεις
1366 1162 1773 1234 καταπατήσειν

158 1244 583 1319 μεμαρτύρηται.
654 1250 738 1303 26.
772 1259 885 1314 τοῖς
927 1247 990 1303 δὲ
1019 1245 1121 1318 τὴν
1150 1249 1349 1318 ὁμοίαν
1387 1242 1591 1319 ἀρετὴν
1622 1244 1771 1324 αὐτῷ

159 1331 507 1402 κεκτημένοις
524 1340 802 1403 μαθηταῖς
825 1332 917 1388 καὶ
947 1327 1270 1398 ἀποστόλοις
1293 1326 1468 1388 αὑτοῦ
1490 1330 1592 1402 τὴν
1622 1334 1771 1399 ἐξου-
1846 1387 1854 1395 ,

94 1436 136 1469 15
161 1420 290 1471 σίαν
333 1411 496 1480 αὐτὸς
534 1420 634 1472 τοῦ
671 1428 869 1472 πατεῖν
909 1413 1095 1472 ἐπάνω
1133 1412 1321 1488 ὄφεων
1365 1417 1457 1472 καὶ
1488 1422 1772 1484 σκορπίων

162 1504 421 1570 δωρεῖται
461 1495 563 1557 οὐκ
606 1503 714 1556 ἐῶν
759 1496 960 1566 αὐτοὺς
999 1503 1374 1571 πειρασθῆναι
1413 1498 1552 1572 ὑπὲρ
1594 1496 1625 1556 ὃ
1669 1499 1772 1557 δυ’-

158 1599 375 1640 ναιντο·
422 1581 597 1656 μόνου
626 1582 731 1655 γὰρ
762 1574 834 1655 ἦν
864 1582 1038 1641 αὐτοῦ
1069 1581 1128 1640 τὸ
1157 1581 1253 1651 τὰς
1275 1590 1495 1657 χείρους
1520 1588 1580 1641 ἐν
1601 1606 1770 1656 πονη-
1796 1605 1817 1637 d

159 1674 254 1742 ρίᾳ
285 1666 548 1740 δυνάμεις
588 1670 680 1724 καὶ
711 1664 880 1725 αὐτὸν
920 1667 989 1740 δὴ
1019 1667 1116 1724 τὸν
1145 1666 1371 1725 πάντων
1409 1665 1648 1741 ἄρχοντα
1678 1673 1770 1726 καὶ

158 1749 438 1823 τύραννον
468 1757 567 1809 τοῦ
607 1758 808 1819 αἰῶνος
838 1750 1038 1810 τούτου
1067 1756 1134 1826 τῇ
1167 1755 1347 1829 ε’νθέῳ
1391 1749 1566 1809 αὐτοῦ
1597 1752 1771 1810 δυνά-

95 1858 137 1891 20
159 1858 247 1908 μει
278 1845 590 1907 καθαιρεῖν.

699 2045 831 2104 Ἀπὸ
861 2051 960 2103 τοῦ
982 2044 1231 2104 “Ησα“ι’·ου.

291 2183 410 2233 VIII.
457 2168 488 2188 “
506 2178 677 2230 Τοῦτο
707 2179 928 2246 πρῶτον
958 2178 1079 2246 πίε,
1111 2173 1248 2247 ταχὺ
1277 2179 1444 2246 ποίει,
1476 2172 1628 2247 χώρα
1658 2183 1770 2232 Ζα-
1794 2195 1886 2236 (438)

163 2256 404 2330 βουλεὸν,
436 2255 470 2328 ἡ
500 2261 570 2329 γῆ
600 2259 957 2331 Νεφθαλεὶμ,
989 2259 1080 2314 καὶ
1111 2262 1168 2314 οἱ
1195 2259 1372 2316 λοιποὶ
1398 2262 1452 2315 οἱ
1476 2258 1578 2330 τὴν
1594 2280 1774 2330 παρα-

164 2347 291 2398 λίαν
329 2347 739 2414 κατοικοῦντες,
780 2344 872 2398 καὶ
915 2345 1092 2414 πέραν
1129 2346 1228 2399 τοῦ
1261 2340 1572 2414 Ἰορδάνου,
1604 2350 1775 2399 Γαλι-

101 2446 144 2479 25
165 2431 294 2481 λαία
333 2429 446 2481 τῶν
487 2428 702 2498 ἐθνῶν,
745 2422 773 2482 ὁ
814 2425 946 2492 λαός
988 2424 1017 2482 ὁ
1058 2424 1428 2499 πορευόμενος
1470 2430 1531 2483 ἐν
1569 2424 1772 2497 σκότει,

168 2512 315 2565 ἴδετε
355 2511 474 2580 φώς
512 2512 680 2582 μέγα,
721 2511 814 2567 καὶ
853 2524 966 2577 τοῖς
1006 2513 1356 2567 κατοικοῦσιν
1398 2513 1460 2567 ἐν
1499 2509 1651 2586 χώρᾳ
1681 2512 1773 2567 καὶ

168 2597 295 2667 σκιᾷ
334 2591 614 2665 θανάτου,
657 2599 776 2666 φῶς
819 2591 1024 2667 λάμψει
1071 2589 1161 2666 ἐφ’
1194 2592 1350 2667 ὑμᾶς.
1422 2591 1479 2651 τὰ
1512 2602 1774 2652 πλεῖστον

166 2678 267 2732 τοῦ
289 2678 428 2733 λαοῦ
450 2672 480 2733 ὃ
503 2675 807 2749 κατήγαγες
833 2680 892 2735 ἐν
917 2674 1238 2751 εὐφροσύνῃ
1263 2695 1385 2750 σου,
1417 2679 1509 2734 καὶ
1535 2675 1774 2751 εὐφραν-

283 2870 333 2908 17
365 2870 475 2910 Luc.
500 2872 566 2917 10,
591 2872 657 2912 19.
718 2870 820 2911 Cor.
846 2873 883 2919 1,
909 2873 975 2921 10,
1002 2873 1064 2914 13.
1241 2873 1293 2911 22
1325 2873 1400 2913 Es.
1424 2874 1464 2922 9,
1490 2874 1526 2912 1.
