1992 3186
230 108 334 162 282
916 110 1164 151 EUSEBII

231 225 444 299 θρόνου
476 222 706 283 αὐτοῦ.”
767 229 851 280 22.
884 223 1155 298 πρόσσχες
1188 221 1242 280 δ’
1283 217 1386 283 οῦν
1418 228 1683 299 ἐπιμελῶς
1713 232 1839 284 τίνα

232 309 437 383 τρόπον
467 313 575 367 νῦν
612 310 715 382 μὲν
755 311 1137 381 πνευματικαῖς
1167 311 1293 382 περὶ
1334 312 1432 366 τοῦ
1462 309 1629 367 πάλαι
1661 313 1840 382 λέγων

223 393 432 466 Ιησοῦ,
464 396 566 451 τοῦ
594 391 696 464 τὴν
727 391 913 450 εἰκόνα
943 395 1045 450 τοῦ
1082 390 1329 465 ἀληθοῦς
1357 397 1659 470 φέροντος,
1702 397 1839 467 φησὶ

232 474 339 535 τὸ
343 474 489 534 ἰδοῦ
529 475 698 550 ἀνὴρ.
740 475 978 549 ἀνατολὴ
1021 474 1195 550 ὄνομα
1238 474 1402 554 αὐτῷ.
1413 475 1442 496 ”
1513 478 1746 553 σμικρὸν
1779 479 1840 535 δὲ

230 559 446 633 ὑποβὰς
479 557 552 627 ὦς
582 563 708 633 περὶ
741 563 930 634 ἑτέρου
960 559 1117 627 ὄντος
1146 559 1441 633 ἀνατολῆς,
1485 559 1631 638 αὐτῷ
1665 562 1733 634 δὴ
1763 566 1840 639 τῷ
1862 587 1882 619 5

186 667 208 698 d
231 644 352 702 τότε
381 643 613 720 παρόντι
637 644 816 717 Ἰησοῦ
847 649 1094 702 λέλεκται
1117 643 1324 702 “ἅκουε
1357 645 1424 718 δὴ
1450 644 1658 718 Ἰησοῦ,
1700 645 1728 703 ὁ
1762 652 1842 704 ιἐ-

233 729 361 802 ρεῦς
400 728 428 786 ὁ
474 732 670 802 μέγας,
713 730 783 786 σύ
825 731 914 786 καὶ
947 734 1004 786 oc
1030 737 1267 802 πλησίον
1298 748 1427 802 σου,
1471 729 1610 787 διότι
1641 727 1842 804 ἄνδρες
1884 776 1886 778 -

231 813 621 887 τερατοσκόποι
663 819 819 871 εἰσίν.
895 813 1019 871 ι’δοῦ
1049 812 1165 886 ἄγω
1206 813 1302 871 τὸν
1334 813 1537 871 δοῦλόν
1565 838 1673 887 μου
1703 812 1843 872 ἀνα-

230 895 454 970 τολήν.”
518 904 567 955 εἰ
597 896 666 970 δὴ
706 890 810 955 οῦν
848 894 876 954 ὁ
910 897 1067 970 λόγος
1109 890 1179 970 ἦν
1210 901 1336 971 περὶ
1368 900 1659 971 μέλλοντος
1689 897 1842 973 ἥξειν

234 985 451 1056 ἑτέρου,
493 979 869 1056 αληθέστερον
908 1005 1055 1056 παρα
1097 982 1194 1040 τὸν
1233 981 1353 1040 τότε
1403 979 1672 1055 ἀνατολῆς
1712 981 1840 1040 ὄνο-
1864 1008 1904 1040 10

230 1069 562 1139 μαζομένου,
597 1065 764 1124 εἰκών
793 1090 902 1139 αρα
931 1070 1029 1124 τοῦ
1057 1069 1351 1169 μέλλοντος
1390 1064 1542 1139 η’ξειν
1572 1065 1841 1139 ανατολῆς

233 1155 441 1216 ἐκεινος
473 1152 574 1223 ἠν,
609 1150 682 1217 ὡς
715 1153 775 1207 ἐν
807 1149 979 1208 εἰκόνι
1010 1149 1076 1207 οὐ
1107 1149 1280 1223 μόνον
1307 1148 1543 1224 Ἰησοῦς,
1577 1150 1716 1208 ἄλλα
1747 1176 1837 1208 και

120 1256 206 1298 [m]
233 1232 471 1305 ἀνατολὴ
513 1234 1091 1338 προσαγορευόμενος,
1126 1244 1275 1307 εἴγε
1306 1259 1378 1301 ως
1419 1232 1554 1307 πρὸς
1595 1234 1841 1308 παρόντα

231 1317 401 1377 αὐτὸν
431 1317 526 1375 τὸ
530 1317 679 1376 ιδοῦ
710 1318 879 1391 ἀνὴρ,
911 1312 1151 1391 ανατολὴ
1183 1317 1357 1391 ὄνομα
1388 1315 1557 1418 αὐτῷ’
1563 1315 1839 1392 ’ἐλέγετα

230 1409 311 1460 23.
349 1401 570 1468 εἰκότως
601 1395 703 1460 οῦν
733 1406 828 1474 τῆς
860 1403 1070 1469 εἰκόνος
1105 1406 1266 1460 ἕνεκα
1298 1405 1388 1459 καὶ
1394 1394 1578 1488 ὀῦτος
1618 1408 1712 1476 τῆς
1743 1407 1840 1460 τοῦ
1863 1428 1903 1461 15

231 1491 474 1561 σωτῆρος
498 1493 867 1561 προσηγορίας
889 1486 1114 1560 ἠξίωτο
1142 1486 1328 1589 ὥσπερ
1351 1488 1453 1544 οὐν
1476 1489 1567 1544 καὶ
1591 1492 1686 1559 τῆς
1708 1485 1841 1546 ἀνα-

227 1576 415 1645 τολῆς,
466 1572 656 1644 ἐπειδὴ
687 1571 962 1646 σωτήριον
991 1575 1135 1629 θεοῦ
1158 1578 1235 1638 εἰς
1258 1571 1359 1645 τὴν
1381 1569 1615 1628 Ελλάδα
1643 1596 1844 1644 φωνην

229 1654 288 1713 τό
310 1659 410 1714 τοῦ
431 1655 611 1728 Ἰησοῦ
634 1657 991 1729 μεταληφθὲν
1013 1654 1188 1730 ὄνομα
1211 1662 1467 1728 σημαίνει
1488 1672 1496 1680 ·
1536 1654 1718 1713 Ἰσουὰ
1739 1657 1842 1728 μὲν

118 1761 209 1803 (200)
233 1739 336 1813 γαρ
369 1739 494 1814 παρ’
525 1737 796 1813 Ἑβραίοις
828 1747 1090 1813 σωτηρία,
1121 1740 1240 1806 υίὸς
1273 1740 1335 1796 δὲ
1358 1743 1526 1812 Ναυῆ
1550 1737 1697 1811 παρα
1727 1753 1840 1806 τοῖς

232 1822 416 1891 αὐτοῖς
441 1824 661 1883 Ἰωσουὲ
691 1822 1036 1897 ὀνομάζεται·
1080 1821 1293 1882 Ἰωσουὲ
1319 1825 1386 1880 δέ
1405 1826 1554 1880 ἐστιν
1577 1821 1695 1880 ’1αώ
1727 1842 1839 1880 σω-
1861 1848 1902 1881 20

229 1915 419 1982 τηρία,
469 1905 619 1966 τοῦτ’
673 1914 787 1964 ἔστι
833 1910 975 1964 θεοῦ
1017 1906 1304 1981 σωτήριον.
1378 1905 1598 1974 εἰκότως
1641 1917 1837 1964 εἵπου

229 1997 369 2049 θεοῦ
400 1990 673 2065 σωτήριον
707 1994 764 2047 ἐν
794 2004 906 2055 τοῖς
929 1989 1266 2062 Ἑλληνικοῖς
1307 1988 1665 2063 ἀντιγράφοις
1698 1988 1839 2048 ὦνό-

229 2094 447 2148 μασται,
478 2072 605 2132 οὐδ’
643 2072 776 2132 ἄλλο
799 2099 850 2131 τι
870 2071 903 2145 ἢ
924 2073 1021 2131 τὸν
1043 2073 1260 2147 Ἰησοῦν
1282 2069 1418 2132 κατὰ
1441 2073 1543 2147 τὴν
1567 2071 1838 2149 Ἐβραίων

230 2157 427 2232 φωνὴν
458 2160 687 2216 πέπεισο
720 2160 1050 2230 δηλοῦσθαι.

342 2247 425 2299 24.
462 2241 687 2300 Τούτων
710 2245 798 2299 καὶ
824 2244 950 2315 περὶ
973 2247 1068 2315 τῆς
1090 2247 1186 2300 τοῦ
1209 2247 1452 2316 σωτῆρος
1475 2239 1631 2315 ἡμῶν
1661 2262 1835 2314 προσ-
1857 2266 1899 2298 25

229 2336 455 2400 ηγορίας
507 2329 593 2383 ἐπὶ
640 2331 902 2383 τοσοῦτον
953 2331 1258 2399 εἰρημένων
1311 2330 1362 2394 ἐξ
1418 2329 1603 2399 ἑτέρας
1665 2318 1831 2392 αῦθις

229 2409 398 2485 ἀρχῆς
438 2408 534 2468 τὸν
564 2408 729 2482 λόγον
767 2409 1138 2482 ἀναλαβόντες
1182 2413 1268 2467 ἐπὶ
1318 2408 1412 2478 τας
1453 2412 1834 2482 ἐντελεστέρας

230 2497 355 2567 περὶ
389 2494 560 2552 αὐτοῦ
591 2493 929 2567 προφητικάς
959 2491 1268 2562 ἀποδείξεις
1301 2492 1742 2567 μεταβησόμεθα.
