1992 3186
259 128 361 180 346
942 127 1192 168 EUSEBII

259 245 529 317 λουμένης
559 240 838 315 θυγατρὸς
869 240 1041 299 Σιών.
1113 239 1256 298 οὕτω
1299 243 1359 299 δὲ
1397 241 1500 315 τὴν
1532 245 1620 300 ἐπὶ
1651 247 1749 316 γῆς
1781 247 1866 301 ἐκ·

131 339 139 342 ’
213 350 235 381 b
260 335 494 401 κλησίαν
517 330 616 384 τοῦ
637 328 796 397 θεοῦ,
822 323 1007 400 ὥσπερ
1032 324 1155 382 τινὰ
1176 327 1460 401 θυγατέρα
1481 325 1867 400 τυγχάνουσαν

259 415 353 486 τῆς
386 415 755 484 ἐπουρανίου,
786 423 899 476 τοῖς
932 414 1100 480 ἱεροῖς
1130 409 1410 484 γράμμασι
1439 409 1742 469 ἀποκαλεῖν
1771 420 1868 485 φί-

260 504 372 553 λον.
433 499 481 551 3.
515 493 722 566 ταύτην
763 494 824 550 δὲ
863 496 955 550 καὶ
987 492 1389 566 εὐαγγελίζεται
1428 493 1487 552 τὸ
1528 493 1744 568 φάσκον
1774 495 1868 553 λό-

258 604 399 651 γιον,
431 593 587 653 χαῖρε
617 580 709 635 καὶ
741 574 1052 653 εὐφραίνου
1089 576 1336 651 θύγατερ
1360 578 1535 686 Eusw’,
1571 578 1710 636 διότι
1743 578 1867 637 ἰδοῦ
1890 603 1910 636 5

260 670 483 736 ἐρχομαι
507 664 598 719 καὶ
630 661 1040 736 κατασκηνώσει)
1074 665 1133 719 ἐν
1162 665 1310 740 μέσῳ
1335 681 1453 720 σου.
1504 666 1566 720 ἐν
1587 665 1738 741 μέσῳ
1763 664 1868 737 γὰρ

258 750 352 819 τῆς
379 750 670 819 ἐκκλησίας
695 745 791 804 τὸν
813 744 952 804 θεὸν
976 745 1142 819 λόγον
1173 750 1570 848 κατασκηνοῦν
1579 766 1870 806 πεπιστευ-

258 847 457 904 καμεν·
521 855 593 898 ως
638 835 777 904 γοῦν
826 832 918 888 καὶ
961 830 1288 903 ἐπήγγελται
1333 830 1515 905 φήσας
1557 827 1718 889 “ἰδοῦ
1762 830 1868 904 ἐγω

257 914 389 988 μεθ’
439 912 599 989 ὑμῶν
640 918 750 988 εἰμὶ
789 914 966 982 πάσας
1007 940 1100 982 τας
1130 910 1365 989 ημέρας,
1407 918 1508 983 ἕως
1547 921 1642 988 τῆς
1673 936 1871 974 συντε-

258 1005 406 1066 λείας
437 1003 537 1056 τοῦ
566 997 820 1067 αἰῶνος.”
883 1003 931 1055 4.
966 1001 1056 1055 καὶ
1079 997 1259 1056 “ὅπου
1301 999 1403 1057 δύο
1442 1024 1475 1072 η
1517 1014 1663 1074 τρεῖς
1694 1019 1870 1073 συνη-
1894 1024 1932 1056 ιο

216 1115 233 1137 c
261 1085 450 1156 γμένοι
493 1086 637 1142 εἰσὶν
678 1090 756 1149 εἰς
782 1081 860 1140 ’τὸ
904 1081 1090 1155 ἐμὸν
1073 1081 1274 1156 ὄνομα,
1320 1087 1436 1140 ἐκεῖ
1474 1086 1585 1157 εἰμὶ
1627 1087 1689 1141 ἐν
1717 1087 1869 1162 μέσῳ

259 1166 496 1225 αὐτῶν.”
546 1166 772 1225 ἐπειδὰν
790 1168 850 1224 δὲ
867 1165 991 1239 ἐγώ,
1017 1169 1209 1240 φησὶν,
1235 1164 1399 1234 αὐτὸς
1423 1166 1451 1224 ὃ
1477 1166 1666 1243 κύριος
1685 1166 1869 1226 ἐλθών

259 1250 667 1324 κατασκηνώσει)
702 1254 761 1308 ἐν
786 1253 934 1327 μέσῳ
960 1270 1080 1322 σου,
1112 1257 1334 1324 μείζονα
1363 1250 1485 1308 τότε
1509 1256 1720 1323 γνῶσιν
1743 1255 1871 1325 περὶ

258 1339 357 1392 τοῦ
389 1341 528 1392 θεοῦ
558 1340 656 1393 τοῦ
686 1333 1126 1408 παντοκράτορος
1156 1333 1446 1409 ἀναλήψῃ,
1481 1338 1614 1408 ἐμοῦ
1645 1339 1743 1393 τοῦ
1774 1361 1869 1393 κυ-

260 1424 384 1493 ρίου
414 1419 516 1490 τὴν
556 1425 740 1476 αἰτίαν
778 1421 872 1491 τῆς
906 1424 983 1484 εἰς
1014 1415 1351 1492 ἀνθρώπους
1392 1417 1700 1492 ἀποστολῆς
1730 1417 1869 1477 άνα-
1893 1444 1932 1476 15

258 1504 509 1570 τιθέντος
549 1508 623 1579 τῷ
669 1506 1119 1571 ἐξαποστείλαντί
1154 1526 1222 1575 με
1252 1509 1431 1578 πατρί.
1504 1508 1550 1561 5.
1587 1503 1775 1578 γνώσῃ
1811 1505 1870 1561 δὲ

256 1583 338 1643 ὅτι
379 1585 566 1661 κύριος
605 1585 1000 1662 παντοκράτωρ
1039 1583 1348 1644 ἄπέσταλκέ
1373 1611 1440 1659 με
1471 1587 1606 1662 πρός
1639 1608 1716 1646 σε.
1777 1590 1870 1645 καὶ

261 1673 382 1743 ἑξῆς
415 1673 539 1744 περὶ
573 1673 762 1746 ἐτέρου
793 1677 991 1743 κυρίου
1027 1673 1118 1727 καὶ
1157 1677 1297 1728 θεοῦ
1339 1663 1454 1728 ωδέ
1488 1695 1604 1738 πως
1646 1670 1809 1738 αὐτὸς
1839 1668 1866 1728 ὁ

259 1753 446 1827 κύριος
480 1754 767 1828 ἐπιλέγει“
776 1758 868 1812 καὶ
899 1753 1209 1828 κατισχύσω
1235 1754 1436 1821 αὐτοὺς
1461 1760 1522 1812 ἐν
1544 1761 1720 1832 κυρίῳ
1750 1758 1871 1832 θεῳ

260 1835 472 1910 αὐτῶν,
507 1841 597 1896 καὶ
632 1843 691 1896 ἐν
722 1864 797 1916 τῳ
827 1837 1053 1911 ὀνόματι
1085 1835 1256 1894 αὐτοῦ
1288 1838 1688 1912 καυχήσονται
1721 1841 1867 1911 λέγει
1890 1862 1931 1894 20

215 1943 235 1974 d
259 1920 463 1995 κύριος.
473 1920 504 1941 ”
580 1929 725 1988 τίνες
769 1923 829 1979 δε
868 1947 938 1978 αν
983 1922 1103 1978 εἷεν
1136 1945 1187 1977 οι
1230 1925 1289 1978 ἐν
1318 1925 1396 1999 τῷ
1434 1928 1609 1999 κυρίῳ
1649 1921 1868 1996 καυχώ-

257 2028 438 2078 μενοι;

388 2100 574 2148 XXVII.
614 2085 764 2145 τεΚαὶ
797 2091 973 2156 ἕδειξέ
997 2114 1089 2162 μοι
1129 2087 1314 2163 κύριος
1339 2088 1554 2162 Ἰησοῦν
1584 2089 1683 2148 τὸν
1717 2093 1868 2166 ἱερέα

257 2171 353 2228 τὸν
394 2174 595 2245 μέγαν,
641 2174 848 2229 ἑστῶτα
890 2170 995 2245 πρὸ
1036 2173 1335 2248 προσώπου
1374 2172 1611 2246 ἀγγέλου
1649 2180 1862 2246 κυρίου.

258 2257 349 2312 καὶ
382 2255 409 2312 ὁ
443 2254 697 2327 διάβολος
745 2255 982 2329 εἱστήκει
1025 2260 1084 2313 ἐκ
1115 2260 1312 2324 δεξιῶν
1343 2256 1542 2330 αὐτοῦ,
1583 2261 1682 2315 τοῦ
1710 2256 1866 2317 άντι-
1887 2280 1928 2312 25

150 2361 236 2403 [158]
263 2350 484 2397 κεῖσθαι
528 2336 692 2416 αὐτῷ.
763 2343 854 2397 καὶ
897 2341 1016 2398 εἶπε
1055 2339 1242 2413 κύριος
1282 2340 1416 2415 πρὸς
1455 2341 1551 2398 τὸν
1584 2340 1864 2413 διάβολον,

262 2422 575 2497 ἐπιτιμήσαι
615 2422 803 2497 κύριος
848 2427 907 2482 ἐν
946 2427 1068 2497 σοὶ,
1121 2422 1375 2496 διάβολε,
1418 2426 1508 2480 καὶ
1553 2423 1864 2498 ἐπιτιμήσαι

150 2530 236 2569 (253)
262 2506 447 2582 κύριος
482 2511 540 2564 ἐν
570 2510 685 2580 σοὶ,
717 2504 745 2565 ὁ
780 2507 1130 2582 ἐκλεξάμενος
1161 2505 1261 2580 τὴν
1284 2503 1652 2582 Ἰερουσαλήμ.
1660 2505 1692 2527 ”

387 2596 434 2648 2.
476 2590 660 2649 Πάλιν
700 2594 790 2649 καὶ
844 2596 1088 2650 ἐνταῦθα
1127 2589 1154 2648 ὁ
1209 2589 1396 2663 κύριος
1436 2617 1625 2665 ετερον
1669 2591 1865 2666 κύριον

262 2673 603 2749 ἐπιτιμήσειν
633 2680 710 2754 τῷ
735 2676 974 2754 διαβόλῳ
999 2677 1189 2749 φησὶν,
1222 2672 1324 2732 οῦκ
1349 2673 1512 2742 αὐτὸς
1536 2673 1564 2733 ὁ
1596 2681 1864 2752 προσδια-
1887 2699 1928 2731 30

373 2867 397 2905 8
429 2867 589 2906 Matth.
614 2870 681 2920 28,
707 2870 775 2909 ⁶20.
938 2869 988 2908 10
1019 2867 1184 2907 Matth.
1210 2869 1276 2918 18‚
1300 2869 1367 2910 ⁶20.
1513 2871 1566 2909 <23
1598 2869 1734 2909 Zaeh.
1759 2871 1798 2918 3,
1825 2870 1860 2908 1.
