1992 3186
242 147 345 200 348
916 145 1166 187 EUsEssn

130 286 220 327 (254)
363 274 532 323 XXIX.
572 260 720 319 “Kal
751 259 1010 318 ἀνατελεῖ
1042 273 1157 327 τοῖς
1186 263 1556 335 φοβουμένοις
1585 259 1645 318 τὸ
1673 259 1849 335 ὄνομά

240 372 349 420 μου
379 346 529 419 ἥλιος
562 342 947 417 δικαιοσύνης,
989 347 1082 402 καὶ
1124 354 1266 412 ἴασις
1295 351 1448 404 ἔσται
1481 349 1540 404 έν
1569 359 1689 412 ταῖς
1719 346 1849 403 πτέ-

245 434 404 505 ρυξιν
435 427 620 486 αὐτοῦ.
632 425 661 447 ”

363 511 419 571 ‘0
448 511 710 579 πολλάκις
750 510 1086 585 ὀνομασθεὶς
1125 510 1312 585 κύριος
1343 516 1435 570 καὶ
1464 513 1596 581 θεὸς
1626 515 1719 570 καὶ
1749 511 1849 585 ἄγ-

241 606 398 670 γελος
429 599 521 654 καὶ
553 595 1010 670 ἀρχιστράτηγος,
1043 596 1277 669 Χριστός
1307 621 1366 655 τε
1389 599 1539 655 καὶ”
1514 597 1724 672 ιερεὺς,
1757 600 1849 654 καὶ
1870 620 1891 654 5

239 679 398 754 λόγος
437 683 528 738 καὶ
568 686 739 753 σοφία
777 685 917 738 θεοῦ
970 682 1061 737 καὶ
1103 679 1270 738 εἰκών
1318 684 1426 739 νῦν
1478 678 1642 747 αυτὸς
1692 673 1850 747 οὗτος

197 792 215 823 ι]
239 764 391 838 η’λιος
431 767 688 837 κέκληται
721 763 1090 837 δικαιοσύνης.
1162 769 1360 823 τοῦτον
1391 763 1460 838 δὴ
1490 766 1594 822 οὐν
1623 761 1794 823 αυτὸν
1822 761 1851 821 ὁ

238 847 513 922 γεννήσας
552 848 731 922 πατὴρ
771 846 835 906 οὐ
866 864 979 914 τοῖς
1010 852 1211 921 πᾶσιν,
1244 846 1384 906 ἄλλα
1420 848 1608 923 μόνοις
1649 862 1763 916 τοῖς
1792 847 1852 906 τό

239 958 414 1008 ονομα
458 932 631 990 αὐτοῦ
676 936 1046 1006 φοβουμένοις
1102 929 1392 991 άνατελεῑν
1442 935 1853 1035 ἐπαγγέλλεται,

239 1020 403 1092 γέρας
435 1014 621 1083 αὐτοῖς
650 1041 749 1074 του
786 1023 864 1084 εἰς
896 1014 1064 1074 αυτὸν
1087 1015 1269 1090 φόβου
1294 1016 1484 1084 διδους
1514 1016 1574 1075 τὸ
1605 1042 1724 1090 φως
1753 1020 1853 1074 τοῦ
1875 1045 1916 1075 10

238 1105 334 1173 τῆς
368 1099 726 1174 δικαιοσύνης
755 1099 933 1172 ἡλίου.
978 1111 1061 1173 εἴη
1089 1098 1141 1157 δ’
1176 1126 1246 1158 αν
1268 1102 1427 1168 οὗτος
1457 1098 1485 1158 ὁ
1515 1100 1648 1168 θεὸς
1671 1100 1850 1174 λόγος,

238 1184 267 1242 5
302 1181 509 1242 εἰπών
514 1181 645 1257 ἐγώ
677 1191 787 1257 εἰμι
817 1182 877 1242 vd
909 1187 1026 1257 φῶς
1056 1187 1156 1242 τοῦ
1184 1183 1419 1258 κόσμου
1467 1184 1602 1258 ὅπερ
1632 1178 1703 1258 ἧν
1733 1210 1852 1258 φως

238 1267 298 1326 τὸ
340 1275 578 1342 φωτίζον
616 1268 796 1326 πάντα
836 1267 1141 1343 άνθρωπον
1182 1268 1480 1342 ἐρχόμενον
1520 1276 1597 1336 εἰς
1635 1268 1732 1327 τὸν
1763 1269 1851 1326 κό-

241 1371 396 1425 σμον.
404 1350 436 1372 ”
478 1357 526 1410 2.
555 1355 751 1410 τοῦτον
775 1352 844 1424 δὴ
876 1377 999 1423 ουν,
1031 1349 1154 1409 ἀλλ’
1188 1376 1254 1409 ου
1280 1352 1375 1410 τὸν
1399 1351 1689 1426 αἰσθητὸν,
1721 1350 1852 1410 οὐδε

238 1436 337 1493 τὸν
367 1439 625 1509 προφανῆ
655 1451 770 1502 τοῖς
800 1440 934 1493 πᾶσι
965 1444 1204 1508 λογικοῖς
1226 1460 1285 1494 τε
1308 1440 1400 1494 καὶ
1423 1436 1642 1510 ἀλόγοις
1671 1436 1848 1509 ἥλιον,
1874 1459 1914 1492 15

201 1556 217 1577 e
242 1519 380 1576 ἀλλὰ
419 1518 516 1577 τὸν
557 1525 757 1577 ἔνθεον
801 1522 894 1577 καὶ
933 1520 1130 1595 νοερὸν
1181 1523 1273 1577 καὶ
1315 1520 1494 1594 πάσης
1534 1519 1730 1596 άρετῆς
1761 1525 1852 1578 καὶ

237 1603 591 1676 δικαιοσύνης
633 1613 841 1676 αἴτιον,
882 1603 1072 1677 μόνοις
1112 1619 1225 1670 τοῖς
1267 1608 1636 1679 φοβουμένοις
1681 1602 1851 1663 αὐτὸν

235 1687 527 1746 ἀνατελεΐν
570 1690 657 1744 ἐπὶ
697 1691 798 1745 τοῦ
836 1687 1108 1762 παρόντος
1139 1688 1167 1746 5
1198 1688 1330 1756 θεός
1360 1708 1562 1762 φησιν,
1605 1687 1851 1762 ἀποκρύ-

235 1795 389 1829 πτων
421 1769 592 1829 αὐτὸν
622 1776 733 1830 τῶν
763 1769 1020 1840 ἀναξίων.
1069 1775 1193 1846 περὶ
1222 1765 1301 1831 ‹52›
1324 1770 1594 1846 άλλαχόθι
1625 1795 1734 1830 που
1765 1776 1850 1829 λέ-

240 1881 324 1928 γει
347 1854 479 1912 “nal
507 1854 734 1912 δύσεται
757 1852 785 1913 5
808 1855 960 1927 ἥλιος
987 1858 1077 1913 ἐπὶ
1101 1855 1228 1922 τοὺς
1251 1855 1537 1930 προφήτας
1562 1856 1691 1924 τοὺς
1714 1865 1847 1913 πλα-
1871 1882 1912 1915 20

241 1943 455 2007 νῶντας
486 1939 583 1996 τὸν
615 1938 753 1996 λαόν
782 1937 948 2012 μου.”

756 2171 885 2231 Ἀπὸ
915 2180 1012 2231 τοῦ
1037 2171 1316 2249 Ἱερεμίου.

194 2293 217 2325 d
233 2277 356 2342 τε..Ως
336 2298 359 2325 ο
383 2277 499 2330 θεὸς
521 2278 655 2347 λόγος
677 2279 837 2351 κύριος
861 2275 924 2324 ὧν
955 2285 1100 2351 κυριῳ
1123 2281 1186 2337 τῷ
1213 2283 1359 2347 πατρὶ
1389 2279 1534 2339 εὐχὴν
1555 2280 1844 2342 οἷναπέμπει,

551 2334 639 2391 τὴν
663 2338 755 2379 τῶν
778 2333 939 2380 ἐθνῶν
963 2333 1258 2393 ἐπιστροφην
1281 2341 1535 2390 θεσπιἭζων

365 2452 512 2501 XXX.
544 2436 759 2514 “Κύριε
790 2465 823 2512 η
869 2437 1021 2513 ἰσχύς
1063 2465 1171 2513 μου
1211 2443 1303 2497 καὶ
1342 2440 1578 2515 βοήθειά
1609 2466 1716 2516 μου
1755 2446 1846 2500 καὶ
1869 2468 1910 2499 25

239 2522 534 2598 καταφυγή
563 2548 670 2598 μου
697 2528 756 2581 ἐν
779 2522 955 2600 ἡμέρα
978 2530 1245 2597 θλίψεως,
1277 2522 1414 2598 πρὸς
1438 2527 1498 2582 σὲ
1517 2532 1657 2600 ἔθνη
1689 2519 1842 2600 ἥξου-

241 2628 332 2666 σιν
373 2605 470 2665 άπ’
526 2607 757 2682 ἐσχάτου
797 2611 892 2680 τῆς
937 2613 1065 2681 γῆς,
1118 2611 1211 2665 καὶ
1264 2612 1487 2684 ἐροῦσιν
1550 2609 1622 2677 ὡς
1666 2614 1848 2683 ψευδῆ

355 2830 375 2866 1
408 2827 518 2869 Mal.
539 2830 579 2876 4,
604 2830 646 2868 2.
828 2831 878 2868 12
910 2829 982 2872 Jo.
1005 2829 1045 2878 8,
1070 2830 1133 2870 12.
1178 2832 1215 2879 1,
1240 2833 1277 2871 9.
1465 2834 1518 2872 20
1549 2833 1656 2875 Mic.
1678 2835 1717 2883 3,
1741 2834 1780 2872 5.
1806 2833 1844 2874 6.

239 2885 292 2923 25
324 2883 419 2925 Jer.
444 2883 511 2935 16,
538 2885 603 2925 19.
