1992 3186
229 121 334 174 232
908 123 1153 165 EUSEBII

231 236 594 311 εὑρεθήσεται
629 242 688 296 ἐν
728 240 814 295 σοὶ
846 244 1138 311 καθαίρων
1166 236 1263 296 τὸν
1303 238 1429 296 υἱὸν
1469 237 1644 297 αὐτοῦ
1675 236 1706 312 ἢ
1737 238 1839 314 τὴν

228 325 512 395 θυγατέρα
555 322 724 379 αὑτοῦ
776 325 836 378 ἐν
885 323 1051 395 πυρὶ,
1104 321 1512 396 μαντευόμενος
1558 331 1837 397 μαντείας,

229 409 321 463 καὶ
351 405 803 479 κληδονιζόμενος
846 407 937 462 καὶ
961 405 1367 479 οἰωνιζόμενος,
1393 406 1678 481 φαρμακός
1705 406 1838 483 ἐπᾴ-

186 524 202 546 c
232 495 376 562 δων,
433 494 873 562 ἐγγαστρίμυθος
923 492 1015 546 καὶ
1058 490 1453 562 τερατοσκόπος
1494 493 1585 548 καὶ
1635 494 1837 565 ἐπερω-

227 577 339 631 τῶν
368 571 494 640 τοῦς
525 572 774 646 νεκρούς.
826 579 938 631 ἔστι
963 572 1066 647 γὰρ
1099 576 1385 647 βδέλυγμα
1408 581 1584 651 κυρίῳ
1614 579 1690 652 τῷ
1719 577 1838 651 θεῷ
1859 602 1881 635 5

229 677 330 714 σου
362 662 467 725 πᾶς
499 660 674 715 ποιων
703 661 887 714 ταῦτα.
945 660 1135 715 ἕνεκεν
1163 656 1267 732 γαρ
1299 662 1410 716 τῶν
1440 659 1840 731 βδελυγμάτων

227 740 439 798 τούτων
481 740 670 815 κύριος
700 741 728 798 ὁ
770 740 900 808 θεός
939 761 1040 798 σου
1085 741 1471 814 ἐξολοθρεύσει
1503 739 1701 810 αὐτοῦς
1732 741 1840 800 ἀπὸ

228 823 527 898 προσώπου
551 844 668 883 σου.
721 830 925 892 τέλειος
950 831 1046 899 ἔσῃ
1074 829 1328 884 ἐναντίον
1353 834 1550 901 κυρίου
1573 830 1673 884 τοῦ
1701 830 1842 885 θεοῦ

227 908 365 967 σου.’

354 999 402 1050 8.
451 998 687 1051 Τοιαῦτα
726 1018 826 1066 μεν
867 996 959 1050 καὶ
1000 1003 1172 1067 μυρία
1211 992 1349 1051 αλλα
1390 997 1631 1066 θεοσεβῆ
1684 993 1837 1051 διδά-
1862 1023 1904 1054 10

226 1077 403 1150 γματοὲ
455 1101 512 1135 τε
555 1079 646 1134 καὶ
687 1080 1111 1151 παραγγέλματα
1156 1076 1247 1134 διὰ
1289 1081 1540 1144 Μωσέως
1581 1077 1768 1145 αὐτοῖς
1808 1077 1837 1135 ὁ

226 1161 358 1227 θεὸς
390 1161 548 1234 λόγος
579 1160 639 1218 τὸ
660 1164 793 1235 πρὶν
832 1165 1165 1235 ἐνομοθέτει,
1199 1158 1271 1227 ὦς
1297 1165 1356 1219 ἐν
1381 1168 1711 1235 εἰσαγωγαῖς
1741 1165 1842 1219 τοῦ

227 1245 363 1302 κατὰ
398 1243 685 1317 εὐσέβειαν
708 1252 835 1316 βίου
862 1244 1205 1317 παραδιδοὺς
1237 1243 1422 1312 αὐτοῖς
1443 1260 1714 1320 στοιχεῖα,
1748 1246 1838 1302 διὰ

180 1355 202 1387 ‹1
228 1329 524 1403 συμβόλων
555 1337 652 1386 καί
670 1354 818 1396 τινος
845 1329 1117 1397 σκιώδους
1139 1332 1229 1387 καὶ
1251 1336 1561 1403 σωματικῆς
1586 1336 1839 1403 λατρείας

228 1418 289 1471 ἐν
320 1413 566 1486 σώματος
598 1418 862 1487 περιτομῇ
889 1420 986 1470 καί
1005 1439 1175 1471 τινων
1197 1411 1382 1471 ἄλλων
1402 1412 1840 1487 τοιουτοτρόπων
1861 1439 1902 1473 15

228 1499 317 1554 ε’πὶ
371 1501 464 1570 τῆς
505 1502 604 1570 γῆς
646 1500 1116 1571 συντελουμένων.
1189 1509 1235 1555 9.
1281 1497 1353 1564 ὡς
1398 1499 1458 1555 δὲ
1497 1502 1594 1556 τοῦ
1635 1496 1838 1571 χρόνου

227 1580 516 1655 προϊόντος
556 1579 741 1648 οὐδεὶς
781 1586 1046 1640 τοσοῦτον
1076 1585 1168 1639 καὶ
1198 1585 1309 1640 τῶν
1339 1581 1456 1655 μετ’
1504 1580 1676 1640 αὐτὸν
1707 1606 1838 1656 προ-

228 1669 421 1738 φητῶν
454 1672 530 1732 εἰς
561 1663 755 1723 ἄκεσιν
775 1671 887 1724 τῶν
916 1670 1016 1724 τοῦ
1047 1673 1175 1738 βιόυ
1198 1670 1384 1723 κακῶν
1407 1663 1483 1723 δι’
1516 1662 1838 1739 ὑπερβολὴν

229 1756 420 1817 κακίας
453 1758 719 1821 ἔσθενεν,
759 1749 972 1822 ἤλαυνέ
1010 1775 1067 1808 τε
1097 1749 1362 1823 ὁσημέραι
1402 1756 1479 1815 εἰς
1521 1755 1741 1822 μείζονα
1772 1748 1837 1806 τὰ

122 1860 207 1902 [104]
227 1837 320 1906 τῆς
363 1837 682 1907 δαιμονικῆς
725 1837 1030 1906 ἐνεργείας,
1073 1830 1145 1901 ὥς
1185 1836 1274 1890 καὶ
1317 1831 1450 1889 αὐτὸ
1481 1831 1539 1890 τὸ
1564 1829 1836 1904 Ἑβραίων
1857 1860 1901 1892 20

229 1924 393 1984 ἔθνος
415 1922 481 1991 τῇ
503 1924 616 1975 τῶν
637 1917 826 1975 ἀθέων
843 1924 1271 1990 συναπαχθῆναι
1292 1920 1500 1991 φθορᾷ,
1534 1915 1696 1983 αὐτὸς
1729 1914 1835 2020 ἤδη

229 2003 421 2059 λοιπὸν
450 2001 479 2058 ὁ
512 2001 693 2074 σωτὴρ
726 2003 817 2057 καὶ
850 1999 1032 2074 ἰατρὸς
1053 2025 1164 2057 των
1186 1998 1332 2058 ὅλων
1355 2021 1599 2058 κατεισιν
1632 2007 1708 2066 εἰς
1740 1999 1835 2058 ἆν-

227 2083 522 2156 θρώπους,
565 2087 656 2141 καὶ
685 2099 800 2151 τοῖς
831 2091 1052 2152 οἰκείοις
1083 2082 1333 2157 αγγέλοις
1367 2084 1665 2157 ἐπαμύνων
1693 2082 1834 2158 ὑπερ

226 2171 322 2239 τῆς
343 2193 455 2225 των
477 2165 798 2242 ἀνθρώπων
822 2176 1112 2242 σωτηριας,
1145 2168 1291 2226 τοῦτ’
1331 2193 1479 2226 αυτω
1504 2173 1601 2226 τοῦ
1621 2166 1834 2274 ’πατρὸς

230 2251 585 2326 δωρήσεσθαι
628 2255 1149 2326 προυποσχομένου,
1204 2271 1387 2326 ωσπερ
1427 2244 1528 2310 οῦν
1569 2250 1731 2318 αὐτὸς
1773 2255 1831 2308 ἐν
1854 2278 1899 2310 25

235 2344 481 2410 Ψαλμοῖς
516 2335 763 2394 διδάσκει
795 2335 1005 2408 λέγων
1010 2335 1221 2442 “κυ’ριος
1255 2337 1373 2394 εἶπε
1403 2334 1536 2408 πρός
1576 2359 1670 2408 με,
1712 2334 1831 2400 υἱός

226 2445 333 2492 μου
368 2421 421 2478 εἷ
447 2439 546 2492 συ,
583 2418 686 2492 ε’γω
719 2419 960 2493 σήμερον
992 2420 1297 2493 γεγέννηκα
1327 2441 1403 2477 σε.
1447 2429 1665 2492 αἰτησαι
1696 2418 1825 2491 παρ’

230 2507 389 2577 ἐμοῦ,
423 2507 513 2561 καὶ
547 2503 708 2561 δώσω
740 2523 827 2562 σοι
866 2510 1005 2578 ἔθνη
1035 2504 1137 2578 τὴν
1167 2510 1536 2577 κληρονομίαν
1567 2521 1697 2576 σου,
1740 2504 1831 2560 καὶ

226 2588 328 2660 τὴν
358 2587 687 2661 κατασχεσίν
718 2607 819 2646 σου
850 2613 915 2645 τα
947 2592 1153 2662 πέρατα
1183 2593 1277 2660 τῆς
1307 2592 1420 2661 γῆς.

117 2697 204 2736 (163)
358 2677 436 2729 lO.
475 2670 677 2730 Οὐκέτι
698 2676 836 2744 γοῦν
854 2672 1027 2745 μόνον
1047 2672 1143 2730 τὸν
1167 2678 1384 2729 δίκαιον
1401 2673 1490 2728 καὶ
1515 2669 1828 2744 διορατικὸν
1852 2696 1895 2727 30

340 2865 393 2903 26
425 2865 498 2904 Ps.
523 2867 562 2913 2,
588 2867 629 2905 7.
