1946 3158
177 542 196 573 ί)

128 961 194 1005 [70]

176 2144 199 2174 d

225 146 328 199 164
903 147 1152 190 EUSEBH

220 262 423 340 ἐχθρὰς
455 268 552 321 τοῦ
583 260 943 337 ἀνθρωπείου
987 265 1185 335 γένους
1230 261 1372 338 ἀμφὶ
1416 263 1511 323 τὸν
1557 268 1683 338 περὶ
1721 268 1829 338 γῆν

219 346 352 423 άέρα
399 352 717 419 πωτᾶσθαι,
773 350 865 404 καὶ
909 345 1016 405 σῦν
1060 363 1173 416 τοῖς
1218 362 1480 424 πονηροῖς
1523 355 1829 423 διατρίβειν

221 433 483 506 δυνάμεις
531 431 840 535 δαιμόνων,
887 434 979 489 καὶ
1026 435 1355 507 πνευμάτων
1395 438 1685 508 πονηρῶν,
1737 436 1827 491 καὶ

221 543 332 575 των
365 521 424 575 ἐν
454 516 666 584 τούτοις
698 513 1013 591 ἀρχόντων,
1045 513 1142 585 οὓς
1175 519 1341 575 παντὶ
1372 521 1564 576 σθένει
1595 517 1831 591 φεύγειν

219 601 677 675 πεπαιδεύμεθα,
711 607 762 659 εἰ
783 603 874 658 καὶ
905 600 987 659 ότι
1011 600 1246 674 μάλιστα
1276 607 1430 660 θεων
1459 609 1830 677 προσηγορίας
1852 628 1871 661 5

220 690 310 744 καὶ
347 685 503 760 τιμὰς
548 689 764 753 ἑαυτοῖς
795 682 1250 760 υφαρπάζουσιν,
1296 686 1498 760 ταύτης
1531 686 1581 744 δ’
1619 689 1721 746 οὐν
1753 694 1830 745 ἔτι

217 775 429 845 μᾶλλον
446 775 541 844 τῆς
564 777 868 844 θεομαχίας
888 773 979 828 καὶ
1004 776 1099 844 τῆς
1123 775 1500 845 θεοεχθρίας
1479 775 1671 831 ε’νεκεν
1694 770 1833 829 ἀπο-

217 857 479 931 τρεπτέας
505 855 667 928 εἶναι,
699 854 832 913 καθ’
869 853 934 922 ἃς
960 859 1019 913 ἐν
1035 861 1102 931 τῇ
1128 859 1574 930 Προπαρασκευῇ
1600 855 1834 928 πεποιή-

219 951 366 1015 μεθα
401 940 491 998 διὰ
522 947 797 998 πλείστων
830 938 1155 1009 ἀποδείξεις.
1217 947 1441 1000 τοιαῦτα
1471 939 1603 998 ἅττα
1627 939 1832 1015 τυγχά-

219 1050 304 1084 νει
345 1029 437 1083 καὶ
478 1028 537 1084 ἐν
576 1040 689 1092 τοῖς
731 1031 1079 1100 δογματικοΐς
1119 1024 1408 1099 μαθήμασι
1445 1028 1546 1082 τοῦ
1585 1029 1831 1099 σωτῆρος
1857 1050 1895 1083 10
1943 1062 1946 1067 -

220 1107 377 1184 ἡμων
417 1107 836 1183 ἀναφερόμενα,
880 1109 1154 1184 Εβραίων
1192 1114 1303 1167 τῶν
1336 1109 1505 1167 πάλαι
1545 1113 1832 1183 θεοφιλῶν

220 1193 446 1268 άνδρων
486 1218 546 1252 τε
585 1197 676 1251 καὶ
717 1218 1021 1268 προφητων
1063 1193 1324 1269 ἄντικρυς
1366 1192 1570 1268 εὐσεβῆ
1599 1193 1834 1252 παιδεύ-

221 1303 380 1354 ματα
450 1284 534 1336 20.
579 1286 630 1336 εἰ
671 1279 738 1351 δὴ
778 1281 882 1337 οὐν
920 1283 1091 1336 ταῦτα
1132 1279 1335 1352 σεμνα,
1380 1285 1432 1336 εἰ
1471 1278 1750 1353 ωφέλιμα,
1784 1285 1835 1337 εἰ

220 1363 528 1438 φιλόσοφα,
562 1370 614 1422 εἰ
641 1361 837 1438 άρετῆς
866 1383 1066 1438 μεστα,
1099 1370 1245 1422 τίσιν
1277 1362 1518 1436 εὐλόγως
1548 1389 1618 1421 αν
1647 1363 1676 1421 6
1708 1361 1832 1421 τού·

220 1473 332 1507 των
375 1447 707 1515 διδάσκαλος
750 1451 1080 1521 ἐπιγραφείη
1125 1447 1186 1506 τὸ
1226 1453 1323 1507 τοῦ
1372 1447 1588 1506 πλάνου
1629 1446 1831 1522 ὄνομα,
1857 1474 1896 1506 15

220 1531 360 1590 ἀλλὰ
388 1536 560 1591 ταῦτα
590 1533 693 1607 μὲν
717 1531 789 1601 ὥς
819 1536 946 1606 περὶ
977 1538 1167 1591 κοινοῦ
1191 1523 1496 1607 τὴνφύσιν
1526 1531 1833 1606 ἀνθρώπου

221 1621 356 1685 τέως
386 1617 673 1692 ἐξητάσθω
691 1663 705 1690 ,
738 1617 1118 1692 παραστατικά
1147 1624 1243 1690 τῆς
1273 1621 1477 1692 σεμνῆς
1508 1621 1600 1675 καὶ
1629 1625 1833 1691 βιωφε-

222 1710 352 1770 λοῦς
397 1708 759 1771 διδασκαλίας
811 1701 982 1760 αὐτοῦ
1024 1702 1395 1776 τυγχάνοντα·
1450 1706 1586 1776 φέρε
1627 1701 1695 1775 δὴ
1739 1703 1831 1759 καὶ

221 1788 287 1845 τοὶ
319 1787 577 1860 θειότερα
610 1786 966 1860 σκεψώμεθα.

349 1872 440 1930 IV.
489 1877 574 1930 21.
622 1874 732 1930 Καὶ
775 1870 842 1944 δὴ
875 1869 1212 1944 σκεψώμεθα
1250 1869 1400 1929 ὅσων
1430 1873 1521 1928 καὶ
1559 1876 1694 1929 οἵων
1724 1871 1834 1930 σὺν
1855 1897 1895 1928 20

223 1955 546 2031 ἀνθρώποις
577 1955 672 2023 τὰς
697 1954 981 2029 διατριβάς
1005 1957 1370 2029 πεποιημένος
1394 1954 1723 2029 παραδόξων
1746 1959 1832 2029 γε’-

223 2065 354 2112 γονε
387 2038 612 2113 ποιητὴς
654 2046 861 2114 ἔργων,
905 2041 1027 2097 τοτὲ
1055 2041 1158 2113 μὲν
1190 2039 1425 2114 λεπροὺς
1455 2040 1516 2098 τὸ
1547 2045 1705 2115 σῶμα
1737 2046 1833 2098 δυ-

224 2123 383 2198 νάμει
437 2133 569 2200 θεία
620 2130 940 2198 καθαίρων,
983 2126 1102 2182 τοτὲ
1143 2125 1205 2182 δὲ
1245 2123 1620 2199 προστάγματι
1665 2122 1832 2197 λόγου

222 2208 349 2276 τούς
403 2212 463 2266 ἐν
505 2207 826 2281 ἀνθρώποις
873 2214 1138 2282 δαίμονας
1179 2209 1456 2311 ἐλαύνων,
1506 2211 1598 2266 καὶ
1636 2206 1831 2266 άλλοτε

223 2293 390 2351 πάλιν
421 2295 875 2367 νοσηλευομένοις
899 2295 990 2350 καὶ
1014 2300 1295 2361 παντοίοις
1318 2291 1631 2352 άσθενειων
1659 2298 1832 2351 εἰδεσι
1854 2318 1896 2351 25
1945 2315 1946 2325 ¹

223 2381 729 2452 καταπονουμένοις
758 2377 858 2451 τὴν
891 2387 1040 2435 ἰάσιν
1055 2375 1322 2451 ἀφθόνως
1347 2376 1709 2463 δωρούμενος.
1744 2382 1829 2436 22

225 2466 316 2521 καὶ
348 2486 478 2521 ποτε
519 2488 621 2537 μεν
663 2469 837 2537 ἔφησε
883 2466 1238 2538 παραλυτικω
1257 2458 1598 2529 “οἰναστας’
1569 2486 1706 2534 αρον
1735 2461 1832 2520 τὸν

224 2546 502 2621 κράβατόν
555 2568 685 2619 σου,
739 2549 830 2605 καὶ
871 2543 1197 2621 περιπάτει,’
1259 2542 1287 2603 ὁ
1330 2548 1391 2603 δε
1430 2545 1488 2604 τὸ
1529 2547 1832 2605 κελευσθὲν

225 2635 410 2690 ἐποίει.
474 2637 557 2690 23.
591 2641 822 2707 τυφλοῖς
854 2633 915 2689 δὲ
946 2629 1114 2689 πάλιν
1135 2629 1330 2688 ἄλλοτε
1351 2629 1416 2689 τοὶ
1439 2631 1705 2704 βλεπτικα
1734 2633 1835 2689 τοῦ

224 2717 404 2788 φωτὸς
431 2720 703 2791 ἐχαρίζετο
721 2735 731 2746 ’
794 2715 901 2790 ἤδη
934 2719 999 2775 δέ
1019 2738 1148 2774 ποτε
1173 2717 1263 2773 καὶ
1289 2719 1658 2792 αἱμορροοῦσα
1687 2713 1830 2789 γυνὴ
1855 2741 1896 2774 30

224 2815 459 2872 μακραῖς
503 2804 641 2859 ε’τῶν
683 2800 959 2877 περιόδοις
999 2799 1134 2877 πρὸς
1173 2807 1269 2860 τοῦ
1311 2800 1529 2869 πάθους
1561 2825 1833 2874 κατατρυ-

225 2886 427 2959 χομένη
447 2930 461 2957 ,
496 2886 686 2959 ἐπειδὴ
718 2885 861 2962 ἑώρα
891 2892 1063 2962 μυρία
1086 2885 1274 2959 πλήθη
1300 2889 1611 2944 κυκλοῦντα
1644 2883 1831 2957 αὐτὸν,
