1992 3186
535 96 841 138 DEMONST.
871 96 1093 138 EVANG.
1125 99 1180 138 X.
1212 99 1251 138 8.
1608 95 1712 148 683

105 211 392 288 μακρύνῃς
421 210 523 283 τὴν
554 210 824 284 βοήθειάν
853 236 976 286 μου.
989 209 1019 232 ”
1081 218 1162 270 88,
1198 210 1270 278 ὡς
1301 210 1404 285 γάρ
1431 217 1508 278 εἰς
1531 213 1712 285 βραχὺ

107 298 499 369 καταλειφθεὶς
540 295 676 370 πρὸς
715 295 816 369 τὴν
866 300 967 354 τοῦ
1016 294 1228 369 ἀγῶνος
1273 299 1565 368 ἐπίδειξιν,
1620 299 1711 353 καὶ

104 381 274 456 μόνος
305 387 430 454 δίχα
462 385 679 453 βοηθοῦ
710 381 844 455 πρὸς
875 380 971 438 τὸν
1000 380 1249 438 θάνατον
1271 379 1711 453 ἀποδυσάμενος,

105 491 169 524 ευ
202 463 363 532 εἰδώς
392 463 495 538 τὴν
524 464 796 537 βοήθειαν
823 464 927 538 τὴν
957 488 1104 537 παρα
1133 469 1234 523 τοῦ
1254 463 1458 539 πατρὸς
1487 462 1589 522 οὐκ
1618 463 1711 522 αλ-

60 574 81 606 5
105 560 213 617 λως
244 547 393 627 αὐτῷ
423 548 761 622 γενήσεσθαι
801 548 834 621 ἢ
868 549 959 606 διὰ
998 554 1093 622 τῆς
1127 553 1186 606 ἐκ
1217 554 1433 623 νεκρῶν
1471 547 1714 607 ἀναστά-

104 654 275 707 σεως,
330 633 553 700 εἰκότως
606 636 695 690 ἐπὶ
748 638 847 691 τοῦ
888 634 1158 707 παρόντος
1199 632 1417 708 εὔχεται
1461 633 1712 702 διεξόδου

102 735 293 792 τυχεῖν
322 722 416 791 τῆς
446 724 558 775 τῶν
579 717 899 776 ἀντιπάλων
922 718 1287 793 παρατάξεως.
1332 718 1420 776 διό
1443 738 1580 792 φησι
1600 717 1712 775 “σὺ

104 805 184 876 δὲ,
210 803 384 876 κύριε,
410 801 483 875 μὴ
506 802 792 877 μακρύνῃς
814 802 916 875 τὴν
939 802 1210 875 βοήθειάν
1233 827 1358 876 μου,
1393 810 1470 869 εἰς
1492 801 1595 874 τὴν
1617 800 1711 860 άν-
1736 825 1759 858 d

101 895 328 960 τίληψίν
345 911 452 960 μου
471 886 794 960 πρόσσχες.”
842 893 923 945 89.
955 887 1046 944 διὰ
1068 886 1173 960 γάρ
1203 894 1298 960 τῆς
1322 893 1422 960 σῆς
1445 894 1712 960 βοηθείας

40 971 138 1045 ιοὴ
170 972 460 1039 ἀντίληψίς
499 996 591 1044 μοι
635 974 954 1044 γενήσεται,
999 970 1072 1029 δι’
1109 969 1180 1045 ἣν
1219 971 1516 1044 ἀντίληψιν
1545 969 1574 1029 ὁ
1606 977 1712 1038 πᾶς

103 1056 326 1122 εἰκότως
356 1062 766 1129 προγέγραπται
797 1056 1024 1130 Ψαλμὸς
1052 1055 1194 1130 ὑπὲρ
1218 1061 1314 1128 τῆς
1345 1060 1585 1128 ἑωθινῆς
1616 1055 1711 1113 ἄν·

99 1140 386 1214 τιλήψεως.
467 1147 544 1207 εἰς
582 1140 685 1211 τὴν
735 1139 1032 1214 ἀντίληψιν
1073 1146 1370 1213 τοιγαροῦν
1419 1140 1711 1216 πρόσσχες,

101 1228 359 1300 παρέχων
378 1250 478 1299 -μοι
507 1224 608 1297 τὴν
638 1223 771 1283 ὅσον
800 1224 957 1283 οὔπω
988 1224 1125 1282 κατα
1165 1225 1268 1297 τὴν
1299 1229 1370 1282 ἕω
1401 1229 1496 1299 τῆς
1528 1229 1588 1282 ἐκ
1618 1248 1711 1282 νε-

100 1313 252 1384 κρῶν
292 1309 645 1376 ἀναστάσεως
685 1309 1009 1383 ἀντίληψιν,
1056 1302 1119 1382 ἧς
1161 1313 1355 1379 ἐλπίζω
1394 1309 1710 1382 τεύξεσθαι,

36 1417 76 1449 15
104 1394 243 1452 ἐπὰν
280 1393 354 1468 μὴ
394 1393 679 1467 μακρύνας
717 1419 825 1467 μου
866 1393 1041 1467 αὐτὴν
1064 1391 1245 1469 “ῥυ’σῃ
1286 1393 1395 1451 άπὸ
1434 1399 1711 1468 ῥομφαίας

97 1477 201 1552 τὴν
240 1478 426 1585 ψυχήν
465 1503 601 1552 μου,
646 1481 738 1535 καὶ
772 1482 831 1536 ἐκ
873 1479 1051 1553 χειρὸς
1082 1477 1249 1545 κυνὸς
1294 1476 1395 1551 τὴν
1438 1481 1715 1552 μονογενῆ

97 1579 230 1637 μου
289 1562 429 1622 ἐπαν
474 1562 659 1637 σώσῃς
699 1587 767 1636 με
807 1566 867 1621 ἐκ
897 1562 1162 1637 στόματος
1193 1566 1440 1634 λέοντος,
1481 1566 1574 1620 καὶ
1603 1561 1711 1620 ἀπὸ

98 1646 347 1721 κεράτων
376 1671 774 1749 μονοκερωτων
801 1648 905 1721 τὴν
934 1654 1274 1706 ταπείνωσίν
1296 1671 1419 1721 μου.
1450 1645 1594 1704 ’9Ο.
1631 1646 1706 1705 δι’
1736 1668 1826 1709 (507)

99 1756 180 1790 ων
209 1728 447 1805 ηγοῦμαι
477 1729 649 1789 αὐτὸν
678 1731 774 1799 τὰς
805 1738 1208 1806 καταχθονίους
1235 1738 1582 1790 αἰνίττεσθαι
1614 1738 1711 1789 δυ-

32 1837 76 1870 20
98 1814 319 1889 νάμεις,
353 1841 433 1873 ων
462 1815 529 1873 οὗ
561 1815 689 1874 καθ’
725 1813 867 1917 ἡμᾶς
906 1813 977 1874 ἂν
1007 1825 1092 1890 εἴη
1124 1813 1244 1874 κατ’
1281 1817 1427 1885 εἶδος
1471 1822 1713 1900 διαστεί-

101 1909 309 1958 λασθαι
341 1903 434 1957 καὶ
468 1906 701 1974 διελειν,
746 1900 895 1967 ὅπως
925 1901 959 1974 ἡ
989 1904 1092 1974 μέν
1121 1926 1203 1968 τις
1247 1899 1434 1958 αὐτῶν
1463 1897 1711 1975 ῥομφαία
1735 1921 1823 1964 [3161

99 1976 246 2042 οὖσα
275 1982 585 2043 άνετείνετο
599 1983 754 2086 ⁴3uocvso}
782 1990 880 2058 τῆς
911 1989 1090 2060 ψυχῆς
1127 1990 1229 2043 τοῦ
1258 1992 1502 2059 σωτῆρος
1533 1982 1711 2059 ἡμῶν,

99 2065 134 2141 ἡ
169 2071 236 2125 δέ
260 2093 340 2136 τις
370 2068 523 2127 κύων
552 2089 691 2127 ουσα
731 2069 962 2148 θανάτῳ
993 2069 1096 2142 τὴν
1124 2069 1526 2144 θανατηφόρον
1555 2085 1712 2145 χεῖρα

101 2152 511 2226 προυβάλλετο,
546 2160 623 2222 εἰς
645 2152 704 2211 τὸ
723 2153 1093 2223 καθάψασθαι
1113 2154 1299 2228 αὐτῆς.
1346 2160 1429 2212 91.
1456 2155 1543 2212 διό
1573 2173 1711 2228 φησι

34 2259 78 2292 25
95 2233 299 2311 “ῥῦσαι
329 2237 438 2295 ἀπὸ
469 2243 745 2313 ῥομφαίας
782 2239 886 2318 τὴν
923 2239 1111 2312 ψυχήν
1140 2264 1277 2312 μου,
1319 2241 1411 2296 καὶ
1444 2242 1503 2296 ἐκ
1533 2238 1712 2312 χειρὸς

99 2320 266 2387 κυνὸς
295 2320 397 2395 τὴν
426 2329 701 2395 μονογενῆ
731 2319 896 2395 μου.”
957 2322 1098 2394 ἄλλη
1140 2327 1206 2380 δέ
1242 2348 1323 2389 τις
1363 2321 1579 2396 πονηροὶ
1619 2325 1712 2378 καὶ

94 2411 212 2462 τῶν
243 2409 421 2463 ἐκεῖσε
449 2414 670 2479 θηρίων
699 2405 979 2479 ἡγουμένη
1013 2406 1278 2479 δύναμις,
1318 2407 1461 2463 λε’ων
1501 2425 1715 2478 προσα-

95 2492 455 2563 γορευομένη,
485 2489 546 2546 τὸ
577 2489 756 2546 πλατὺ
786 2493 878 2547 καὶ
901 2487 1100 2563 ἀχανὲς
1127 2496 1227 2547 τοῦ
1248 2489 1500 2547 θανάτου
1530 2489 1702 2563 στόμα
1737 2517 1760 2548 b

98 2577 439 2645 διανοίξασα,
465 2573 600 2646 μετὰ
616 2577 728 2630 τῶν
751 2571 938 2631 ἄλλων
957 2579 1070 2631 τῶν
1095 2580 1172 2641 εἰς
1185 2572 1380 2633 ’Ἅιδου
1406 2573 1711 2632 κατιόντων

31 2679 74 2712 30
98 2659 191 2713 καὶ
223 2655 325 2729 τὴν
357 2656 532 2714 αὐτοῦ
566 2657 751 2730 ψυχὴν
780 2673 1071 2716 καταπιεῖν
1102 2655 1348 2732 ὥρμητο,
1392 2657 1579 2733 ὥσπερ
1609 2651 1712 2716 οὖν

60 2767 62 2769 ’
97 2739 266 2798 πάλαι
299 2741 570 2815 πρότερον
600 2743 859 2800 κατέπιεν
879 2739 908 2799 ὃ
927 2741 1168 2808 θάνατος
1192 2742 1438 2816 ἰσχύσας,
1469 2741 1571 2816 οὐχ
1595 2745 1713 2800 ἕτε-

98 2849 191 2898 ρος
224 2822 307 2882 ὢν
336 2831 436 2882 τοῦ
477 2829 724 2896 ἐνταῦθα
765 2829 982 2895 λέοντος
1012 2830 1112 2884 τοῦ
1153 2824 1212 2884 τὸ
1243 2826 1417 2901 στόμα
1447 2827 1583 2884 κατὰ
1612 2831 1714 2885 τοῦ
