<?xml version="1.0" encoding="UTF-8"?>
<!DOCTYPE html PUBLIC "-//W3C//DTD XHTML 1.0 Transitional//EN"
    "http://www.w3.org/TR/xhtml1/DTD/xhtml1-transitional.dtd">
<html xmlns="http://www.w3.org/1999/xhtml" xml:lang="en" lang="en">
 <head>
  <title>
</title>
<meta http-equiv="Content-Type" content="text/html;charset=utf-8" />
  <meta name='ocr-system' content='tesseract 3.04.00' />
  <meta name='ocr-capabilities' content='ocr_page ocr_carea ocr_par ocr_line ocrx_word'/>
</head>
<body>
  <div class='ocr_page' id='page_1' title='image "./operaeusebius03euseuoft_0660.png"; bbox 0 0 1992 3186; ppageno 0'>
   <div class='ocr_carea' id='block_1_1' title="bbox 254 103 1166 157">
    <p class='ocr_par' dir='ltr' id='par_1_1' title="bbox 254 103 1166 157">
     <span class='ocr_line' id='line_1_1' title="bbox 254 103 1166 157; baseline 0.001 -14"><span class='ocrx_word' id='word_1_1' title='bbox 254 104 358 157; x_wconf 75' lang='lat'><em>636</em></span> <span class='ocrx_word' id='word_1_2' title='bbox 918 103 1166 145; x_wconf 78' lang='lat' dir='ltr'>EUSEBII</span> 
     </span>
    </p>
   </div>
   <div class='ocr_carea' id='block_1_2' title="bbox 209 211 1932 2739">
    <p class='ocr_par' dir='ltr' id='par_1_2' title="bbox 209 211 1932 2739">
     <span class='ocr_line' id='line_1_2' title="bbox 262 211 1862 298; baseline 0 -20"><span class='ocrx_word' id='word_1_3' title='bbox 262 225 503 298; x_wconf 75' lang='grc' dir='ltr'><em>Ψαλμςό,</em></span> <span class='ocrx_word' id='word_1_4' title='bbox 546 223 606 276; x_wconf 87' lang='grc' dir='ltr'><em>έν</em></span> <span class='ocrx_word' id='word_1_5' title='bbox 639 211 682 295; x_wconf 74' lang='grc' dir='ltr'><em>ᾦ</em></span> <span class='ocrx_word' id='word_1_6' title='bbox 712 220 958 276; x_wconf 87' lang='grc' dir='ltr'><em>λέλεκται</em></span> <span class='ocrx_word' id='word_1_7' title='bbox 991 214 1061 288; x_wconf 80' lang='grc' dir='ltr'><em>“ἡ</em></span> <span class='ocrx_word' id='word_1_8' title='bbox 1102 223 1304 291; x_wconf 79' lang='grc' dir='ltr'><em>καρδία</em></span> <span class='ocrx_word' id='word_1_9' title='bbox 1343 244 1450 291; x_wconf 94' lang='grc' dir='ltr'><em>μου</em></span> <span class='ocrx_word' id='word_1_10' title='bbox 1492 218 1768 294; x_wconf 77' lang='grc' dir='ltr'><strong><em>ἐταράχθη</em></strong></span> <span class='ocrx_word' id='word_1_11' title='bbox 1803 223 1862 278; x_wconf 84' lang='grc' dir='ltr'><em>ἐν</em></span> 
     </span>
     <span class='ocr_line' id='line_1_3' title="bbox 257 300 1859 379; baseline 0 -17"><span class='ocrx_word' id='word_1_12' title='bbox 257 308 402 379; x_wconf 86' lang='grc' dir='ltr'><em>ἐμοὶ,</em></span> <span class='ocrx_word' id='word_1_13' title='bbox 445 306 536 361; x_wconf 86' lang='grc' dir='ltr'><em>καὶ</em></span> <span class='ocrx_word' id='word_1_14' title='bbox 577 308 756 360; x_wconf 82' lang='grc' dir='ltr'><em>δειλία</em></span> <span class='ocrx_word' id='word_1_15' title='bbox 797 300 1047 360; x_wconf 85' lang='grc' dir='ltr'><em>θανάτου</em></span> <span class='ocrx_word' id='word_1_16' title='bbox 1090 304 1355 360; x_wconf 82' lang='grc' dir='ltr'><strong><em>ἐπέπεσεν</em></strong></span> <span class='ocrx_word' id='word_1_17' title='bbox 1397 302 1480 360; x_wconf 82' lang='grc' dir='ltr'><em>ἐπ’</em></span> <span class='ocrx_word' id='word_1_18' title='bbox 1519 306 1638 378; x_wconf 75' lang='grc' dir='ltr'><em>ἐμὲ,</em></span> <span class='ocrx_word' id='word_1_19' title='bbox 1686 303 1859 378; x_wconf 82' lang='grc' dir='ltr'><em>φόβος</em></span> 
     </span>
     <span class='ocr_line' id='line_1_4' title="bbox 255 379 1858 462; baseline 0.001 -17"><span class='ocrx_word' id='word_1_20' title='bbox 255 391 344 458; x_wconf 81' lang='grc' dir='ltr'><em>καὶ</em></span> <span class='ocrx_word' id='word_1_21' title='bbox 378 386 573 462; x_wconf 78' lang='grc' dir='ltr'><strong><em>τρόμος</em></strong></span> <span class='ocrx_word' id='word_1_22' title='bbox 614 379 790 459; x_wconf 78' lang='grc' dir='ltr'><em>ἦλθεν</em></span> <span class='ocrx_word' id='word_1_23' title='bbox 823 383 910 444; x_wconf 84' lang='grc' dir='ltr'><em>ἐπ’</em></span> <span class='ocrx_word' id='word_1_24' title='bbox 945 387 1066 460; x_wconf 75' lang='grc' dir='ltr'><em>ἐμὲ,</em></span> <span class='ocrx_word' id='word_1_25' title='bbox 1113 389 1205 443; x_wconf 86' lang='grc' dir='ltr'><em>καὶ</em></span> <span class='ocrx_word' id='word_1_26' title='bbox 1238 386 1482 456; x_wconf 84' lang='grc' dir='ltr'><em>ἐκάλυψέ</em></span> <span class='ocrx_word' id='word_1_27' title='bbox 1507 411 1575 461; x_wconf 92' lang='grc' dir='ltr'><em>με</em></span> <span class='ocrx_word' id='word_1_28' title='bbox 1605 385 1858 461; x_wconf 85' lang='grc' dir='ltr'><em>σκότος,”</em></span> 
     </span>
     <span class='ocr_line' id='line_1_5' title="bbox 257 470 1862 545; baseline 0.001 -16"><span class='ocrx_word' id='word_1_29' title='bbox 257 472 330 530; x_wconf 79' lang='grc' dir='ltr'><em>δι’</em></span> <span class='ocrx_word' id='word_1_30' title='bbox 368 473 447 529; x_wconf 80' lang='grc' dir='ltr'><em>ὠν</em></span> <span class='ocrx_word' id='word_1_31' title='bbox 487 475 600 528; x_wconf 79' lang='grc' dir='ltr'><em>τῶν</em></span> <span class='ocrx_word' id='word_1_32' title='bbox 639 471 1036 544; x_wconf 82' lang='grc' dir='ltr'><em>ἀντικειμένων</em></span> <span class='ocrx_word' id='word_1_33' title='bbox 1069 470 1364 545; x_wconf 85' lang='grc' dir='ltr'><em>δυνάμεων</em></span> <span class='ocrx_word' id='word_1_34' title='bbox 1407 471 1502 539; x_wconf 80' lang='grc' dir='ltr'><em>τὰς</em></span> <span class='ocrx_word' id='word_1_35' title='bbox 1533 472 1652 530; x_wconf 83' lang='grc' dir='ltr'><em>κατ’</em></span> <span class='ocrx_word' id='word_1_36' title='bbox 1689 471 1862 530; x_wconf 82' lang='grc' dir='ltr'><em>αὐτοῦ</em></span> 
     </span>
     <span class='ocr_line' id='line_1_6' title="bbox 253 556 1906 630; baseline 0 -16"><span class='ocrx_word' id='word_1_37' title='bbox 253 556 422 630; x_wconf 80' lang='grc' dir='ltr'><em>ὁρμὰς</em></span> <span class='ocrx_word' id='word_1_38' title='bbox 462 561 735 629; x_wconf 87' lang='grc' dir='ltr'><em>σημαίνει.</em></span> <span class='ocrx_word' id='word_1_39' title='bbox 811 560 890 612; x_wconf 81' lang='lat'><em>13.</em></span> <span class='ocrx_word' id='word_1_40' title='bbox 935 579 1007 622; x_wconf 89' lang='grc' dir='ltr'><em>ως</em></span> <span class='ocrx_word' id='word_1_41' title='bbox 1052 558 1191 628; x_wconf 79' lang='grc' dir='ltr'><em>γοῦν</em></span> <span class='ocrx_word' id='word_1_42' title='bbox 1241 558 1300 613; x_wconf 82' lang='grc' dir='ltr'><em>ἐν</em></span> <span class='ocrx_word' id='word_1_43' title='bbox 1346 569 1465 624; x_wconf 80' lang='grc' dir='ltr'><em>ταῖς</em></span> <span class='ocrx_word' id='word_1_44' title='bbox 1505 563 1906 630; x_wconf 79' lang='grc' dir='ltr'><em>προφητείαις5</em></span> 
     </span>
     <span class='ocr_line' id='line_1_7' title="bbox 256 636 1864 714; baseline 0.001 -16"><span class='ocrx_word' id='word_1_45' title='bbox 256 638 575 714; x_wconf 88' lang='grc' dir='ltr'><em>ωνόμασταί</em></span> <span class='ocrx_word' id='word_1_46' title='bbox 610 665 660 697; x_wconf 91' lang='grc' dir='ltr'><em>τι</em></span> <span class='ocrx_word' id='word_1_47' title='bbox 701 643 921 713; x_wconf 83' lang='grc' dir='ltr'><em>πνεῦμα</em></span> <span class='ocrx_word' id='word_1_48' title='bbox 961 645 1249 714; x_wconf 78' lang='grc' dir='ltr'><em>πορνείας,</em></span> <span class='ocrx_word' id='word_1_49' title='bbox 1297 664 1435 697; x_wconf 90' lang='grc' dir='ltr'><em>κατα</em></span> <span class='ocrx_word' id='word_1_50' title='bbox 1471 638 1532 698; x_wconf 88' lang='grc' dir='ltr'><strong>τό</strong></span> <span class='ocrx_word' id='word_1_51' title='bbox 1555 636 1864 714; x_wconf 77' lang='grc' dir='ltr'><em>“πνεύματι</em></span> 
     </span>
     <span class='ocr_line' id='line_1_8' title="bbox 255 723 1865 799; baseline 0.001 -17"><span class='ocrx_word' id='word_1_52' title='bbox 255 732 515 799; x_wconf 79' lang='grc' dir='ltr'><em>πορνείας</em></span> <span class='ocrx_word' id='word_1_53' title='bbox 548 723 975 798; x_wconf 80' lang='grc' dir='ltr'><em>ἐπλανήθησαν,</em></span> <span class='ocrx_word' id='word_1_54' title='bbox 1009 727 1102 782; x_wconf 85' lang='grc' dir='ltr'><em>καὶ</em></span> <span class='ocrx_word' id='word_1_55' title='bbox 1131 723 1264 782; x_wconf 88' lang='grc' dir='ltr'><em>άλλο</em></span> <span class='ocrx_word' id='word_1_56' title='bbox 1296 728 1514 798; x_wconf 82' lang='grc' dir='ltr'><em>πνεῦμα</em></span> <span class='ocrx_word' id='word_1_57' title='bbox 1544 723 1865 799; x_wconf 86' lang='grc' dir='ltr'><em>πλανήσεως</em></span> 
     </span>
     <span class='ocr_line' id='line_1_9' title="bbox 257 805 1867 886; baseline 0 -19"><span class='ocrx_word' id='word_1_58' title='bbox 257 813 317 867; x_wconf 82' lang='grc' dir='ltr'><em>ἐν</em></span> <span class='ocrx_word' id='word_1_59' title='bbox 346 812 415 883; x_wconf 82' lang='grc' dir='ltr'><em>τῇ</em></span> <span class='ocrx_word' id='word_1_60' title='bbox 455 805 697 886; x_wconf 80' lang='grc' dir='ltr'><em>ἐρήμςο,”</em></span> <span class='ocrx_word' id='word_1_61' title='bbox 737 807 834 867; x_wconf 80' lang='grc' dir='ltr'><em>τὸν</em></span> <span class='ocrx_word' id='word_1_62' title='bbox 875 806 1046 867; x_wconf 80' lang='grc' dir='ltr'><em>αὐτὸν</em></span> <span class='ocrx_word' id='word_1_63' title='bbox 1083 808 1289 882; x_wconf 85' lang='grc' dir='ltr'><em>τρόπον</em></span> <span class='ocrx_word' id='word_1_64' title='bbox 1319 812 1410 868; x_wconf 88' lang='grc' dir='ltr'><em>καὶ</em></span> <span class='ocrx_word' id='word_1_65' title='bbox 1441 813 1662 884; x_wconf 81' lang='grc' dir='ltr'><em>πνεῦμα</em></span> <span class='ocrx_word' id='word_1_66' title='bbox 1691 809 1867 869; x_wconf 88' lang='grc' dir='ltr'><em>θανά-</em></span> 
     </span>
     <span class='ocr_line' id='line_1_10' title="bbox 254 890 1866 968; baseline 0 -16"><span class='ocrx_word' id='word_1_67' title='bbox 254 918 353 952; x_wconf 85' lang='grc' dir='ltr'><em>του</em></span> <span class='ocrx_word' id='word_1_68' title='bbox 386 902 471 967; x_wconf 89' lang='grc' dir='ltr'><em>εἰή</em></span> <span class='ocrx_word' id='word_1_69' title='bbox 502 890 572 951; x_wconf 72' lang='grc' dir='ltr'><em>ἂν</em></span> <span class='ocrx_word' id='word_1_70' title='bbox 605 898 811 960; x_wconf 83' lang='grc' dir='ltr'><em>δειλίας</em></span> <span class='ocrx_word' id='word_1_71' title='bbox 842 892 1159 966; x_wconf 84' lang='grc' dir='ltr'><em>ποιητικὸν,</em></span> <span class='ocrx_word' id='word_1_72' title='bbox 1202 890 1275 961; x_wconf 77' lang='grc' dir='ltr'><em>ὠς</em></span> <span class='ocrx_word' id='word_1_73' title='bbox 1305 897 1398 951; x_wconf 89' lang='grc' dir='ltr'><em>καὶ</em></span> <span class='ocrx_word' id='word_1_74' title='bbox 1428 897 1646 968; x_wconf 82' lang='grc' dir='ltr'><em>πνεῦμα</em></span> <span class='ocrx_word' id='word_1_75' title='bbox 1679 893 1866 968; x_wconf 79' lang='grc' dir='ltr'><em>ἰσχύος</em></span> 
     </span>
     <span class='ocr_line' id='line_1_11' title="bbox 257 976 1930 1053; baseline 0.001 -18"><span class='ocrx_word' id='word_1_76' title='bbox 257 981 348 1036; x_wconf 84' lang='grc' dir='ltr'><em>καὶ</em></span> <span class='ocrx_word' id='word_1_77' title='bbox 389 976 677 1051; x_wconf 86' lang='grc' dir='ltr'><em>δυνάμεως</em></span> <span class='ocrx_word' id='word_1_78' title='bbox 718 981 808 1035; x_wconf 86' lang='grc' dir='ltr'><em>καὶ</em></span> <span class='ocrx_word' id='word_1_79' title='bbox 851 976 1110 1051; x_wconf 80' lang='grc' dir='ltr'><em>ἀνδρείας</em></span> <span class='ocrx_word' id='word_1_80' title='bbox 1148 982 1244 1050; x_wconf 82' lang='grc' dir='ltr'><em>τῆς</em></span> <span class='ocrx_word' id='word_1_81' title='bbox 1285 976 1422 1035; x_wconf 77' lang='grc' dir='ltr'><em>κατὰ</em></span> <span class='ocrx_word' id='word_1_82' title='bbox 1462 977 1600 1036; x_wconf 82' lang='grc' dir='ltr'><em>θεὸν</em></span> <span class='ocrx_word' id='word_1_83' title='bbox 1640 1003 1867 1053; x_wconf 82' lang='grc' dir='ltr'><em>ενεργη-</em></span> <span class='ocrx_word' id='word_1_84' title='bbox 1890 1005 1930 1036; x_wconf 83' lang='grc' dir='ltr'><em>ιο</em></span> 
     </span>
     <span class='ocr_line' id='line_1_12' title="bbox 209 1059 1868 1137; baseline 0.001 -18"><span class='ocrx_word' id='word_1_85' title='bbox 209 1090 229 1121; x_wconf 56' lang='grc' dir='ltr'><em>ι)</em></span> <span class='ocrx_word' id='word_1_86' title='bbox 257 1061 425 1123; x_wconf 85' lang='grc' dir='ltr'><em>τικόν.</em></span> <span class='ocrx_word' id='word_1_87' title='bbox 507 1067 585 1120; x_wconf 83' lang='lat'><em>14.</em></span> <span class='ocrx_word' id='word_1_88' title='bbox 619 1060 764 1120; x_wconf 87' lang='grc' dir='ltr'><em>ούτω</em></span> <span class='ocrx_word' id='word_1_89' title='bbox 807 1059 860 1120; x_wconf 85' lang='grc' dir='ltr'><em>δ’</em></span> <span class='ocrx_word' id='word_1_90' title='bbox 904 1060 974 1120; x_wconf 74' lang='grc' dir='ltr'><em>ἂν</em></span> <span class='ocrx_word' id='word_1_91' title='bbox 1014 1069 1239 1136; x_wconf 80' lang='grc' dir='ltr'><em>λεχθείη</em></span> <span class='ocrx_word' id='word_1_92' title='bbox 1289 1068 1510 1137; x_wconf 84' lang='grc' dir='ltr'><em>πνεῦμα</em></span> <span class='ocrx_word' id='word_1_93' title='bbox 1550 1062 1733 1136; x_wconf 84' lang='grc' dir='ltr'><em>φόβου</em></span> <span class='ocrx_word' id='word_1_94' title='bbox 1775 1067 1868 1121; x_wconf 89' lang='grc' dir='ltr'><em>καὶ</em></span> 
     </span>
     <span class='ocr_line' id='line_1_13' title="bbox 256 1145 1867 1221; baseline 0.001 -17"><span class='ocrx_word' id='word_1_95' title='bbox 256 1146 481 1221; x_wconf 90' lang='grc' dir='ltr'><em>τρόμου,</em></span> <span class='ocrx_word' id='word_1_96' title='bbox 514 1150 607 1204; x_wconf 87' lang='grc' dir='ltr'><em>καὶ</em></span> <span class='ocrx_word' id='word_1_97' title='bbox 637 1146 805 1205; x_wconf 89' lang='grc' dir='ltr'><em>πάλιν</em></span> <span class='ocrx_word' id='word_1_98' title='bbox 837 1150 1026 1221; x_wconf 82' lang='grc' dir='ltr'><em>ε’τερον</em></span> <span class='ocrx_word' id='word_1_99' title='bbox 1055 1169 1204 1220; x_wconf 89' lang='grc' dir='ltr'><em>παρα</em></span> <span class='ocrx_word' id='word_1_100' title='bbox 1232 1150 1404 1204; x_wconf 83' lang='grc' dir='ltr'><em>ταῦτα</em></span> <span class='ocrx_word' id='word_1_101' title='bbox 1435 1152 1654 1221; x_wconf 84' lang='grc' dir='ltr'><em>πνεῦμα</em></span> <span class='ocrx_word' id='word_1_102' title='bbox 1685 1145 1867 1220; x_wconf 87' lang='grc' dir='ltr'><em>φόβου</em></span> 
     </span>
     <span class='ocr_line' id='line_1_14' title="bbox 257 1229 1867 1306; baseline 0.001 -18"><span class='ocrx_word' id='word_1_103' title='bbox 257 1234 349 1289; x_wconf 87' lang='grc' dir='ltr'><em>καὶ</em></span> <span class='ocrx_word' id='word_1_104' title='bbox 380 1234 730 1305; x_wconf 84' lang='grc' dir='ltr'><em>συγχύσεως,</em></span> <span class='ocrx_word' id='word_1_105' title='bbox 772 1257 806 1288; x_wconf 87' lang='grc' dir='ltr'><em>α</em></span> <span class='ocrx_word' id='word_1_106' title='bbox 837 1234 930 1289; x_wconf 83' lang='grc' dir='ltr'><em>καὶ</em></span> <span class='ocrx_word' id='word_1_107' title='bbox 971 1229 1172 1305; x_wconf 80' lang='grc' dir='ltr'><em>σχεδὸν</em></span> <span class='ocrx_word' id='word_1_108' title='bbox 1204 1237 1382 1289; x_wconf 80' lang='grc' dir='ltr'><em>εἰπεῖν</em></span> <span class='ocrx_word' id='word_1_109' title='bbox 1413 1229 1584 1289; x_wconf 78' lang='grc' dir='ltr'><em>ἅπασι</em></span> <span class='ocrx_word' id='word_1_110' title='bbox 1614 1256 1716 1306; x_wconf 93' lang='grc' dir='ltr'><em>μεν</em></span> <span class='ocrx_word' id='word_1_111' title='bbox 1755 1248 1867 1299; x_wconf 83' lang='grc' dir='ltr'><em>τοῖς</em></span> 
     </span>
     <span class='ocr_line' id='line_1_15' title="bbox 258 1315 1863 1393; baseline 0.001 -19"><span class='ocrx_word' id='word_1_112' title='bbox 258 1320 319 1374; x_wconf 84' lang='grc' dir='ltr'><em>ἐν</em></span> <span class='ocrx_word' id='word_1_113' title='bbox 347 1322 633 1393; x_wconf 69' lang='grc' dir='ltr'><em>μαρτυρίᾳ)</em></span> <span class='ocrx_word' id='word_1_114' title='bbox 680 1315 778 1374; x_wconf 87' lang='grc' dir='ltr'><em>τὸν</em></span> <span class='ocrx_word' id='word_1_115' title='bbox 820 1315 962 1389; x_wconf 77' lang='grc' dir='ltr'><em>ὑπὲρ</em></span> <span class='ocrx_word' id='word_1_116' title='bbox 1005 1315 1290 1388; x_wconf 84' lang='grc' dir='ltr'><em>εὐσεβείας</em></span> <span class='ocrx_word' id='word_1_117' title='bbox 1319 1315 1569 1374; x_wconf 87' lang='grc' dir='ltr'><em>θάνατον</em></span> <span class='ocrx_word' id='word_1_118' title='bbox 1598 1315 1863 1391; x_wconf 81' lang='grc' dir='ltr'><em>ἀναδεχο-</em></span> 
     </span>
     <span class='ocr_line' id='line_1_16' title="bbox 257 1399 1932 1475; baseline -0.001 -18"><span class='ocrx_word' id='word_1_119' title='bbox 257 1403 441 1474; x_wconf 90' lang='grc' dir='ltr'><em>μένοις</em></span> <span class='ocrx_word' id='word_1_120' title='bbox 488 1403 736 1474; x_wconf 84' lang='grc' dir='ltr'><em>ε’φορμᾶν</em></span> <span class='ocrx_word' id='word_1_121' title='bbox 777 1410 972 1472; x_wconf 80' lang='grc' dir='ltr'><em>εἴωθε,</em></span> <span class='ocrx_word' id='word_1_122' title='bbox 1008 1399 1166 1458; x_wconf 40' lang='grc' dir='ltr'><em>’πολὺ</em></span> <span class='ocrx_word' id='word_1_123' title='bbox 1215 1402 1386 1458; x_wconf 87' lang='grc' dir='ltr'><em>πλέον</em></span> <span class='ocrx_word' id='word_1_124' title='bbox 1429 1402 1489 1458; x_wconf 75' lang='grc' dir='ltr'><em>δὲ</em></span> <span class='ocrx_word' id='word_1_125' title='bbox 1527 1403 1618 1458; x_wconf 85' lang='grc' dir='ltr'><em>καὶ</em></span> <span class='ocrx_word' id='word_1_126' title='bbox 1657 1405 1868 1475; x_wconf 78' lang='grc' dir='ltr'><em>μᾶλλον</em></span> <span class='ocrx_word' id='word_1_127' title='bbox 1890 1423 1932 1456; x_wconf 89' lang='lat'><em>15</em></span> 
     </span>
     <span class='ocr_line' id='line_1_17' title="bbox 258 1481 1869 1561; baseline 0.001 -19"><span class='ocrx_word' id='word_1_128' title='bbox 258 1488 590 1543; x_wconf 80' lang='grc' dir='ltr'><em>ἐπιτέθειται</em></span> <span class='ocrx_word' id='word_1_129' title='bbox 632 1484 782 1561; x_wconf 78' lang='grc' dir='ltr'><em>αὐτῷ</em></span> <span class='ocrx_word' id='word_1_130' title='bbox 821 1484 918 1543; x_wconf 85' lang='grc' dir='ltr'><em>τὸν</em></span> <span class='ocrx_word' id='word_1_131' title='bbox 960 1483 1103 1560; x_wconf 76' lang='grc' dir='ltr'><em>ὑπὲρ</em></span> <span class='ocrx_word' id='word_1_132' title='bbox 1145 1481 1411 1543; x_wconf 79' lang='grc' dir='ltr'><em>ἁπάντων</em></span> <span class='ocrx_word' id='word_1_133' title='bbox 1439 1483 1690 1543; x_wconf 83' lang='grc' dir='ltr'><em>θάνατον</em></span> <span class='ocrx_word' id='word_1_134' title='bbox 1727 1485 1869 1544; x_wconf 82' lang='grc' dir='ltr'><em>ὑπο-</em></span> 
     </span>
     <span class='ocr_line' id='line_1_18' title="bbox 256 1567 1870 1643; baseline 0 -16"><span class='ocrx_word' id='word_1_135' title='bbox 256 1575 522 1643; x_wconf 86' lang='grc' dir='ltr'><em>μείναντι.</em></span> <span class='ocrx_word' id='word_1_136' title='bbox 586 1567 731 1642; x_wconf 81' lang='grc' dir='ltr'><em>πλὴν</em></span> <span class='ocrx_word' id='word_1_137' title='bbox 769 1567 891 1626; x_wconf 71' lang='grc' dir='ltr'><em>ἀλλ’</em></span> <span class='ocrx_word' id='word_1_138' title='bbox 927 1579 1036 1628; x_wconf 78' lang='grc' dir='ltr'><em>εἴτε</em></span> <span class='ocrx_word' id='word_1_139' title='bbox 1065 1575 1286 1643; x_wconf 86' lang='grc' dir='ltr'><em>πνεῦμα</em></span> <span class='ocrx_word' id='word_1_140' title='bbox 1319 1575 1525 1637; x_wconf 84' lang='grc' dir='ltr'><em>δειλίας</em></span> <span class='ocrx_word' id='word_1_141' title='bbox 1565 1573 1656 1627; x_wconf 87' lang='grc' dir='ltr'><em>καὶ</em></span> <span class='ocrx_word' id='word_1_142' title='bbox 1686 1569 1870 1629; x_wconf 87' lang='grc' dir='ltr'><em>θανά-</em></span> 
     </span>
     <span class='ocr_line' id='line_1_19' title="bbox 256 1649 1867 1729; baseline 0.001 -18"><span class='ocrx_word' id='word_1_143' title='bbox 256 1678 374 1726; x_wconf 86' lang='grc' dir='ltr'><em>του,</em></span> <span class='ocrx_word' id='word_1_144' title='bbox 409 1664 517 1712; x_wconf 81' lang='grc' dir='ltr'><em>εἴτε</em></span> <span class='ocrx_word' id='word_1_145' title='bbox 548 1653 731 1727; x_wconf 85' lang='grc' dir='ltr'><em>φόβου</em></span> <span class='ocrx_word' id='word_1_146' title='bbox 755 1657 845 1711; x_wconf 88' lang='grc' dir='ltr'><em>καὶ</em></span> <span class='ocrx_word' id='word_1_147' title='bbox 870 1652 1094 1728; x_wconf 80' lang='grc' dir='ltr'><em>τρόμου,</em></span> <span class='ocrx_word' id='word_1_148' title='bbox 1126 1649 1159 1726; x_wconf 80' lang='grc' dir='ltr'><em>ἢ</em></span> <span class='ocrx_word' id='word_1_149' title='bbox 1192 1664 1247 1712; x_wconf 80' lang='grc' dir='ltr'><em>εἴ</em></span> <span class='ocrx_word' id='word_1_150' title='bbox 1263 1660 1344 1722; x_wconf 89' lang='grc' dir='ltr'><em>τίς</em></span> <span class='ocrx_word' id='word_1_151' title='bbox 1364 1679 1426 1728; x_wconf 78' lang='grc' dir='ltr'><em>γε</em></span> <span class='ocrx_word' id='word_1_152' title='bbox 1459 1657 1617 1729; x_wconf 81' lang='grc' dir='ltr'><em>ἑτέρα</em></span> <span class='ocrx_word' id='word_1_153' title='bbox 1640 1654 1867 1728; x_wconf 77' lang='grc' dir='ltr'><em>τοιαύτη</em></span> 
     </span>
     <span class='ocr_line' id='line_1_20' title="bbox 259 1736 1867 1815; baseline 0 -19"><span class='ocrx_word' id='word_1_154' title='bbox 259 1737 493 1811; x_wconf 89' lang='grc' dir='ltr'><em>δύναμις</em></span> <span class='ocrx_word' id='word_1_155' title='bbox 526 1741 905 1797; x_wconf 86' lang='grc' dir='ltr'><em>ε’πιπέπτωκεν</em></span> <span class='ocrx_word' id='word_1_156' title='bbox 927 1736 1098 1815; x_wconf 75' lang='grc' dir='ltr'><em>αὐτῷ,</em></span> <span class='ocrx_word' id='word_1_157' title='bbox 1129 1736 1250 1796; x_wconf 76' lang='grc' dir='ltr'><em>ἀλλ’</em></span> <span class='ocrx_word' id='word_1_158' title='bbox 1287 1737 1421 1797; x_wconf 78' lang='grc' dir='ltr'><em>οὔτι</em></span> <span class='ocrx_word' id='word_1_159' title='bbox 1445 1763 1507 1812; x_wconf 81' lang='grc' dir='ltr'><em>γε</em></span> <span class='ocrx_word' id='word_1_160' title='bbox 1537 1742 1867 1813; x_wconf 82' lang='grc' dir='ltr'><em>κατέρραξεν</em></span> 
     </span>
     <span class='ocr_line' id='line_1_21' title="bbox 258 1819 1929 1896; baseline -0.001 -16"><span class='ocrx_word' id='word_1_161' title='bbox 258 1819 457 1895; x_wconf 80' lang='grc' dir='ltr'><em>αὐτὸν,</em></span> <span class='ocrx_word' id='word_1_162' title='bbox 492 1826 637 1896; x_wconf 84' lang='grc' dir='ltr'><em>ἐπεὶ,</em></span> <span class='ocrx_word' id='word_1_163' title='bbox 670 1821 759 1881; x_wconf 81' lang='grc' dir='ltr'><em>οἷα</em></span> <span class='ocrx_word' id='word_1_164' title='bbox 789 1838 1044 1896; x_wconf 79' lang='grc' dir='ltr'><em>γενναῖος</em></span> <span class='ocrx_word' id='word_1_165' title='bbox 1075 1820 1348 1896; x_wconf 74' lang='grc' dir='ltr'><em>ἀθλητὴς,</em></span> <span class='ocrx_word' id='word_1_166' title='bbox 1389 1823 1492 1894; x_wconf 90' lang='grc' dir='ltr'><em>τὴν</em></span> <span class='ocrx_word' id='word_1_167' title='bbox 1519 1825 1622 1896; x_wconf 77' lang='grc' dir='ltr'><em>μὲν</em></span> <span class='ocrx_word' id='word_1_168' title='bbox 1653 1829 1867 1881; x_wconf 89' lang='grc' dir='ltr'><em>δειλίαν</em></span> <span class='ocrx_word' id='word_1_169' title='bbox 1888 1846 1929 1879; x_wconf 81' lang='lat'><em>20</em></span> 
     </span>
     <span class='ocr_line' id='line_1_22' title="bbox 223 1903 1870 1981; baseline 0.001 -17"><span class='ocrx_word' id='word_1_170' title='bbox 223 1943 238 1964; x_wconf 76' lang='lat' dir='ltr'>e</span> <span class='ocrx_word' id='word_1_171' title='bbox 261 1911 359 1965; x_wconf 82' lang='grc' dir='ltr'><em>τοῦ</em></span> <span class='ocrx_word' id='word_1_172' title='bbox 389 1906 641 1965; x_wconf 86' lang='grc' dir='ltr'><em>θανάτου</em></span> <span class='ocrx_word' id='word_1_173' title='bbox 666 1906 995 1979; x_wconf 83' lang='grc' dir='ltr'><em>πεποιθήσει</em></span> <span class='ocrx_word' id='word_1_174' title='bbox 1027 1913 1181 1980; x_wconf 80' lang='grc' dir='ltr'><em>ζωῆς,</em></span> <span class='ocrx_word' id='word_1_175' title='bbox 1213 1904 1377 1974; x_wconf 81' lang='grc' dir='ltr'><em>αὐτὸς</em></span> <span class='ocrx_word' id='word_1_176' title='bbox 1405 1906 1509 1979; x_wconf 77' lang='grc' dir='ltr'><em>γάρ</em></span> <span class='ocrx_word' id='word_1_177' title='bbox 1541 1903 1574 1979; x_wconf 82' lang='grc' dir='ltr'><strong><em>ἡ</em></strong></span> <span class='ocrx_word' id='word_1_178' title='bbox 1606 1906 1731 1980; x_wconf 82' lang='grc' dir='ltr'><em>ζωὴ,</em></span> <span class='ocrx_word' id='word_1_179' title='bbox 1763 1932 1870 1981; x_wconf 85' lang='grc' dir='ltr'><em>μα-</em></span> 
     </span>
     <span class='ocr_line' id='line_1_23' title="bbox 259 1989 1866 2064; baseline 0.001 -17"><span class='ocrx_word' id='word_1_180' title='bbox 259 1990 399 2063; x_wconf 78' lang='grc' dir='ltr'><em>κράν</em></span> <span class='ocrx_word' id='word_1_181' title='bbox 440 1989 747 2064; x_wconf 73' lang='grc' dir='ltr'><em>ἀπέρριψεν</em></span> <span class='ocrx_word' id='word_1_182' title='bbox 787 1989 1235 2063; x_wconf 68' lang='grc' dir='ltr'><em>ἀποσεισάμενος.</em></span> <span class='ocrx_word' id='word_1_183' title='bbox 1298 1990 1560 2058; x_wconf 80' lang='grc' dir='ltr'><em>ὡσαύτως</em></span> <span class='ocrx_word' id='word_1_184' title='bbox 1594 1993 1654 2049; x_wconf 78' lang='grc' dir='ltr'><em>δὲ</em></span> <span class='ocrx_word' id='word_1_185' title='bbox 1685 1994 1776 2049; x_wconf 87' lang='grc' dir='ltr'><em>καὶ</em></span> <span class='ocrx_word' id='word_1_186' title='bbox 1806 1989 1866 2050; x_wconf 87' lang='grc' dir='ltr'>τὸ</span> 
     </span>
     <span class='ocr_line' id='line_1_24' title="bbox 261 2070 1868 2151; baseline 0.002 -20"><span class='ocrx_word' id='word_1_187' title='bbox 261 2075 502 2132; x_wconf 80' lang='grc' dir='ltr'><em>ἐπελθὸν</em></span> <span class='ocrx_word' id='word_1_188' title='bbox 553 2072 700 2151; x_wconf 76' lang='grc' dir='ltr'><em>αὐτῷ</em></span> <span class='ocrx_word' id='word_1_189' title='bbox 753 2079 972 2148; x_wconf 83' lang='grc' dir='ltr'><em>πνεῦμα</em></span> <span class='ocrx_word' id='word_1_190' title='bbox 1023 2073 1205 2146; x_wconf 84' lang='grc' dir='ltr'><em>φόβου</em></span> <span class='ocrx_word' id='word_1_191' title='bbox 1255 2070 1290 2148; x_wconf 78' lang='grc' dir='ltr'><em>ἢ</em></span> <span class='ocrx_word' id='word_1_192' title='bbox 1333 2074 1539 2149; x_wconf 89' lang='grc' dir='ltr'><em>τρόμου</em></span> <span class='ocrx_word' id='word_1_193' title='bbox 1583 2076 1868 2149; x_wconf 86' lang='grc' dir='ltr'><em>ποιητικὸν</em></span> 
     </span>
     <span class='ocr_line' id='line_1_25' title="bbox 259 2155 1866 2235; baseline 0.002 -20"><span class='ocrx_word' id='word_1_194' title='bbox 259 2155 531 2232; x_wconf 85' lang='grc' dir='ltr'><em>πνεύματι</em></span> <span class='ocrx_word' id='word_1_195' title='bbox 569 2157 819 2231; x_wconf 78' lang='grc' dir='ltr'><em>θάρσους</em></span> <span class='ocrx_word' id='word_1_196' title='bbox 859 2161 950 2215; x_wconf 84' lang='grc' dir='ltr'><em>καὶ</em></span> <span class='ocrx_word' id='word_1_197' title='bbox 984 2157 1272 2232; x_wconf 88' lang='grc' dir='ltr'><em>δυνάμεως</em></span> <span class='ocrx_word' id='word_1_198' title='bbox 1303 2163 1395 2216; x_wconf 88' lang='grc' dir='ltr'><em>καὶ</em></span> <span class='ocrx_word' id='word_1_199' title='bbox 1436 2160 1623 2234; x_wconf 81' lang='grc' dir='ltr'><em>ἰσχύος</em></span> <span class='ocrx_word' id='word_1_200' title='bbox 1653 2184 1866 2235; x_wconf 86' lang='grc' dir='ltr'><em>πορρω-</em></span> 
     </span>
     <span class='ocr_line' id='line_1_26' title="bbox 255 2241 1930 2316; baseline -0.001 -16"><span class='ocrx_word' id='word_1_201' title='bbox 255 2241 397 2300; x_wconf 89' lang='grc' dir='ltr'><em>τάτω</em></span> <span class='ocrx_word' id='word_1_202' title='bbox 427 2241 809 2316; x_wconf 83' lang='grc' dir='ltr'><em>ἀπηκόντισεν.</em></span> <span class='ocrx_word' id='word_1_203' title='bbox 868 2248 946 2300; x_wconf 86' lang='grc'><em>16.</em></span> <span class='ocrx_word' id='word_1_204' title='bbox 975 2245 1093 2301; x_wconf 83' lang='grc' dir='ltr'><em>ἐπεὶ</em></span> <span class='ocrx_word' id='word_1_205' title='bbox 1117 2241 1253 2300; x_wconf 75' lang='grc' dir='ltr'><em>κατά</em></span> <span class='ocrx_word' id='word_1_206' title='bbox 1276 2243 1372 2300; x_wconf 83' lang='grc' dir='ltr'><em>τὸν</em></span> <span class='ocrx_word' id='word_1_207' title='bbox 1388 2241 1865 2302; x_wconf 80' lang='grc' dir='ltr'><em>Ἡσαΐαν“ε’πανε-</em></span> <span class='ocrx_word' id='word_1_208' title='bbox 1888 2267 1930 2300; x_wconf 86' lang='lat'><em>25</em></span> 
     </span>
     <span class='ocr_line' id='line_1_27' title="bbox 259 2325 1865 2402; baseline 0 -17"><span class='ocrx_word' id='word_1_209' title='bbox 259 2326 508 2385; x_wconf 88' lang='grc' dir='ltr'><em>παύσατο</em></span> <span class='ocrx_word' id='word_1_210' title='bbox 552 2325 637 2384; x_wconf 87' lang='grc' dir='ltr'><em>ἐπ’</em></span> <span class='ocrx_word' id='word_1_211' title='bbox 672 2326 842 2386; x_wconf 83' lang='grc' dir='ltr'><em>αὐτὸν</em></span> <span class='ocrx_word' id='word_1_212' title='bbox 871 2327 1004 2401; x_wconf 80' lang='grc' dir='ltr'><em>μετὰ</em></span> <span class='ocrx_word' id='word_1_213' title='bbox 1035 2331 1146 2385; x_wconf 74' lang='grc' dir='ltr'><em>τῶν</em></span> <span class='ocrx_word' id='word_1_214' title='bbox 1184 2325 1370 2385; x_wconf 74' lang='grc' dir='ltr'><em>ἄλλων</em></span> <span class='ocrx_word' id='word_1_215' title='bbox 1412 2327 1743 2402; x_wconf 79' lang='grc' dir='ltr'><em>πνευμάτων</em></span> <span class='ocrx_word' id='word_1_216' title='bbox 1773 2330 1865 2385; x_wconf 86' lang='grc' dir='ltr'><em>καὶ</em></span> 
     </span>
     <span class='ocr_line' id='line_1_28' title="bbox 260 2408 1870 2488; baseline 0.001 -19"><span class='ocrx_word' id='word_1_217' title='bbox 260 2415 479 2485; x_wconf 83' lang='grc' dir='ltr'><em>πνεῦμα</em></span> <span class='ocrx_word' id='word_1_218' title='bbox 511 2415 716 2488; x_wconf 85' lang='grc' dir='ltr'><em>βουλῆς</em></span> <span class='ocrx_word' id='word_1_219' title='bbox 748 2415 839 2470; x_wconf 84' lang='grc' dir='ltr'><em>καὶ</em></span> <span class='ocrx_word' id='word_1_220' title='bbox 871 2409 1112 2486; x_wconf 87' lang='grc' dir='ltr'><em>ἰσχύος.”</em></span> <span class='ocrx_word' id='word_1_221' title='bbox 1156 2408 1299 2469; x_wconf 73' lang='grc' dir='ltr'><em>οὕτω</em></span> <span class='ocrx_word' id='word_1_222' title='bbox 1319 2416 1410 2470; x_wconf 87' lang='grc' dir='ltr'><em>καὶ</em></span> <span class='ocrx_word' id='word_1_223' title='bbox 1432 2412 1491 2470; x_wconf 90' lang='grc' dir='ltr'><em>τὸ</em></span> <span class='ocrx_word' id='word_1_224' title='bbox 1523 2418 1740 2486; x_wconf 84' lang='grc' dir='ltr'><em>πνεῦμα</em></span> <span class='ocrx_word' id='word_1_225' title='bbox 1770 2415 1870 2470; x_wconf 78' lang='grc' dir='ltr'><em>τοῦ</em></span> 
     </span>
     <span class='ocr_line' id='line_1_29' title="bbox 259 2493 1867 2571; baseline 0.001 -19"><span class='ocrx_word' id='word_1_226' title='bbox 259 2495 488 2564; x_wconf 87' lang='grc' dir='ltr'><em>σκότους</em></span> <span class='ocrx_word' id='word_1_227' title='bbox 540 2500 607 2571; x_wconf 80' lang='grc' dir='ltr'><em>τῇ</em></span> <span class='ocrx_word' id='word_1_228' title='bbox 648 2500 746 2554; x_wconf 80' lang='grc' dir='ltr'><em>τοῦ</em></span> <span class='ocrx_word' id='word_1_229' title='bbox 794 2502 944 2554; x_wconf 84' lang='grc' dir='ltr'><em>ἰδίου</em></span> <span class='ocrx_word' id='word_1_230' title='bbox 990 2493 1171 2569; x_wconf 80' lang='grc' dir='ltr'><em>φωτὸς</em></span> <span class='ocrx_word' id='word_1_231' title='bbox 1222 2496 1566 2555; x_wconf 79' lang='grc' dir='ltr'><em>ἀπεσκέδασε</em></span> <span class='ocrx_word' id='word_1_232' title='bbox 1612 2496 1867 2570; x_wconf 78' lang='grc' dir='ltr'><em>δυνάμει,</em></span> 
     </span>
     <span class='ocr_line' id='line_1_30' title="bbox 262 2578 1866 2656; baseline 0.001 -19"><span class='ocrx_word' id='word_1_233' title='bbox 262 2583 378 2637; x_wconf 86' lang='grc' dir='ltr'><em>ἐπεὶ</em></span> <span class='ocrx_word' id='word_1_234' title='bbox 401 2579 498 2638; x_wconf 75' lang='grc' dir='ltr'><em>“τό</em></span> <span class='ocrx_word' id='word_1_235' title='bbox 530 2584 649 2652; x_wconf 73' lang='grc' dir='ltr'><em>φῶς</em></span> <span class='ocrx_word' id='word_1_236' title='bbox 683 2584 742 2639; x_wconf 83' lang='grc' dir='ltr'><em>ἐν</em></span> <span class='ocrx_word' id='word_1_237' title='bbox 771 2585 836 2655; x_wconf 81' lang='grc' dir='ltr'><em>τῇ</em></span> <span class='ocrx_word' id='word_1_238' title='bbox 868 2587 1061 2656; x_wconf 81' lang='grc' dir='ltr'><em>σκοτίᾳ</em></span> <span class='ocrx_word' id='word_1_239' title='bbox 1091 2587 1299 2654; x_wconf 87' lang='grc' dir='ltr'><em>φαίνει,</em></span> <span class='ocrx_word' id='word_1_240' title='bbox 1333 2583 1422 2638; x_wconf 82' lang='grc' dir='ltr'><em>καὶ</em></span> <span class='ocrx_word' id='word_1_241' title='bbox 1454 2578 1702 2654; x_wconf 81' lang='grc' dir='ltr'><em>ἡσκοτία</em></span> <span class='ocrx_word' id='word_1_242' title='bbox 1733 2579 1866 2638; x_wconf 80' lang='grc' dir='ltr'><em>αὐτὸ</em></span> 
     </span>
     <span class='ocr_line' id='line_1_31' title="bbox 260 2657 1930 2739; baseline 0.001 -19"><span class='ocrx_word' id='word_1_243' title='bbox 260 2663 326 2721; x_wconf 81' lang='grc' dir='ltr'><em>οὐ</em></span> <span class='ocrx_word' id='word_1_244' title='bbox 358 2664 707 2737; x_wconf 84' lang='grc' dir='ltr'><em>κατέλαβεν.”</em></span> <span class='ocrx_word' id='word_1_245' title='bbox 770 2663 951 2739; x_wconf 77' lang='grc' dir='ltr'><em>εὕροις</em></span> <span class='ocrx_word' id='word_1_246' title='bbox 985 2662 1039 2722; x_wconf 81' lang='grc' dir='ltr'><em>δ’</em></span> <span class='ocrx_word' id='word_1_247' title='bbox 1071 2662 1142 2723; x_wconf 73' lang='grc' dir='ltr'><em>ἂν</em></span> <span class='ocrx_word' id='word_1_248' title='bbox 1170 2657 1234 2722; x_wconf 69' lang='grc' dir='ltr'><em>τά</em></span> <span class='ocrx_word' id='word_1_249' title='bbox 1266 2665 1623 2739; x_wconf 87' lang='grc' dir='ltr'><em>παραπλήσια</em></span> <span class='ocrx_word' id='word_1_250' title='bbox 1650 2664 1864 2732; x_wconf 85' lang='grc' dir='ltr'><em>τούτοις</em></span> <span class='ocrx_word' id='word_1_251' title='bbox 1888 2690 1930 2723; x_wconf 84' lang='grc' dir='ltr'><em>3ο</em></span> 
     </span>
    </p>
   </div>
   <div class='ocr_carea' id='block_1_3' title="bbox 431 2796 594 2799">
    <p class='ocr_par' dir='ltr' id='par_1_3' title="bbox 431 2796 594 2799">
     <span class='ocr_line' id='line_1_32' title="bbox 431 2796 594 2799; baseline 0 0"><span class='ocrx_word' id='word_1_252' title='bbox 431 2796 594 2799; x_wconf 95' lang='lat' dir='ltr'><em> </em></span> 
     </span>
    </p>
   </div>
   <div class='ocr_carea' id='block_1_4' title="bbox 374 2855 1862 2912">
    <p class='ocr_par' dir='ltr' id='par_1_4' title="bbox 374 2855 1862 2912">
     <span class='ocr_line' id='line_1_33' title="bbox 374 2855 1862 2912; baseline 0.001 -16"><span class='ocrx_word' id='word_1_253' title='bbox 374 2856 398 2895; x_wconf 88' lang='grc'><strong>6</strong></span> <span class='ocrx_word' id='word_1_254' title='bbox 431 2855 508 2897; x_wconf 84' lang='lat' dir='ltr'><em>OS.</em></span> <span class='ocrx_word' id='word_1_255' title='bbox 533 2859 573 2908; x_wconf 90' lang='lat'><em>3,</em></span> <span class='ocrx_word' id='word_1_256' title='bbox 598 2860 664 2898; x_wconf 79' lang='lat'><em>12.</em></span> <span class='ocrx_word' id='word_1_257' title='bbox 724 2859 819 2899; x_wconf 84' lang='lat' dir='ltr'>Jer.</span> <span class='ocrx_word' id='word_1_258' title='bbox 843 2860 883 2910; x_wconf 76' lang='lat'><em>4,</em></span> <span class='ocrx_word' id='word_1_259' title='bbox 912 2861 975 2902; x_wconf 91' lang='grc'><em>11.</em></span> <span class='ocrx_word' id='word_1_260' title='bbox 1114 2861 1167 2900; x_wconf 75' lang='lat'><em>‘25</em></span> <span class='ocrx_word' id='word_1_261' title='bbox 1197 2859 1274 2901; x_wconf 84' lang='lat' dir='ltr'><em>Es.</em></span> <span class='ocrx_word' id='word_1_262' title='bbox 1300 2861 1366 2912; x_wconf 87' lang='lat'><em>11,</em></span> <span class='ocrx_word' id='word_1_263' title='bbox 1391 2861 1430 2900; x_wconf 77' lang='lat'><em>2.</em></span> <span class='ocrx_word' id='word_1_264' title='bbox 1578 2860 1630 2899; x_wconf 81' lang='lat'><em>29</em></span> <span class='ocrx_word' id='word_1_265' title='bbox 1661 2859 1736 2902; x_wconf 84' lang='lat' dir='ltr'><em>JO.</em></span> <span class='ocrx_word' id='word_1_266' title='bbox 1762 2860 1798 2906; x_wconf 89' lang='lat'><em>1,</em></span> <span class='ocrx_word' id='word_1_267' title='bbox 1822 2860 1862 2898; x_wconf 77' lang='grc' dir='ltr'><em>ὃ.</em></span> 
     </span>
    </p>
   </div>
  </div>
 </body>
</html>
