1992 3186
238 111 343 164 500
913 110 1164 152 EUSEBII

236 227 340 301 τὴν
371 233 448 294 εἰς
478 229 789 299 Βαβυλῶνα
821 230 1202 298 αἰχμαλωσίαν
1231 224 1359 292 τοὺς
1379 229 1438 283 ἐκ
1461 230 1640 300 φυλῆς
1663 224 1844 284 Ἰούδα

237 315 334 370 τοῦ
366 307 568 376 παντὸς
599 317 803 375 ἔθνους
834 307 1165 381 ἡγήσασθαι.
1242 313 1325 365 32.
1359 315 1416 366 τί
1444 315 1534 367 δεῖ
1559 312 1741 383 λέγειν
1772 308 1844 377 ὡς

237 393 371 469 μετὰ
410 394 511 465 τὴν
554 391 661 450 ἀπὸ
700 396 1037 464 Βαβυλῶνος
1080 390 1357 450 ἐπάνοδον
1397 385 1562 461 αὖθις
1599 392 1739 468 ὑπὲρ
1780 393 1844 450 τὰ

238 476 574 537 πεντακόσια
599 483 690 550 ἔτη
708 478 864 551 μέχρι
889 482 983 549 τῆς
1006 481 1104 533 τοῦ
1118 479 1363 551 Χριστοῦ
1384 479 1652 549 γενέσεως
1677 480 1844 535 διετέ-

239 572 408 619 λεσαν
432 567 679 637 πολιτεία
702 560 974 636 χρώμενοι
997 557 1438 635 ἀριστοκρατικῇ,
1465 563 1577 618 τῶν
1591 563 1693 634 μὲν
1709 559 1846 619 κατὰ
1867 584 1886 616 5

237 645 469 720 χρόνους
500 644 802 720 ἀρχιερέων
840 644 1166 718 ἡγουμένων
1205 650 1305 701 τοῦ
1345 650 1574 718 ἔθνους,
1617 642 1846 712 οὐδενὸς

241 731 301 786 δὲ
343 732 402 786 ἐκ
440 733 536 802 τῆς
577 732 676 787 τοῦ
698 727 879 787 Ἰούδα
908 731 1117 802 φυλῆς;
1162 726 1301 785 ὥστε
1344 731 1396 796 ἐξ
1427 725 1690 786 ἁπάντων
1719 728 1850 786 τού-

237 838 350 871 των
379 819 756 887 παρίστασθαι
799 811 873 886 μὴ
919 815 1007 870 ἐπὶ
1048 812 1143 869 τὸν
1175 815 1393 885 πρῶτον
1426 815 1640 871 ἐκεῖνον
1669 810 1849 887 ἄνδρα

237 896 335 955 τὸν
357 896 601 971 Ἰούδαν,
641 898 782 971 μηδε
824 898 910 955 ἐπὶ
942 920 1070 964 τους
1105 894 1397 970 διαδόχους
1438 894 1609 954 αυτοῦ
1639 893 1851 970 ἀναφέ-

194 1005 218 1037 d
241 993 439 1056 ρεσθαι
492 980 551 1039 τό
605 980 822 1054 φασκον
873 979 1106 1053 λόγιον“
1132 1004 1235 1037 ουκ
1275 985 1514 1050 ἐκλείψει
1551 1005 1751 1083 αρχων
1795 983 1846 1049 ἐξ
1872 1005 1911 1037 10

230 1065 430 1138 Ἰούδα,
463 1064 652 1124 οὐδὲ“
625 1065 955 1169 ηγούμενος
965 1069 1024 1122 ἐκ
1053 1069 1165 1122 τῶν
1186 1070 1380 1138 μηρῶν
1403 1062 1624 1137 αὐτοῦ,’
1666 1065 1850 1165 μόνως

243 1147 353 1206 δ’
332 1149 402 1207 οὶν
444 1156 678 1222 συσταίη
717 1174 784 1207 τα
824 1146 959 1206 κατὰ
1001 1148 1095 1206 τὸν
1124 1147 1321 1222 τόπον,
1365 1155 1416 1206 εἰ
1453 1173 1588 1206 κατα
1619 1173 1684 1206 τα
1713 1147 1851 1223 πρό-

240 1245 381 1292 σθεν
412 1233 545 1307 ῆμῖν
575 1232 958 1306 ἀποδεδομένα
982 1235 1109 1304 περὶ
1131 1238 1227 1304 τῆς
1245 1235 1426 1305 φυλῆς
1450 1231 1664 1304 ἁπάσης
1695 1234 1852 1304 λέγε-

240 1328 375 1376 σθαι
414 1323 585 1375 ταῦτα
629 1316 946 1390 νοήσαιμεν.
1023 1321 1105 1373 33.
1142 1313 1281 1388 αὕτη
1326 1321 1466 1388 γοῦν
1498 1319 1550 1384 ἐξ
1582 1315 1848 1391 ἀρχῆθεν,

241 1405 295 1469 ἐξ
313 1401 500 1459 αὐτῶν
522 1404 633 1458 τῶν
656 1401 792 1458 κατὰ
806 1401 1018 1458 Μωσέα
1039 1399 1275 1475 χρόνων,
1302 1403 1401 1458 τοῦ
1423 1398 1625 1467 παντὸς
1650 1406 1851 1468 ἔθνους
1875 1423 1915 1456 15

238 1484 506 1559 ἡγήσατο·
564 1484 700 1542 κατὰ
731 1489 870 1557 γοῦν
899 1483 1001 1557 τὴν
1029 1483 1232 1557 ταύτης
1264 1483 1644 1557 ἐπικράτειαν,
1678 1483 1750 1550 ὡς
1781 1481 1850 1542 ἂν

239 1567 487 1644 ἀρχῆθεν
525 1564 787 1642 ἡγεῖσθαι
826 1571 1343 1643 προκεχειρισμένης
1387 1566 1495 1626 ὑπὸ
1545 1572 1644 1625 τοῦ
1689 1571 1849 1641 θεοῦ,

234 1651 475 1711 Ἰουδαία
504 1677 562 1711 τε
595 1655 759 1710 εἰσέτι
789 1657 898 1710 νῦν
929 1651 1035 1709 ἀπὸ
1066 1655 1161 1725 τῆς
1191 1656 1372 1726 φυλῆς
1402 1648 1435 1726 ἦ
1466 1675 1526 1709 τε
1555 1651 1706 1726 χώρα
1739 1655 1850 1709 ἐπι-

241 1740 496 1810 κέκληται
528 1740 620 1795 καὶ
649 1735 709 1794 τὸ
744 1741 856 1794 πᾶν
881 1735 1068 1794 αὐτῶν
1091 1734 1341 1809 σύστημα
1363 1734 1651 1799 Ἰουδαίων
1681 1753 1854 1810 προσ-

243 1821 582 1895 αγορεύεται.
665 1819 809 1878 οὕτω
858 1827 1053 1879 τοίνυν
1101 1818 1401 1892 νοήσαιμεν
1450 1818 1511 1876 τὸ
1552 1817 1851 1891 λεγόμενον
1874 1842 1914 1874 20

130 1931 218 1974 [231]
247 1930 318 1972 ως
362 1911 411 1963 εἰ
449 1908 790 1978 σαφέστερον
830 1911 1047 1975 ἔλεγεν,
1093 1902 1195 1959 οὐκ
1237 1905 1476 1970 ἐκλείψει
1522 1905 1620 1958 τοῦ
1650 1902 1851 1968 παντὸς

130 2017 220 2057 (372)
250 1996 452 2055 ἔθνους
482 1988 760 2061 ἡγουμένη
790 1986 823 2059 ἡ
848 1993 944 2044 τοῦ
968 1984 1146 2044 Ἰούδα
1175 1984 1339 2058 φυλή.
1383 1990 1465 2042 34.
1493 1984 1522 2042 ὁ
1548 1989 1687 2058 γοῦν
1699 1985 1851 2059 Σύμ-

245 2096 412 2145 μαχος
466 2067 572 2127 “οὐ
625 2065 1144 2144 περιαιρεθησεται”
1205 2068 1446 2142 φησὶν
1451 2065 1693 2137 ἐξουσία
1745 2067 1851 2127 απὸ

237 2151 478 2226 Ἰούδα,”
511 2154 570 2212 τὸ
603 2154 1009 2221 ἐξουσιαστικόν
1042 2151 1222 2225 δήπου
1252 2155 1343 2209 καὶ
1383 2150 1612 2227 αρχικὸν
1641 2150 1852 2226 αξίωμα

244 2243 340 2312 τῆς
381 2237 516 2312 μετὰ
554 2242 726 2295 ταῦτα
766 2234 1079 2309 ὑποστάσης
1119 2240 1216 2293 τοῦ
1252 2233 1430 2294 Ἰούδα
1469 2240 1650 2308 φυλῆς
1693 2259 1850 2309 παρι-
1874 2260 1914 2292 25

246 2322 391 2389 στάς.
454 2321 655 2395 ταύτης
686 2324 824 2395 γοῦν
854 2319 981 2378 οὔτε
1010 2319 1068 2378 τὸ
1101 2324 1412 2394 σκῆπτρον,
1455 2316 1527 2386 ὡς
1567 2316 1595 2377 ὁ
1621 2316 1853 2386 Ἀκύλας

247 2409 412 2480 φησὶ,
460 2409 746 2479 βασιλικῆς
789 2406 850 2462 δὲ
879 2408 1038 2462 τοῦτο
1069 2403 1349 2477 σύμβολον
1378 2396 1448 2476 ῆν
1488 2402 1683 2477 ἀρχῆς,
1726 2401 1852 2460 οὔτε

247 2492 350 2563 τῂν
383 2493 639 2558 ἐξουσίαν
669 2488 807 2547 κατὰ
848 2487 944 2546 τὸν
976 2487 1279 2562 Σύμμαχον
1323 2486 1855 2563 περιαιρεθήσεσθαι

249 2580 528 2647 θεσπίζει,
563 2578 662 2642 ἕως
693 2569 763 2631 ἂν
794 2580 961 2646 ἔλθῃ,
994 2574 1193 2645 φησὶν,
1229 2565 1272 2647 ᾦ
1294 2570 1595 2643 ἀπόκειται,
1629 2573 1719 2628 καὶ
1753 2567 1856 2628 αὐ-

248 2658 345 2715 τὸν
378 2665 606 2715 ἔσεσθαι
635 2662 746 2715 τῶν
778 2661 964 2715 ἐθνων
994 2662 1348 2729 προσδοκίαν.
1411 2660 1494 2712 35.
1529 2662 1694 2712 ποίαν
1723 2653 1851 2710 ταύ·
1876 2677 1916 2710 30

250 2765 352 2812 την
381 2737 766 2814 προσδοκίαν
745 2766 778 2814 η
801 2740 902 2813 τὴν
925 2739 1093 2798 παλαι
1115 2764 1190 2797 τω
1217 2737 1458 2813 Ἀβρααμ
1483 2741 1573 2796 καὶ
1595 2751 1707 2805 τοῖς
1731 2736 1846 2810 μετ’

251 2822 421 2882 αὐτὸν
452 2844 790 2900 προπατορσι
815 2825 1346 2899 κεχρηματισμένην;
1379 2829 1598 2898 πρῶτον
1620 2847 1723 2895 μεν
1752 2845 1854 2879 ουν
