1992 3186
595 125 903 168 DEMONST.
936 126 1156 168 EVANG.
1186 126 1264 167 VI.
1299 127 1366 167 18.
1658 126 1761 178 397

154 242 215 301 τὸ
260 242 614 314 ἐπιλέγεσθαι
647 236 822 315 ε(πρὸς
877 242 1118 314 ἑσπέραν
1169 246 1320 298 ἔσται
1365 238 1545 313 φως,”
1599 238 1630 298 ὂ
1670 245 1762 299 καὶ

154 324 292 384 αὐτὸ
331 327 522 392 τέλους
565 324 896 398 ἐτύγχανεν,
937 322 1028 381 ὅτε
1068 323 1203 397 μετὰ
1244 323 1347 397 τὴν
1378 324 1578 398 ἐνάτην
1609 323 1760 399 ὤραν
1789 351 1811 383 b

156 402 323 476 αὖθις
361 407 422 466 τὸ
463 407 711 481 σύνηθες
751 412 869 480 φώς
910 407 1302 481 ἀπελάμβανεν
1340 404 1373 481 ἡ
1417 405 1604 482 ἡμέρα.
1674 413 1759 467 47.

153 496 246 551 καὶ
276 491 414 550 κατά
447 492 700 550 διάνοιαν
734 493 988 550 δὲταῦτα
1016 495 1350 566 ἐπληροῦτο,
1382 491 1629 551 καθόλου
1659 494 1763 566 μὲν

107 603 132 636 5
155 579 243 635 ἐπὶ
273 577 334 634 τὸ
357 576 645 635 Ἰουδαίων
676 582 870 647 ἔθνος,
910 574 1046 650 μετά
1083 576 1186 648 τὴν
1226 574 1363 633 κατὰ
1390 580 1490 634 τοῦ
1520 581 1763 651 Χριστοῦ

151 660 357 734 τόλμαν
397 660 626 727 σκότους
671 663 762 717 καὶ
793 658 974 733 πάγου
1004 662 1095 717 καὶ
1127 659 1338 733 ψύχους
1367 663 1760 734 γεγενημένου,

152 752 538 817 σκοτισθείσης
578 742 763 802 αὐτῶν
803 747 898 816 τῆς
930 750 1180 809 διανοίας
1222 750 1298 810 εἰς
1328 744 1388 801 τὸ
1418 744 1491 817 μὴ
1524 743 1763 817 αὐγάσαι

152 829 249 886 τὸν
289 827 575 902 φωτισμὸν
615 834 713 886 τοῦ
755 826 1083 900 εὐαγγελίου
1127 831 1188 884 ἐν
1225 841 1344 893 ταῖς
1376 834 1629 901 καρδίαις
1660 826 1764 885 αὕ-

152 918 292 985 τῶν,
325 919 594 985 ψυγείσης
616 935 675 968 τε
697 914 792 983 τῆς
818 910 954 984 πρὸς
976 911 1075 967 τὸν
1097 910 1236 968 θεὸν
1259 910 1494 984 ἀγάπης,
1527 918 1763 985 ἔμπαλιν

90 1024 131 1055 10
157 997 218 1053 δὲ
247 995 382 1070 πρὸς
411 1002 477 1070 τῇ
510 997 715 1071 ἑσπέρᾳ
744 994 804 1051 τὸ
834 998 955 1067 φῶς
984 997 1078 1068 τῆς
1110 993 1368 1067 γνώσεως
1395 999 1496 1052 τοῦ
1519 999 1764 1070 Χριστοῦ

152 1077 546 1151 ἀνατέταλκεν,
597 1078 669 1146 ὡς
710 1078 837 1146 τοὺς
877 1077 1045 1135 πάλαι
1088 1082 1440 1151 καθημένους
1482 1083 1543 1136 ἐν
1581 1078 1762 1137 σκότει
1793 1117 1811 1138 c

151 1165 244 1220 καὶ
275 1167 403 1239 σκιᾷ
441 1161 694 1221 θανάτου
732 1166 871 1236 μέγα
902 1161 962 1219 τὸ
994 1168 1112 1235 φῶς
1155 1167 1330 1235 ἰδεῖν,
1373 1161 1508 1219 κατὰ
1539 1161 1634 1229 τὰς
1665 1166 1765 1220 τοῦ

144 1245 374 1304 εΗσαΐου
406 1246 614 1320 φωνάς.

277 1335 361 1388 48.
391 1327 479 1388 Ἐν
511 1329 650 1405 αυτῇ
699 1329 766 1403 δὴ
806 1354 910 1387 ουν
953 1333 1020 1404 τῇ
1049 1328 1273 1404 τοιαύτῃ
1314 1326 1489 1405 ημέρα
1531 1334 1629 1387 τοῦ
1662 1355 1763 1387 κυ-

90 1441 130 1473 15
154 1421 307 1489 ρίου,
342 1415 706 1486 ἐξελεύσεται,
753 1415 954 1486 φησὶν,
985 1412 1140 1487 ὕδωρ
1173 1418 1279 1482 ζῶν
1312 1417 1363 1482 ἐξ
1385 1413 1759 1487 Ἰερουσαλήμ.

152 1502 312 1555 τοῦτο
354 1499 414 1554 δε
452 1499 523 1570 ἠν
564 1496 623 1555 τὸ
664 1496 887 1569 λογικὸν
927 1500 1018 1553 καὶ
1061 1494 1293 1570 πότιμον
1325 1498 1552 1566 ζωτικόν
1581 1521 1638 1554 τε
1670 1500 1760 1554 καὶ

154 1581 427 1654 σωτήριον
457 1605 562 1684 της
605 1586 703 1638 τοῦ
735 1583 977 1655 Χριστοῦ
1008 1586 1367 1646 διδασκαλίας
1408 1580 1603 1653 ποτὸν,
1636 1583 1763 1654 περὶ

154 1658 222 1722 οὗ
261 1667 351 1722 καὶ
405 1663 568 1730 αὐτὸς
618 1669 679 1722 ἐν
717 1670 798 1740 τῷ
833 1664 970 1721 κατὰ
1001 1663 1265 1737 Ἰωάννην
1322 1662 1623 1741 εὐαγγελίῳ
1661 1663 1763 1737 τὴν

152 1758 494 1823 Σαμαρειτιν
526 1747 812 1806 παιδεύων
836 1747 1059 1820 ἔλεγεν
1065 1744 1138 1804 εἰ
1157 1745 1310 1821 ἤδεις
1334 1755 1415 1815 τίς
1441 1752 1590 1806 ἐστιν
1618 1747 1647 1805 ὁ
1679 1751 1762 1805 λέ·
1787 1773 1873 1815 [182]

91 1860 132 1892 20
153 1857 270 1905 γων
300 1852 405 1905 σοι,
439 1831 532 1900 δός
555 1857 646 1906 μοι
669 1847 845 1935 πιεῑνυ,
869 1832 941 1890 σὺ
965 1827 1035 1889 ἂν
1057 1829 1261 1906 ᾔτησας
1286 1829 1475 1904 αυτὸν,
1508 1835 1599 1889 καὶ
1623 1837 1763 1890 ἔδω-

153 1941 251 1974 κεν
281 1915 350 1974 άν
381 1934 466 1974 σοι
496 1915 651 1990 ύδωρ
684 1914 845 1985 ζων.”
910 1914 1044 1972 αὐτὸ
1075 1917 1180 1972 οὐν
1209 1922 1368 1973 τοῦτο
1398 1916 1457 1973 τὸ
1490 1914 1763 1990 σωτήριον

155 1999 325 2057 ποτὸν
367 2003 419 2068 ἐξ
461 1999 628 2073 αὐτῆς
667 2004 762 2072 τῆς
794 1996 1151 2074 Ιερουσαλὴμ
1190 2006 1489 2073 προῆλθεν.
1559 2004 1642 2056 49.
1679 2002 1763 2056 ἐν-

154 2087 326 2141 θένδε
355 2088 493 2156 γοῦν
524 2083 739 2158 ὥρμητο
773 2081 945 2141 αὐτοῦ
967 2082 1024 2140 τό
1054 2081 1395 2155 εὐαγγέλιον,
1427 2085 1519 2140 καὶ
1550 2089 1608 2140 οἱ
1632 2082 1764 2140 τού-

155 2191 253 2226 του
293 2166 527 2242 κήρυκες
566 2174 751 2225 πᾶσαν
798 2169 1149 2240 κατέπλησαν
1186 2165 1290 2239 τήν
1329 2169 1686 2241 οἰκουμένην·
1734 2165 1766 2224 ὃ
1790 2192 1811 2223 d

93 2278 135 2311 25
156 2254 246 2309 καὶ
280 2255 541 2325 δηλοῦται
569 2250 659 2309 διά
680 2255 780 2309 τοῦ
801 2254 1062 2324 λέγεσθαι
1086 2247 1201 2317 “ει’ς
1225 2249 1325 2324 τὴν
1347 2249 1641 2309 θάλασσαν
1663 2251 1765 2324 τὴν

156 2335 382 2409 πρώτην
422 2339 514 2392 καὶ
558 2342 635 2402 εἰς
675 2335 778 2407 τὴν
816 2334 1110 2392 θάλασσαν
1148 2333 1250 2408 τὴν
1296 2333 1529 2408 ἐσχάτην
1567 2335 1626 2391 τὸ
1659 2337 1763 2402 ζῶν

154 2416 309 2493 ὕδωρ
352 2417 797 2492 ἐξελεύσεσθαι,”
848 2416 923 2476 δι’
968 2412 1047 2476 ὧν
1095 2418 1160 2476 τὰ
1199 2422 1294 2490 τῆς
1336 2417 1626 2490 συμπάσης
1664 2423 1763 2489 γῆς

157 2503 364 2575 πέρατα
395 2507 684 2575 δηλοῦται,
715 2501 782 2560 τά
810 2527 868 2560 τε
899 2501 1034 2577 πρὸς
1074 2508 1149 2579 τῷ
1200 2501 1504 2577 ἀνατολικςό
1536 2498 1763 2577 ὠκεανῷ

159 2583 348 2658 πρώτη
393 2585 642 2644 θάλαττα
687 2583 1061 2660 ὀνομαζόμενα
1113 2587 1205 2642 καὶ
1253 2583 1317 2641 τοὶ
1369 2582 1506 2641 κατὰ
1556 2583 1762 2642 δύοντα

96 2694 139 2726 30
162 2665 319 2739 ἥλιον
373 2667 463 2724 διὰ
503 2673 597 2740 τῆς
635 2670 910 2742 θαλάττης
956 2673 1050 2742 τῆς
1093 2667 1317 2741 ἐσχάτης
1366 2667 1760 2742 σημαινόμενα,

276 2861 327 2900 19
356 2859 428 2900 J0.
450 2862 490 2912 4,
517 2862 581 2903 10.
