<?xml version="1.0" encoding="UTF-8"?>
<!DOCTYPE html PUBLIC "-//W3C//DTD XHTML 1.0 Transitional//EN"
    "http://www.w3.org/TR/xhtml1/DTD/xhtml1-transitional.dtd">
<html xmlns="http://www.w3.org/1999/xhtml" xml:lang="en" lang="en">
 <head>
  <title>
</title>
<meta http-equiv="Content-Type" content="text/html;charset=utf-8" />
  <meta name='ocr-system' content='tesseract 3.04.00' />
  <meta name='ocr-capabilities' content='ocr_page ocr_carea ocr_par ocr_line ocrx_word'/>
</head>
<body>
  <div class='ocr_page' id='page_1' title='image "./operaeusebius03euseuoft_0483.png"; bbox 0 0 1992 3186; ppageno 0'>
   <div class='ocr_carea' id='block_1_1' title="bbox 548 110 1752 166">
    <p class='ocr_par' dir='ltr' id='par_1_1' title="bbox 548 110 1752 166">
     <span class='ocr_line' id='line_1_1' title="bbox 548 110 1752 166; baseline 0.007 -14"><span class='ocrx_word' id='word_1_1' title='bbox 548 110 856 153; x_wconf 88' lang='lat' dir='ltr'><strong>DEMONST.</strong></span> <span class='ocrx_word' id='word_1_2' title='bbox 886 111 1112 154; x_wconf 83' lang='lat' dir='ltr'><strong>EVANG.</strong></span> <span class='ocrx_word' id='word_1_3' title='bbox 1143 113 1246 155; x_wconf 92' lang='lat' dir='ltr'><strong>VII.</strong></span> <span class='ocrx_word' id='word_1_4' title='bbox 1281 115 1319 153; x_wconf 89' lang='lat'><strong><em>1.</em></strong></span> <span class='ocrx_word' id='word_1_5' title='bbox 1351 115 1391 156; x_wconf 84' lang='lat'><strong><em>2.</em></strong></span> <span class='ocrx_word' id='word_1_6' title='bbox 1646 113 1752 166; x_wconf 83' lang='grc'><strong><em>459</em></strong></span> 
     </span>
    </p>
   </div>
   <div class='ocr_carea' id='block_1_2' title="bbox 97 222 1751 723">
    <p class='ocr_par' dir='ltr' id='par_1_2' title="bbox 139 222 1751 553">
     <span class='ocr_line' id='line_1_2' title="bbox 139 222 1751 300; baseline 0.001 -17"><span class='ocrx_word' id='word_1_7' title='bbox 139 227 442 299; x_wconf 84' lang='grc' dir='ltr'><strong><em>τευομένου</em></strong></span> <span class='ocrx_word' id='word_1_8' title='bbox 482 231 560 292; x_wconf 87' lang='grc' dir='ltr'><strong><em>εἰς</em></strong></span> <span class='ocrx_word' id='word_1_9' title='bbox 600 222 939 296; x_wconf 73' lang='grc' dir='ltr'><em>ἀνθρώπους</em></span> <span class='ocrx_word' id='word_1_10' title='bbox 980 229 1300 300; x_wconf 80' lang='grc' dir='ltr'><em>ἐπιδημίας,</em></span> <span class='ocrx_word' id='word_1_11' title='bbox 1347 224 1416 284; x_wconf 78' lang='grc' dir='ltr'><strong><em>οὐ</em></strong></span> <span class='ocrx_word' id='word_1_12' title='bbox 1460 227 1573 300; x_wconf 78' lang='grc' dir='ltr'><strong><em>μὴν</em></strong></span> <span class='ocrx_word' id='word_1_13' title='bbox 1612 226 1751 286; x_wconf 78' lang='grc' dir='ltr'><strong><em>ἄλλα</em></strong></span> 
     </span>
     <span class='ocr_line' id='line_1_3' title="bbox 141 309 1750 387; baseline 0.002 -20"><span class='ocrx_word' id='word_1_14' title='bbox 141 311 232 367; x_wconf 86' lang='grc' dir='ltr'><strong><em>καὶ</em></strong></span> <span class='ocrx_word' id='word_1_15' title='bbox 263 309 292 367; x_wconf 88' lang='grc' dir='ltr'><em>ὃ</em></span> <span class='ocrx_word' id='word_1_16' title='bbox 323 310 525 384; x_wconf 79' lang='grc' dir='ltr'><strong><em>τρόπος</em></strong></span> <span class='ocrx_word' id='word_1_17' title='bbox 565 314 662 382; x_wconf 84' lang='grc' dir='ltr'><strong><em>τῆς</em></strong></span> <span class='ocrx_word' id='word_1_18' title='bbox 703 314 1029 383; x_wconf 80' lang='grc' dir='ltr'><strong><em>ἐπιφανείας</em></strong></span> <span class='ocrx_word' id='word_1_19' title='bbox 1060 309 1232 369; x_wconf 81' lang='grc' dir='ltr'><strong><em>αὐτοῦ</em></strong></span> <span class='ocrx_word' id='word_1_20' title='bbox 1274 311 1365 368; x_wconf 78' lang='grc' dir='ltr'><strong><em>διὰ</em></strong></span> <span class='ocrx_word' id='word_1_21' title='bbox 1395 316 1509 370; x_wconf 77' lang='grc' dir='ltr'><strong><em>τῶν</em></strong></span> <span class='ocrx_word' id='word_1_22' title='bbox 1539 335 1750 387; x_wconf 91' lang='grc' dir='ltr'><strong><em>προφη-</em></strong></span> 
     </span>
     <span class='ocr_line' id='line_1_4' title="bbox 140 393 1749 469; baseline 0.002 -18"><span class='ocrx_word' id='word_1_23' title='bbox 140 396 309 452; x_wconf 71' lang='grc' dir='ltr'><strong><em>τικῶν</em></strong></span> <span class='ocrx_word' id='word_1_24' title='bbox 339 393 727 452; x_wconf 83' lang='grc' dir='ltr'><strong><em>ἀποδέδεικται</em></strong></span> <span class='ocrx_word' id='word_1_25' title='bbox 757 401 1105 469; x_wconf 80' lang='grc' dir='ltr'><strong><em>μαρτυριῶν,</em></strong></span> <span class='ocrx_word' id='word_1_26' title='bbox 1147 394 1335 469; x_wconf 85' lang='grc' dir='ltr'><strong><em>καιρός</em></strong></span> <span class='ocrx_word' id='word_1_27' title='bbox 1376 393 1448 454; x_wconf 74' lang='grc' dir='ltr'><strong><em>ἂν</em></strong></span> <span class='ocrx_word' id='word_1_28' title='bbox 1478 405 1563 469; x_wconf 73' lang='grc' dir='ltr'><strong><em>εἴη</em></strong></span> <span class='ocrx_word' id='word_1_29' title='bbox 1595 415 1749 454; x_wconf 92' lang='grc' dir='ltr'><strong><em>συνι-</em></strong></span> 
     </span>
     <span class='ocr_line' id='line_1_5' title="bbox 143 478 1749 553; baseline 0.002 -18"><span class='ocrx_word' id='word_1_30' title='bbox 143 483 263 535; x_wconf 82' lang='grc' dir='ltr'><em>δεῖν</em></span> <span class='ocrx_word' id='word_1_31' title='bbox 293 482 402 535; x_wconf 85' lang='grc' dir='ltr'><strong><em>ποῦ</em></strong></span> <span class='ocrx_word' id='word_1_32' title='bbox 432 484 531 551; x_wconf 86' lang='grc' dir='ltr'><strong><em>γῆς</em></strong></span> <span class='ocrx_word' id='word_1_33' title='bbox 562 479 1019 552; x_wconf 85' lang='grc' dir='ltr'><strong><em>γεννηθήσεσθαι</em></strong></span> <span class='ocrx_word' id='word_1_34' title='bbox 1050 482 1141 536; x_wconf 87' lang='grc' dir='ltr'><strong><em>καὶ</em></strong></span> <span class='ocrx_word' id='word_1_35' title='bbox 1183 479 1322 537; x_wconf 80' lang='grc' dir='ltr'><strong><em>ὅθεν</em></strong></span> <span class='ocrx_word' id='word_1_36' title='bbox 1351 485 1549 552; x_wconf 79' lang='grc' dir='ltr'><strong><em>γένους</em></strong></span> <span class='ocrx_word' id='word_1_37' title='bbox 1579 478 1749 553; x_wconf 80' lang='grc' dir='ltr'><strong><em>ἥξειν,</em></strong></span> 
     </span>
    </p>

    <p class='ocr_par' dir='ltr' id='par_1_3' title="bbox 97 559 1751 723">
     <span class='ocr_line' id='line_1_6' title="bbox 97 559 1751 638; baseline 0.002 -20"><span class='ocrx_word' id='word_1_38' title='bbox 97 585 118 617; x_wconf 90' lang='lat'>5</span> <span class='ocrx_word' id='word_1_39' title='bbox 142 565 195 630; x_wconf 83' lang='grc' dir='ltr'><strong><em>ἐξ</em></strong></span> <span class='ocrx_word' id='word_1_40' title='bbox 225 559 420 629; x_wconf 80' lang='grc' dir='ltr'><strong><em>ὁποίας</em></strong></span> <span class='ocrx_word' id='word_1_41' title='bbox 449 587 508 620; x_wconf 90' lang='grc' dir='ltr'><strong><em>τε</em></strong></span> <span class='ocrx_word' id='word_1_42' title='bbox 531 561 805 635; x_wconf 78' lang='grc' dir='ltr'><strong><em>Ἐβραίων</em></strong></span> <span class='ocrx_word' id='word_1_43' title='bbox 834 562 1274 637; x_wconf 84' lang='grc' dir='ltr'><strong><em>προελεύσεσθαι</em></strong></span> <span class='ocrx_word' id='word_1_44' title='bbox 1304 567 1486 637; x_wconf 83' lang='grc' dir='ltr'><strong><em>φυλῆς</em></strong></span> <span class='ocrx_word' id='word_1_45' title='bbox 1519 565 1751 638; x_wconf 84' lang='grc' dir='ltr'><strong><em>ἐκηρύτ-</em></strong></span> 
     </span>
     <span class='ocr_line' id='line_1_7' title="bbox 138 644 1257 723; baseline 0.003 -20"><span class='ocrx_word' id='word_1_46' title='bbox 138 670 288 720; x_wconf 77' lang='grc' dir='ltr'><strong><em>τετο,</em></strong></span> <span class='ocrx_word' id='word_1_47' title='bbox 321 645 357 703; x_wconf 76' lang='grc' dir='ltr'><em>ὂέ</em></span> <span class='ocrx_word' id='word_1_48' title='bbox 388 650 481 704; x_wconf 86' lang='grc' dir='ltr'><strong><em>καὶ</em></strong></span> <span class='ocrx_word' id='word_1_49' title='bbox 512 644 656 704; x_wconf 71' lang='grc' dir='ltr'><strong><em>αὐτοὶ</em></strong></span> <span class='ocrx_word' id='word_1_50' title='bbox 686 651 823 722; x_wconf 85' lang='grc' dir='ltr'><strong><em>φέρε</em></strong></span> <span class='ocrx_word' id='word_1_51' title='bbox 855 648 1257 723; x_wconf 83' lang='grc' dir='ltr'><strong><em>ἐρευνήσωμεν.</em></strong></span> 
     </span>
    </p>
   </div>
   <div class='ocr_carea' id='block_1_3' title="bbox 682 868 1208 944">
    <p class='ocr_par' dir='ltr' id='par_1_4' title="bbox 682 868 1208 944">
     <span class='ocr_line' id='line_1_8' title="bbox 682 868 1208 944; baseline -0.004 -14"><span class='ocrx_word' id='word_1_52' title='bbox 682 868 811 930; x_wconf 83' lang='grc' dir='ltr'><strong><em>Ἀπό</em></strong></span> <span class='ocrx_word' id='word_1_53' title='bbox 842 877 943 928; x_wconf 85' lang='grc' dir='ltr'><strong><em>τοῦ</em></strong></span> <span class='ocrx_word' id='word_1_54' title='bbox 981 877 1208 944; x_wconf 88' lang='grc' dir='ltr'><strong><em>Μιχαία.</em></strong></span> 
     </span>
    </p>
   </div>
   <div class='ocr_carea' id='block_1_4' title="bbox 76 979 1862 2735">
    <p class='ocr_par' dir='ltr' id='par_1_5' title="bbox 76 979 1862 2735">
     <span class='ocr_line' id='line_1_9' title="bbox 265 979 1796 1056; baseline -0.001 -16"><span class='ocrx_word' id='word_1_55' title='bbox 265 984 323 1040; x_wconf 93' lang='grc' dir='ltr'><strong><em>ΙΙ.</em></strong></span> <span class='ocrx_word' id='word_1_56' title='bbox 351 979 499 1040; x_wconf 69' lang='lat' dir='ltr'><strong><em>“Kal</em></strong></span> <span class='ocrx_word' id='word_1_57' title='bbox 531 984 601 1040; x_wconf 84' lang='grc' dir='ltr'>σύ</span> <span class='ocrx_word' id='word_1_58' title='bbox 621 983 877 1055; x_wconf 74' lang='grc' dir='ltr'><strong><em>Βηθλεὲμ</em></strong></span> <span class='ocrx_word' id='word_1_59' title='bbox 899 983 1047 1049; x_wconf 82' lang='grc' dir='ltr'><strong><em>οἶκος</em></strong></span> <span class='ocrx_word' id='word_1_60' title='bbox 1069 987 1168 1040; x_wconf 82' lang='grc' dir='ltr'><strong><em>τοῦ</em></strong></span> <span class='ocrx_word' id='word_1_61' title='bbox 1192 981 1444 1056; x_wconf 81' lang='grc' dir='ltr'><strong><em>Ἐφραθά</em></strong></span> <span class='ocrx_word' id='word_1_62' title='bbox 1463 982 1748 1056; x_wconf 80' lang='grc' dir='ltr'><strong><em>ὀλιγοστὸς</em></strong></span> <span class='ocrx_word' id='word_1_63' title='bbox 1772 1007 1796 1039; x_wconf 83' lang='lat' dir='ltr'>d</span> 
     </span>
     <span class='ocr_line' id='line_1_10' title="bbox 139 1064 1751 1140; baseline 0 -15"><span class='ocrx_word' id='word_1_64' title='bbox 139 1067 193 1125; x_wconf 81' lang='grc' dir='ltr'><strong><em>εἴ</em></strong></span> <span class='ocrx_word' id='word_1_65' title='bbox 217 1071 318 1124; x_wconf 82' lang='grc' dir='ltr'><strong><em>τοῦ</em></strong></span> <span class='ocrx_word' id='word_1_66' title='bbox 348 1067 491 1124; x_wconf 85' lang='grc' dir='ltr'><strong><em>εἶναι</em></strong></span> <span class='ocrx_word' id='word_1_67' title='bbox 534 1071 595 1125; x_wconf 84' lang='grc' dir='ltr'><strong><em>ἐν</em></strong></span> <span class='ocrx_word' id='word_1_68' title='bbox 633 1065 872 1140; x_wconf 78' lang='grc' dir='ltr'><strong><em>χιλιάσιν</em></strong></span> <span class='ocrx_word' id='word_1_69' title='bbox 897 1064 1107 1138; x_wconf 82' lang='grc' dir='ltr'><strong><em>Ἰούδα,</em></strong></span> <span class='ocrx_word' id='word_1_70' title='bbox 1152 1072 1211 1125; x_wconf 89' lang='grc' dir='ltr'><strong><em>ἐκ</em></strong></span> <span class='ocrx_word' id='word_1_71' title='bbox 1250 1071 1355 1124; x_wconf 80' lang='grc' dir='ltr'><strong><em>σοῦ</em></strong></span> <span class='ocrx_word' id='word_1_72' title='bbox 1398 1091 1491 1140; x_wconf 92' lang='grc' dir='ltr'><strong><em>μοι</em></strong></span> <span class='ocrx_word' id='word_1_73' title='bbox 1535 1067 1751 1135; x_wconf 83' lang='grc' dir='ltr'><strong><em>ἐξελεύ-</em></strong></span> 
     </span>
     <span class='ocr_line' id='line_1_11' title="bbox 76 1148 1862 1228; baseline 0.001 -23"><span class='ocrx_word' id='word_1_74' title='bbox 76 1174 116 1206; x_wconf 85' lang='lat'><strong><em>10</em></strong></span> <span class='ocrx_word' id='word_1_75' title='bbox 138 1169 291 1209; x_wconf 85' lang='grc' dir='ltr'><strong><em>σεται</em></strong></span> <span class='ocrx_word' id='word_1_76' title='bbox 320 1148 646 1224; x_wconf 80' lang='grc' dir='ltr'><strong><em>ἡγούμενος,</em></strong></span> <span class='ocrx_word' id='word_1_77' title='bbox 676 1154 776 1208; x_wconf 80' lang='grc' dir='ltr'><strong><em>τοῦ</em></strong></span> <span class='ocrx_word' id='word_1_78' title='bbox 797 1151 940 1208; x_wconf 85' lang='grc' dir='ltr'><strong><em>εἶναι</em></strong></span> <span class='ocrx_word' id='word_1_79' title='bbox 963 1157 1041 1217; x_wconf 85' lang='grc' dir='ltr'><strong><em>εἰς</em></strong></span> <span class='ocrx_word' id='word_1_80' title='bbox 1062 1150 1301 1225; x_wconf 74' lang='grc' dir='ltr'><strong><em>ἄρχοντα</em></strong></span> <span class='ocrx_word' id='word_1_81' title='bbox 1333 1154 1393 1210; x_wconf 88' lang='grc' dir='ltr'><strong><em>ἐν</em></strong></span> <span class='ocrx_word' id='word_1_82' title='bbox 1412 1157 1488 1228; x_wconf 78' lang='grc' dir='ltr'><strong><em>τῷ</em></strong></span> <span class='ocrx_word' id='word_1_83' title='bbox 1512 1149 1746 1226; x_wconf 84' lang='grc' dir='ltr'><strong><em>Ἰσραὴλ,</em></strong></span> <span class='ocrx_word' id='word_1_84' title='bbox 1771 1174 1862 1217; x_wconf 65' lang='lat'><strong>(341)</strong></span> 
     </span>
     <span class='ocr_line' id='line_1_12' title="bbox 138 1231 1744 1309; baseline 0.001 -17"><span class='ocrx_word' id='word_1_85' title='bbox 138 1237 229 1292; x_wconf 88' lang='grc' dir='ltr'><strong><em>καὶ</em></strong></span> <span class='ocrx_word' id='word_1_86' title='bbox 276 1241 338 1292; x_wconf 77' lang='grc' dir='ltr'><strong><em>αἱ</em></strong></span> <span class='ocrx_word' id='word_1_87' title='bbox 379 1239 556 1303; x_wconf 81' lang='grc' dir='ltr'><strong><em>ἔξοδοι</em></strong></span> <span class='ocrx_word' id='word_1_88' title='bbox 600 1234 773 1292; x_wconf 82' lang='grc' dir='ltr'><strong><em>αὐτοῦ</em></strong></span> <span class='ocrx_word' id='word_1_89' title='bbox 817 1231 915 1292; x_wconf 75' lang='grc' dir='ltr'><strong><em>ἀπ’</em></strong></span> <span class='ocrx_word' id='word_1_90' title='bbox 959 1233 1130 1309; x_wconf 77' lang='grc' dir='ltr'><strong><em>ἀρχῆς</em></strong></span> <span class='ocrx_word' id='word_1_91' title='bbox 1177 1238 1230 1304; x_wconf 81' lang='grc' dir='ltr'><strong><em>ἐξ</em></strong></span> <span class='ocrx_word' id='word_1_92' title='bbox 1273 1232 1498 1309; x_wconf 75' lang='grc' dir='ltr'><strong><em>ἡμερῶν</em></strong></span> <span class='ocrx_word' id='word_1_93' title='bbox 1528 1239 1744 1302; x_wconf 79' lang='grc' dir='ltr'><strong><em>αι’ὦνος.</em></strong></span> 
     </span>
     <span class='ocr_line' id='line_1_13' title="bbox 139 1316 1750 1393; baseline 0.001 -18"><span class='ocrx_word' id='word_1_94' title='bbox 139 1318 231 1375; x_wconf 82' lang='grc' dir='ltr'><strong><em>διὰ</em></strong></span> <span class='ocrx_word' id='word_1_95' title='bbox 261 1323 422 1376; x_wconf 81' lang='grc' dir='ltr'><strong><em>τοῦτο</em></strong></span> <span class='ocrx_word' id='word_1_96' title='bbox 456 1318 623 1376; x_wconf 78' lang='grc' dir='ltr'><strong><em>δώσει</em></strong></span> <span class='ocrx_word' id='word_1_97' title='bbox 655 1316 858 1385; x_wconf 73' lang='grc' dir='ltr'><strong><em>αὐτοὺς</em></strong></span> <span class='ocrx_word' id='word_1_98' title='bbox 890 1322 991 1386; x_wconf 79' lang='grc' dir='ltr'><strong><em>ἕως</em></strong></span> <span class='ocrx_word' id='word_1_99' title='bbox 1022 1324 1218 1392; x_wconf 86' lang='grc' dir='ltr'><strong><em>καιροῦ</em></strong></span> <span class='ocrx_word' id='word_1_100' title='bbox 1247 1318 1561 1393; x_wconf 84' lang='grc' dir='ltr'><strong><em>τικτούσης·</em></strong></span> <span class='ocrx_word' id='word_1_101' title='bbox 1608 1324 1750 1388; x_wconf 81' lang='grc' dir='ltr'><strong><em>τέξε-</em></strong></span> 
     </span>
     <span class='ocr_line' id='line_1_14' title="bbox 138 1400 1750 1478; baseline 0.001 -19"><span class='ocrx_word' id='word_1_102' title='bbox 138 1427 255 1475; x_wconf 86' lang='grc' dir='ltr'><strong><em>ται,</em></strong></span> <span class='ocrx_word' id='word_1_103' title='bbox 297 1405 390 1460; x_wconf 88' lang='grc' dir='ltr'><strong><em>καὶ</em></strong></span> <span class='ocrx_word' id='word_1_104' title='bbox 429 1408 487 1460; x_wconf 78' lang='grc' dir='ltr'><strong><em>οἱ</em></strong></span> <span class='ocrx_word' id='word_1_105' title='bbox 523 1406 795 1460; x_wconf 84' lang='grc' dir='ltr'><strong><em>ἐπίλοιποι</em></strong></span> <span class='ocrx_word' id='word_1_106' title='bbox 834 1407 946 1460; x_wconf 76' lang='grc' dir='ltr'><strong><em>τῶν</em></strong></span> <span class='ocrx_word' id='word_1_107' title='bbox 985 1400 1248 1476; x_wconf 74' lang='grc' dir='ltr'><strong><em>ἀδελφῶν</em></strong></span> <span class='ocrx_word' id='word_1_108' title='bbox 1287 1402 1475 1461; x_wconf 77' lang='grc' dir='ltr'><strong><em>αὐτῶν</em></strong></span> <span class='ocrx_word' id='word_1_109' title='bbox 1506 1407 1750 1478; x_wconf 87' lang='grc' dir='ltr'><strong><em>ἐπιστρέ-</em></strong></span> 
     </span>
     <span class='ocr_line' id='line_1_15' title="bbox 138 1486 1750 1559; baseline 0 -15"><span class='ocrx_word' id='word_1_110' title='bbox 138 1500 342 1554; x_wconf 75' lang='grc' dir='ltr'><strong><em>φουσιν</em></strong></span> <span class='ocrx_word' id='word_1_111' title='bbox 368 1490 457 1544; x_wconf 86' lang='grc' dir='ltr'><strong><em>ἐπὶ</em></strong></span> <span class='ocrx_word' id='word_1_112' title='bbox 479 1487 606 1553; x_wconf 79' lang='grc' dir='ltr'><strong><em>τοὺς</em></strong></span> <span class='ocrx_word' id='word_1_113' title='bbox 632 1486 792 1554; x_wconf 75' lang='grc' dir='ltr'><strong><em>υἱούς</em></strong></span> <span class='ocrx_word' id='word_1_114' title='bbox 810 1486 1041 1559; x_wconf 86' lang='grc' dir='ltr'><strong><em>Ἰσραήλ.</em></strong></span> <span class='ocrx_word' id='word_1_115' title='bbox 1095 1491 1188 1544; x_wconf 85' lang='grc' dir='ltr'><strong><em>καὶ</em></strong></span> <span class='ocrx_word' id='word_1_116' title='bbox 1205 1487 1482 1559; x_wconf 83' lang='grc' dir='ltr'><strong><em>στήσεται,</em></strong></span> <span class='ocrx_word' id='word_1_117' title='bbox 1509 1491 1600 1545; x_wconf 85' lang='grc' dir='ltr'><strong><em>καὶ</em></strong></span> <span class='ocrx_word' id='word_1_118' title='bbox 1624 1486 1750 1556; x_wconf 79' lang='grc' dir='ltr'><strong><em>ὅψε-</em></strong></span> 
     </span>
     <span class='ocr_line' id='line_1_16' title="bbox 77 1567 1749 1645; baseline 0.002 -20"><span class='ocrx_word' id='word_1_119' title='bbox 77 1592 117 1625; x_wconf 90' lang='lat'><strong><em>15</em></strong></span> <span class='ocrx_word' id='word_1_120' title='bbox 138 1595 255 1645; x_wconf 79' lang='grc' dir='ltr'><strong><em>ται,</em></strong></span> <span class='ocrx_word' id='word_1_121' title='bbox 281 1573 373 1628; x_wconf 86' lang='grc' dir='ltr'><strong><em>καὶ</em></strong></span> <span class='ocrx_word' id='word_1_122' title='bbox 404 1585 666 1643; x_wconf 81' lang='grc' dir='ltr'><strong><em>ποιμανεῖ</em></strong></span> <span class='ocrx_word' id='word_1_123' title='bbox 690 1570 752 1628; x_wconf 85' lang='grc' dir='ltr'><strong><em>τό</em></strong></span> <span class='ocrx_word' id='word_1_124' title='bbox 784 1578 1042 1644; x_wconf 86' lang='grc' dir='ltr'><strong><em>ποίμνιον</em></strong></span> <span class='ocrx_word' id='word_1_125' title='bbox 1074 1567 1246 1629; x_wconf 75' lang='grc' dir='ltr'><strong><em>αὑτοῦ</em></strong></span> <span class='ocrx_word' id='word_1_126' title='bbox 1272 1575 1332 1628; x_wconf 89' lang='grc' dir='ltr'><strong><em>ἐν</em></strong></span> <span class='ocrx_word' id='word_1_127' title='bbox 1363 1570 1516 1644; x_wconf 81' lang='grc' dir='ltr'><strong><em>ἰσχύι·</em></strong></span> <span class='ocrx_word' id='word_1_128' title='bbox 1542 1571 1749 1645; x_wconf 86' lang='grc' dir='ltr'><strong><em>κύριος,</em></strong></span> 
     </span>
     <span class='ocr_line' id='line_1_17' title="bbox 139 1654 1750 1729; baseline 0 -17"><span class='ocrx_word' id='word_1_129' title='bbox 139 1658 231 1712; x_wconf 86' lang='grc' dir='ltr'><strong><em>καὶ</em></strong></span> <span class='ocrx_word' id='word_1_130' title='bbox 253 1658 313 1712; x_wconf 88' lang='grc' dir='ltr'><strong><em>ἐν</em></strong></span> <span class='ocrx_word' id='word_1_131' title='bbox 333 1661 399 1729; x_wconf 85' lang='grc' dir='ltr'><strong><em>τῇ</em></strong></span> <span class='ocrx_word' id='word_1_132' title='bbox 421 1654 552 1729; x_wconf 81' lang='grc' dir='ltr'><strong><em>δόξῃ</em></strong></span> <span class='ocrx_word' id='word_1_133' title='bbox 570 1659 670 1712; x_wconf 82' lang='grc' dir='ltr'><strong><em>τοῦ</em></strong></span> <span class='ocrx_word' id='word_1_134' title='bbox 688 1654 953 1728; x_wconf 86' lang='grc' dir='ltr'><strong><em>ὀνόματος</em></strong></span> <span class='ocrx_word' id='word_1_135' title='bbox 974 1661 1172 1727; x_wconf 79' lang='grc' dir='ltr'><strong><em>κυρίου</em></strong></span> <span class='ocrx_word' id='word_1_136' title='bbox 1193 1658 1335 1713; x_wconf 81' lang='grc' dir='ltr'><strong><em>θεοῦ</em></strong></span> <span class='ocrx_word' id='word_1_137' title='bbox 1354 1654 1545 1712; x_wconf 69' lang='grc' dir='ltr'><strong><em>αὐτῶν</em></strong></span> <span class='ocrx_word' id='word_1_138' title='bbox 1574 1654 1750 1726; x_wconf 84' lang='grc' dir='ltr'><strong><em>ὑπάρ-</em></strong></span> 
     </span>
     <span class='ocr_line' id='line_1_18' title="bbox 138 1737 1751 1813; baseline 0.001 -17"><span class='ocrx_word' id='word_1_139' title='bbox 138 1743 308 1807; x_wconf 80' lang='grc' dir='ltr'><strong><em>ξουσι.</em></strong></span> <span class='ocrx_word' id='word_1_140' title='bbox 384 1737 524 1796; x_wconf 87' lang='grc' dir='ltr'><strong><em>διότι</em></strong></span> <span class='ocrx_word' id='word_1_141' title='bbox 563 1744 671 1796; x_wconf 87' lang='grc' dir='ltr'><strong><em>νῦν</em></strong></span> <span class='ocrx_word' id='word_1_142' title='bbox 715 1739 1240 1812; x_wconf 83' lang='grc' dir='ltr'><strong><em>μεγαλυνθήσονται</em></strong></span> <span class='ocrx_word' id='word_1_143' title='bbox 1281 1743 1382 1806; x_wconf 84' lang='grc' dir='ltr'><strong><em>ε’ως</em></strong></span> <span class='ocrx_word' id='word_1_144' title='bbox 1423 1764 1612 1813; x_wconf 85' lang='grc' dir='ltr'><strong><em>ακρων</em></strong></span> <span class='ocrx_word' id='word_1_145' title='bbox 1654 1743 1751 1812; x_wconf 86' lang='grc' dir='ltr'><strong><em>τῆς</em></strong></span> 
     </span>
     <span class='ocr_line' id='line_1_19' title="bbox 138 1820 987 1898; baseline 0.001 -19"><span class='ocrx_word' id='word_1_146' title='bbox 138 1828 268 1896; x_wconf 80' lang='grc' dir='ltr'><strong><em>γῆς,</em></strong></span> <span class='ocrx_word' id='word_1_147' title='bbox 300 1825 393 1880; x_wconf 84' lang='grc' dir='ltr'><strong><em>καὶ</em></strong></span> <span class='ocrx_word' id='word_1_148' title='bbox 425 1828 577 1880; x_wconf 85' lang='grc' dir='ltr'><strong><em>ἔσται</em></strong></span> <span class='ocrx_word' id='word_1_149' title='bbox 608 1820 747 1896; x_wconf 80' lang='grc' dir='ltr'><strong><em>αὕτη</em></strong></span> <span class='ocrx_word' id='word_1_150' title='bbox 780 1822 987 1898; x_wconf 83' lang='grc' dir='ltr'><strong><em>εἰρήνη.</em></strong></span> 
     </span>
     <span class='ocr_line' id='line_1_20' title="bbox 264 1904 1750 1981; baseline 0 -17"><span class='ocrx_word' id='word_1_151' title='bbox 264 1912 312 1965; x_wconf 79' lang='lat'><strong><em>2.</em></strong></span> <span class='ocrx_word' id='word_1_152' title='bbox 320 1906 669 1980; x_wconf 83' lang='grc' dir='ltr'><strong><em>Ἐμμανουὴλ</em></strong></span> <span class='ocrx_word' id='word_1_153' title='bbox 689 1907 1241 1981; x_wconf 79' lang='grc' dir='ltr'><strong><em>μεθερμηνευόμενος</em></strong></span> <span class='ocrx_word' id='word_1_154' title='bbox 1261 1904 1392 1979; x_wconf 88' lang='grc' dir='ltr'><strong><em>μεθ’</em></strong></span> <span class='ocrx_word' id='word_1_155' title='bbox 1417 1906 1574 1980; x_wconf 72' lang='grc' dir='ltr'><strong><em>ἡμῶν</em></strong></span> <span class='ocrx_word' id='word_1_156' title='bbox 1595 1906 1750 1980; x_wconf 83' lang='grc' dir='ltr'><strong><em>θεὸς,</em></strong></span> 
     </span>
     <span class='ocr_line' id='line_1_21' title="bbox 76 1990 1799 2064; baseline 0.003 -19"><span class='ocrx_word' id='word_1_157' title='bbox 76 2014 117 2046; x_wconf 83' lang='lat'><strong><em>20</em></strong></span> <span class='ocrx_word' id='word_1_158' title='bbox 144 1993 202 2047; x_wconf 87' lang='grc' dir='ltr'><strong><em>ἐκ</em></strong></span> <span class='ocrx_word' id='word_1_159' title='bbox 230 1993 326 2063; x_wconf 83' lang='grc' dir='ltr'><strong><em>τῆς</em></strong></span> <span class='ocrx_word' id='word_1_160' title='bbox 356 1994 646 2064; x_wconf 82' lang='grc' dir='ltr'><strong><em>παρθένου</em></strong></span> <span class='ocrx_word' id='word_1_161' title='bbox 677 1991 1023 2064; x_wconf 71' lang='grc' dir='ltr'><strong><em>γεννώμενος</em></strong></span> <span class='ocrx_word' id='word_1_162' title='bbox 1040 2037 1054 2062; x_wconf 85' lang='grc'><em>,</em></span> <span class='ocrx_word' id='word_1_163' title='bbox 1086 1994 1178 2048; x_wconf 83' lang='grc' dir='ltr'><strong><em>καὶ</em></strong></span> <span class='ocrx_word' id='word_1_164' title='bbox 1209 1996 1436 2048; x_wconf 92' lang='grc' dir='ltr'><strong><em>παιδίον</em></strong></span> <span class='ocrx_word' id='word_1_165' title='bbox 1464 1990 1752 2064; x_wconf 87' lang='grc' dir='ltr'><strong><em>γινόμενος</em></strong></span> <span class='ocrx_word' id='word_1_166' title='bbox 1779 2019 1799 2051; x_wconf 85' lang='lat' dir='ltr'>b</span> 
     </span>
     <span class='ocr_line' id='line_1_22' title="bbox 139 2073 1753 2149; baseline 0.001 -17"><span class='ocrx_word' id='word_1_167' title='bbox 139 2073 168 2132; x_wconf 84' lang='grc' dir='ltr'><em>ὅ</em></span> <span class='ocrx_word' id='word_1_168' title='bbox 198 2082 293 2148; x_wconf 88' lang='grc' dir='ltr'><strong><em>τῆς</em></strong></span> <span class='ocrx_word' id='word_1_169' title='bbox 331 2074 572 2148; x_wconf 77' lang='grc' dir='ltr'><strong><em>μεγάλης</em></strong></span> <span class='ocrx_word' id='word_1_170' title='bbox 614 2079 820 2149; x_wconf 83' lang='grc' dir='ltr'><strong><em>βουλῆς</em></strong></span> <span class='ocrx_word' id='word_1_171' title='bbox 859 2074 1119 2148; x_wconf 81' lang='grc' dir='ltr'><strong><em>ἅγγελος,</em></strong></span> <span class='ocrx_word' id='word_1_172' title='bbox 1167 2079 1356 2148; x_wconf 75' lang='grc' dir='ltr'><strong><em>σαφῶς</em></strong></span> <span class='ocrx_word' id='word_1_173' title='bbox 1401 2078 1628 2149; x_wconf 78' lang='grc' dir='ltr'><strong><em>ἐδείχθη</em></strong></span> <span class='ocrx_word' id='word_1_174' title='bbox 1661 2075 1753 2133; x_wconf 77' lang='grc' dir='ltr'><strong><em>διὰ</em></strong></span> 
     </span>
     <span class='ocr_line' id='line_1_23' title="bbox 138 2157 1754 2234; baseline 0.001 -18"><span class='ocrx_word' id='word_1_175' title='bbox 138 2163 250 2217; x_wconf 78' lang='grc' dir='ltr'><strong><em>τῶν</em></strong></span> <span class='ocrx_word' id='word_1_176' title='bbox 280 2162 806 2233; x_wconf 82' lang='grc' dir='ltr'><strong><em>προεκτεθειμένων.</em></strong></span> <span class='ocrx_word' id='word_1_177' title='bbox 867 2157 989 2217; x_wconf 75' lang='grc' dir='ltr'><strong><em>ἀλλ’</em></strong></span> <span class='ocrx_word' id='word_1_178' title='bbox 1025 2163 1191 2234; x_wconf 87' lang='grc' dir='ltr'><strong><em>ἐχρῆν</em></strong></span> <span class='ocrx_word' id='word_1_179' title='bbox 1221 2162 1313 2216; x_wconf 86' lang='grc' dir='ltr'><strong><em>καὶ</em></strong></span> <span class='ocrx_word' id='word_1_180' title='bbox 1343 2158 1440 2216; x_wconf 85' lang='grc' dir='ltr'><strong><em>τόν</em></strong></span> <span class='ocrx_word' id='word_1_181' title='bbox 1470 2163 1565 2232; x_wconf 83' lang='grc' dir='ltr'><strong><em>τῆς</em></strong></span> <span class='ocrx_word' id='word_1_182' title='bbox 1596 2163 1754 2232; x_wconf 78' lang='grc' dir='ltr'><strong><em>γενέ-</em></strong></span> 
     </span>
     <span class='ocr_line' id='line_1_24' title="bbox 140 2241 1753 2318; baseline 0.001 -18"><span class='ocrx_word' id='word_1_183' title='bbox 140 2261 279 2310; x_wconf 86' lang='grc' dir='ltr'><strong><em>σεως</em></strong></span> <span class='ocrx_word' id='word_1_184' title='bbox 320 2241 496 2301; x_wconf 79' lang='grc' dir='ltr'><strong><em>αὐτοῦ</em></strong></span> <span class='ocrx_word' id='word_1_185' title='bbox 535 2247 895 2318; x_wconf 85' lang='grc' dir='ltr'><strong><em>σημανθῆναι</em></strong></span> <span class='ocrx_word' id='word_1_186' title='bbox 924 2243 1108 2301; x_wconf 92' lang='grc' dir='ltr'><strong><em>τόπον.</em></strong></span> <span class='ocrx_word' id='word_1_187' title='bbox 1179 2242 1585 2318; x_wconf 85' lang='grc' dir='ltr'><strong><em>προφητεύεται</em></strong></span> <span class='ocrx_word' id='word_1_188' title='bbox 1616 2246 1753 2317; x_wconf 81' lang='grc' dir='ltr'><strong><em>δῆτα</em></strong></span> 
     </span>
     <span class='ocr_line' id='line_1_25' title="bbox 142 2325 1751 2403; baseline 0 -19"><span class='ocrx_word' id='word_1_189' title='bbox 142 2330 202 2384; x_wconf 88' lang='grc' dir='ltr'><strong><em>ἐκ</em></strong></span> <span class='ocrx_word' id='word_1_190' title='bbox 232 2329 489 2401; x_wconf 84' lang='grc' dir='ltr'><strong><em>Βηθλεέμ</em></strong></span> <span class='ocrx_word' id='word_1_191' title='bbox 531 2352 614 2394; x_wconf 87' lang='grc' dir='ltr'><strong><em>τις</em></strong></span> <span class='ocrx_word' id='word_1_192' title='bbox 657 2327 1045 2396; x_wconf 83' lang='grc' dir='ltr'><strong><em>ἐξελεύσεσθαι</em></strong></span> <span class='ocrx_word' id='word_1_193' title='bbox 1083 2326 1269 2401; x_wconf 78' lang='grc' dir='ltr'><strong><em>ἅρχων</em></strong></span> <span class='ocrx_word' id='word_1_194' title='bbox 1311 2331 1372 2384; x_wconf 86' lang='grc' dir='ltr'><strong><em>ἐν</em></strong></span> <span class='ocrx_word' id='word_1_195' title='bbox 1410 2332 1486 2403; x_wconf 75' lang='grc' dir='ltr'><strong><em>τῷ</em></strong></span> <span class='ocrx_word' id='word_1_196' title='bbox 1518 2325 1751 2399; x_wconf 80' lang='grc' dir='ltr'><strong><em>Ἰσραὴλ,</em></strong></span> 
     </span>
     <span class='ocr_line' id='line_1_26' title="bbox 79 2409 1753 2487; baseline 0.002 -23"><span class='ocrx_word' id='word_1_197' title='bbox 79 2430 122 2463; x_wconf 81' lang='lat'><strong><em>25</em></strong></span> <span class='ocrx_word' id='word_1_198' title='bbox 142 2410 237 2476; x_wconf 77' lang='grc' dir='ltr'><strong><em>τὰς</em></strong></span> <span class='ocrx_word' id='word_1_199' title='bbox 268 2410 491 2478; x_wconf 83' lang='grc' dir='ltr'><strong><em>ἐξόδους</em></strong></span> <span class='ocrx_word' id='word_1_200' title='bbox 520 2409 619 2469; x_wconf 78' lang='grc' dir='ltr'><strong><em>ἀπ’</em></strong></span> <span class='ocrx_word' id='word_1_201' title='bbox 653 2409 824 2487; x_wconf 70' lang='grc' dir='ltr'><strong><em>ἀρχῆς</em></strong></span> <span class='ocrx_word' id='word_1_202' title='bbox 856 2415 909 2479; x_wconf 84' lang='grc' dir='ltr'><strong><em>ἐξ</em></strong></span> <span class='ocrx_word' id='word_1_203' title='bbox 932 2411 1155 2484; x_wconf 76' lang='grc' dir='ltr'><strong><em>ἡμερῶν</em></strong></span> <span class='ocrx_word' id='word_1_204' title='bbox 1171 2415 1372 2477; x_wconf 74' lang='grc' dir='ltr'><strong><em>αἰῶνος</em></strong></span> <span class='ocrx_word' id='word_1_205' title='bbox 1395 2417 1550 2484; x_wconf 81' lang='grc' dir='ltr'><strong><em>ἔχων.</em></strong></span> <span class='ocrx_word' id='word_1_206' title='bbox 1592 2415 1753 2468; x_wconf 85' lang='grc' dir='ltr'><strong><em>τοῦτο</em></strong></span> 
     </span>
     <span class='ocr_line' id='line_1_27' title="bbox 146 2491 1752 2571; baseline 0.002 -23"><span class='ocrx_word' id='word_1_207' title='bbox 146 2493 208 2549; x_wconf 75' lang='grc' dir='ltr'><strong><em>δὲ</em></strong></span> <span class='ocrx_word' id='word_1_208' title='bbox 237 2492 341 2550; x_wconf 81' lang='grc' dir='ltr'><strong><em>οὐκ</em></strong></span> <span class='ocrx_word' id='word_1_209' title='bbox 371 2491 442 2551; x_wconf 73' lang='grc' dir='ltr'><strong><em>ἂν</em></strong></span> <span class='ocrx_word' id='word_1_210' title='bbox 473 2496 837 2570; x_wconf 85' lang='grc' dir='ltr'><strong><em>ἐφαρμόσειεν</em></strong></span> <span class='ocrx_word' id='word_1_211' title='bbox 866 2494 1175 2568; x_wconf 78' lang='grc' dir='ltr'><strong><em>ἀνθρώπου</em></strong></span> <span class='ocrx_word' id='word_1_212' title='bbox 1206 2493 1392 2566; x_wconf 80' lang='grc' dir='ltr'><strong><em>φύσει,</em></strong></span> <span class='ocrx_word' id='word_1_213' title='bbox 1426 2491 1570 2566; x_wconf 80' lang='grc' dir='ltr'><strong><em>εἰμὴ</em></strong></span> <span class='ocrx_word' id='word_1_214' title='bbox 1601 2492 1752 2571; x_wconf 78' lang='grc' dir='ltr'><strong><em>μόνῳ</em></strong></span> 
     </span>
     <span class='ocr_line' id='line_1_28' title="bbox 144 2574 1747 2656; baseline 0.002 -24"><span class='ocrx_word' id='word_1_215' title='bbox 144 2582 219 2650; x_wconf 76' lang='grc' dir='ltr'><strong><em>τῷ</em></strong></span> <span class='ocrx_word' id='word_1_216' title='bbox 244 2574 591 2650; x_wconf 73' lang='grc' dir='ltr'><strong><em>Ἐμμανουήλ</em></strong></span> <span class='ocrx_word' id='word_1_217' title='bbox 629 2582 721 2636; x_wconf 87' lang='grc' dir='ltr'><strong><em>καὶ</em></strong></span> <span class='ocrx_word' id='word_1_218' title='bbox 760 2584 836 2656; x_wconf 77' lang='grc' dir='ltr'><strong><em>τῷ</em></strong></span> <span class='ocrx_word' id='word_1_219' title='bbox 867 2583 962 2651; x_wconf 83' lang='grc' dir='ltr'><strong><em>τῆς</em></strong></span> <span class='ocrx_word' id='word_1_220' title='bbox 993 2577 1232 2651; x_wconf 75' lang='grc' dir='ltr'><strong><em>μεγάλης</em></strong></span> <span class='ocrx_word' id='word_1_221' title='bbox 1274 2582 1478 2649; x_wconf 86' lang='grc' dir='ltr'><strong><em>βουλῆς</em></strong></span> <span class='ocrx_word' id='word_1_222' title='bbox 1518 2577 1747 2653; x_wconf 79' lang='grc' dir='ltr'><strong><em>ἀγγέλῳ.</em></strong></span> 
     </span>
     <span class='ocr_line' id='line_1_29' title="bbox 144 2659 1754 2735; baseline 0.002 -20"><span class='ocrx_word' id='word_1_223' title='bbox 144 2659 204 2715; x_wconf 87' lang='grc' dir='ltr'><strong><em>τὸ</em></strong></span> <span class='ocrx_word' id='word_1_224' title='bbox 234 2659 341 2733; x_wconf 82' lang='grc' dir='ltr'><strong><em>γὰρ</em></strong></span> <span class='ocrx_word' id='word_1_225' title='bbox 374 2663 426 2728; x_wconf 81' lang='grc' dir='ltr'><strong><em>ἐξ</em></strong></span> <span class='ocrx_word' id='word_1_226' title='bbox 457 2667 657 2729; x_wconf 78' lang='grc' dir='ltr'><strong><em>αἰῶνος</em></strong></span> <span class='ocrx_word' id='word_1_227' title='bbox 695 2661 1008 2735; x_wconf 76' lang='grc' dir='ltr'><strong><em>ὑφεστάναι</em></strong></span> <span class='ocrx_word' id='word_1_228' title='bbox 1037 2668 1147 2719; x_wconf 91' lang='grc' dir='ltr'><strong><em>τίνι</em></strong></span> <span class='ocrx_word' id='word_1_229' title='bbox 1186 2659 1293 2735; x_wconf 74' lang='grc' dir='ltr'><strong><em>ἄρα</em></strong></span> <span class='ocrx_word' id='word_1_230' title='bbox 1326 2661 1654 2735; x_wconf 85' lang='grc' dir='ltr'><strong><em>ἐφαρμόττοι</em></strong></span> <span class='ocrx_word' id='word_1_231' title='bbox 1683 2659 1754 2719; x_wconf 75' lang='grc' dir='ltr'><strong><em>ἂν</em></strong></span> 
     </span>
    </p>
   </div>
   <div class='ocr_carea' id='block_1_5' title="bbox 205 2783 481 2787">
    <p class='ocr_par' dir='ltr' id='par_1_6' title="bbox 205 2783 481 2787">
     <span class='ocr_line' id='line_1_30' title="bbox 205 2783 481 2787; baseline 0 0"><span class='ocrx_word' id='word_1_232' title='bbox 205 2783 481 2787; x_wconf 95' lang='lat' dir='ltr'><strong><em> </em></strong></span> 
     </span>
    </p>
   </div>
   <div class='ocr_carea' id='block_1_6' title="bbox 258 2852 546 2902">
    <p class='ocr_par' dir='ltr' id='par_1_7' title="bbox 258 2852 546 2902">
     <span class='ocr_line' id='line_1_31' title="bbox 258 2852 546 2902; baseline 0 -10"><span class='ocrx_word' id='word_1_233' title='bbox 258 2854 284 2892; x_wconf 92' lang='grc'>8</span> <span class='ocrx_word' id='word_1_234' title='bbox 314 2852 421 2895; x_wconf 85' lang='lat' dir='ltr'><strong>Mic.</strong></span> <span class='ocrx_word' id='word_1_235' title='bbox 444 2855 483 2902; x_wconf 89' lang='lat'><strong><em>5,</em></strong></span> <span class='ocrx_word' id='word_1_236' title='bbox 507 2855 546 2893; x_wconf 85' lang='lat'><strong><em>2.</em></strong></span> 
     </span>
    </p>
   </div>
  </div>
 </body>
</html>
