1992 3186
252 114 358 166 314
918 115 1166 156 EUSEBH

583 234 604 244 .-
631 227 658 250 ς(
719 239 733 249 ,.
965 226 991 249 29
1025 226 1056 249 (θ
1403 228 1455 250 -72
1497 229 1511 248 θ

251 229 375 288 ἀντὶ
409 231 470 287 δὲ
507 254 606 287 του
668 228 814 300 πΛήν
852 250 954 287 σου
1063 228 1209 303 πλὴν
1249 229 1420 288 αὐτου
1488 256 1516 288 ο
1550 237 1861 290 &godoxia-ov

254 321 572 387 πεποίηκεν,
606 313 679 372 ἵν’
715 307 912 387 ᾗ“οὐκ
943 320 1056 370 ἔστι
1085 313 1216 381 θεὸς
1246 314 1390 387 πλὴν
1422 314 1612 386 αὐτοῦ,
1647 314 1860 387 δηλαδὴ

253 405 351 456 τοῦ
401 402 461 455 ἐν
501 400 588 455 σοὶ
627 401 766 455 θεοῦ
802 394 876 454 δι’
923 394 988 455 ὃν
1019 400 1110 454 καὶ
1141 417 1211 455 συ
1243 398 1530 471 τυγχάνεις
1563 397 1640 457 ὢν
1670 398 1854 466 θεός.”

253 482 389 539 κατὰ
416 483 474 538 δὲ
497 479 593 538 τὸν
619 479 853 539 Ἀκύλαν
877 479 1051 547 οὕτως
1077 489 1186 588 ἔχει
1210 478 1394 555 “πλὴν
1420 487 1480 540 ἐν
1504 485 1588 540 σοὶ
1618 483 1858 557 ἰσχυρὸς,

254 569 346 622 καὶ
396 563 497 623 οὐκ
545 571 695 623 ἐστιν
737 572 814 623 ἔτι
856 565 1005 641 παρὰ
1036 568 1151 638 σοὶ,
1193 565 1324 633 θεὸς
1365 564 1471 639 ἄρα
1515 567 1734 640 ἰσχυρὸς
1767 569 1901 628 καὶὸ

253 648 756 723 ἀποκρυπτόμενος,
788 644 919 716 θεὸς
951 648 1191 719 6co'gcovf'
1255 650 1392 706 κατὰ
1424 651 1485 707 δὲ
1515 650 1611 707 τὸν
1625 651 1862 724 Σύμμα-

211 765 228 786 c
252 757 351 806 χον
375 730 582 806 “μόνον
614 738 674 791 ἐν
705 736 791 791 σοὶ
823 734 973 804 θεὸς,
1006 737 1097 791 καὶ
1121 733 1222 791 οὐκ
1246 740 1396 791 ἔστιν
1420 741 1499 792 ἔτι
1521 732 1647 792 οὐδ’
1680 732 1863 807 υποὲρ-

252 841 335 891 χει
365 817 524 892 θεὸς,
556 816 729 884 ὅντως
759 838 829 876 συ
858 817 990 885 θεὸς
1020 832 1319 893 κρυφαῖος,
1351 817 1483 885 θεὸς
1507 816 1720 893 Ἰσραὴλ
1751 818 1864 876 σώ-

253 899 414 970 ζων.”
476 907 522 959 8.
559 901 636 959 δι’
673 895 752 959 οἷν
781 901 840 959 τὸ
864 913 1040 960 αἴτιον
1059 907 1156 960 τοῦ
1189 903 1331 960 εἶναι
1354 901 1491 961 θεὸν
1513 903 1611 961 τὸν
1629 901 1863 978 Χριστὸν

251 989 352 1043 τοῦ
381 990 521 1043 θεοῦ
551 991 740 1058 σαφῶς
771 984 799 1044 ὁ
831 987 990 1060 λόγος
1022 990 1380 1060 παρέστησεν.
1443 992 1490 1044 9.
1519 989 1636 1044 ἐπεὶ
1663 987 1767 1060 γὰρ
1801 990 1861 1044 ἐν
1884 1012 1924 1043 10

253 1073 359 1142 σοὶ,
391 1074 582 1143 φησὶν,
616 1073 729 1128 ἐστὶ
759 1069 910 1142 θεὸς,
945 1069 1035 1127 δια
1064 1075 1225 1127 τοῦτο
1257 1069 1326 1127 σύ
1355 1070 1486 1137 θεὸς
1519 1070 1740 1145 ἰσχυρὸς
1770 1075 1862 1128 καὶ

253 1168 537 1226 κρυφαῖος.
598 1154 807 1212 οὐκοῦν
839 1155 930 1212 διὰ
959 1153 1172 1211 τούτων
1202 1151 1229 1211 ὁ
1261 1155 1363 1227 μὲν
1393 1155 1609 1227 ἀληθὴς
1639 1159 1731 1213 καὶ
1761 1155 1862 1229 μό-

253 1262 346 1304 νος
360 1237 491 1304 θεὸς
522 1236 600 1304 εἷς
621 1236 692 1296 ἂν
708 1248 811 1311 εἰή,
837 1238 1002 1312 μόνος
1027 1245 1232 1311 κυρίως
1255 1238 1548 1312 τυγχάνων
1569 1245 1664 1311 τῆς
1688 1259 1862 1314 προσ-

252 1328 503 1395 ηγορίας·
551 1322 684 1379 ὁδε
726 1322 980 1395 δεύτερος
1019 1329 1284 1395 μετουσίᾳ
1334 1326 1433 1380 τοῦ
1471 1320 1721 1395 αληθοῦς
1765 1328 1860 1396 τῆς

252 1413 544 1472 κοινωνίας
573 1403 826 1479 ἠξίωται,
860 1405 986 1464 ου’τε
1018 1404 1096 1464 ὢν
1126 1403 1264 1464 not-’3
1301 1406 1530 1479 ἑαυτὸν,
1562 1405 1690 1464 οὔτε
1719 1431 1862 1480 υφε-
1885 1431 1926 1464 15

139 1511 226 1554 [143]
254 1489 391 1556 στώς
418 1496 545 1564 δίχα
567 1494 667 1547 τοὺ
689 1497 1084 1558 θεοποιοῦντος
1107 1490 1278 1548 αὐτὸν
1308 1489 1510 1565 πατρὸς
1526 1536 1541 1564 ,
1573 1488 1692 1549 οὔτ’
1725 1490 1862 1550 ἄνευ

207 1597 227 1628 d
252 1578 348 1631 τοῦ
379 1574 582 1647 πατρὸς
612 1575 1078 1648 θεολογούμενος,
1111 1572 1236 1632 αλλ’
1268 1574 1399 1633 όλον
1430 1574 1560 1632 αὐτὸ
1589 1580 1750 1633 τοῦτο
1783 1574 1862 1633 ω’ν

251 1682 310 1715 τε
352 1661 443 1715 καὶ
486 1662 589 1727 ζῶν
629 1662 722 1716 καὶ
770 1656 1022 1732 ὑφεστὼς
1066 1658 1156 1716 διὰ
1196 1658 1292 1716 τὸν
1343 1663 1402 1716 ἐν
1443 1658 1594 1736 αὐτῷ
1632 1663 1859 1732 πατέρα,

252 1745 441 1800 συνών
471 1767 528 1800 τε
558 1750 633 1820 τῷ
663 1746 830 1818 πατρὶ
874 1746 966 1800 καὶ
1009 1747 1062 1811 ἐξ
1097 1741 1269 1800 αὐτοῦ
1299 1745 1389 1799 καὶ
1418 1741 1494 1800 δι’
1528 1741 1698 1800 αὐτὸν
1727 1753 1861 1800 θεο-

253 1826 609 1900 ποιούμενος,
653 1827 713 1885 τό
752 1852 810 1884 τε
843 1828 986 1886 εἶναι
1023 1827 1164 1900 ὁμου
1193 1829 1284 1883 καὶ
1323 1825 1383 1882 τὸ
1422 1825 1553 1892 θεὸς
1587 1826 1729 1884 εἶναι
1757 1824 1858 1884 οὐκ
1882 1851 1923 1882 20

255 1914 307 1978 ἐξ
341 1913 559 1983 ἑαυτοῦ,
592 1935 740 1982 παρα
773 1913 832 1967 δε
862 1915 959 1989 τοῦ
990 1909 1192 1983 πατρὸς
1226 1909 1481 1982 ἐσχηκώς.
1557 1915 1636 1967 10.
1673 1909 1758 1967 διὸ
1791 1909 1860 1983 δὴ

251 2019 385 2065 μετα
415 1994 511 2052 τὸν
541 1999 750 2068 πατέρα
778 1998 941 2066 τιμᾶν
971 1997 1061 2050 καὶ
1093 1991 1261 2050 αὐτὸν
1292 2017 1364 2060 ως
1394 1993 1531 2051 θεὸν
1563 1994 1860 2068 ἐδιδαχθη-

251 2101 354 2149 μεν
387 2075 478 2133 δια
507 2077 604 2134 τὸν
646 2081 704 2134 ἐν
740 2075 895 2153 αὐτῷ
927 2082 1289 2135 κατοικοῦντα
1322 2075 1487 2150 θεὸν,
1531 2075 1715 2179 ω’σπερ
1757 2081 1861 2136 οὐν

253 2185 310 2216 αι
350 2185 484 2233 μετα
524 2176 708 2234 χειρας
747 2164 1063 2235 περιέχουσι
1101 2176 1445 2234 προφητεῖαι.
1517 2186 1589 2228 ως
1638 2162 1742 2236 γὰρ
1785 2160 1854 2219 ἂν

251 2250 511 2317 τιμηθείη
553 2248 819 2316 βασιλέως
861 2245 1026 2302 εἰκών
1073 2245 1162 2301 δια
1201 2246 1298 2301 τὸν
1337 2247 1403 2301 οὑ
1432 2244 1559 2312 τούς
1591 2251 1857 2318 χαρακτῆ-
1881 2268 1923 2300 25

254 2353 351 2399 ρας
383 2331 476 2385 καὶ
504 2327 605 2400 τὴν
635 2328 899 2402 ὁμοίωσιν
928 2331 1104 2401 φέρει,
1139 2329 1468 2401 (τιμωμένης
1503 2330 1562 2385 ὄε
1592 2332 1686 2400 τῆς
1719 2329 1858 2386 εἰκό-

252 2437 346 2479 νος
378 2415 470 2469 καὶ
507 2415 606 2475 τοῦ
638 2415 906 2485 βασιλέως
937 2412 1111 2470 αὐτοῦ
1150 2409 1229 2478 εἷς
1269 2408 1339 2468 ἂν
1379 2422 1463 2484 εἰή
1493 2410 1522 2468 6
1554 2412 1857 2485 τιμώμενος

253 2499 344 2553 καὶ
374 2496 441 2553 οὐ
477 2496 602 2554 ὁύο
651 2497 716 2554 οὐ
759 2522 863 2571 γαρ
906 2496 1007 2554 δύο
1048 2502 1320 2567 βασιλεις,
1361 2494 1390 2551 ὅ
1431 2519 1489 2551 τε
1519 2502 1731 2568 πρῶτος
1763 2499 1855 2553 καὶ

252 2579 465 2652 ἀληθὴς
506 2583 596 2638 καὶ
636 2580 664 2637 6
709 2583 796 2638 ἐπὶ
837 2585 931 2653 τῆς
973 2579 1183 2645 εἰκόνος
1221 2582 1630 2652 τετυπωμένος,
1675 2578 1751 2646 εἷς
1794 2577 1850 2636 δ’

251 2663 279 2718 ὁ
322 2663 437 2720 κατ’
491 2662 845 2738 ἀμφοτέρων,
899 2663 964 2722 οὗ
1005 2662 1176 2736 μόνον
1215 2662 1541 2735 νοούμενος,
1584 2662 1723 2720 ἄλλα
1762 2665 1851 2720 καὶ
1878 2687 1919 2718 3ο

250 2744 648 2819 ὀνομαζόμενος
680 2751 771 2804 καὶ
801 2747 1129 2821 τιμώμενος)
1162 2744 1303 2803 οὕτω
1344 2751 1480 2818 δῆτα
1514 2750 1604 2803 καὶ
1635 2744 1662 2804 6
1695 2772 1853 2820 μονο-

139 2845 231 2887 (ἓὲῖ)
258 2828 421 2902 γενὴς
451 2829 599 2904 υίὸς,
648 2831 813 2888 εἰκών
854 2829 931 2890 ὢν
959 2831 1123 2904 μόνος
1163 2833 1262 2887 τοῦ
1290 2836 1428 2888 θεοῖ
1460 2836 1559 2887 τοῦ
1598 2828 1853 2905 ἀοράτου,
