1946 3158
87 619 110 651 5

164 686 177 701 t

131 710 190 740 α.

131 829 194 894 β’-

132 921 192 967 γ.

69 999 111 1031 10

135 1041 190 1093 δ’.

133 1110 183 1164 ε’.

68 1351 110 1382 15
133 1322 195 1382 ς’·

129 1462 186 1523 ζ’.

67 1841 110 1874 20
133 1813 194 1867 α’.

129 1956 178 2022 β,
215 1952 242 1969 et

215 2093 327 2147 “On
352 2118 420 2162 μη
445 2100 643 2157 πλείους
668 2096 767 2146 υἱοὶ
797 2099 884 2147 τοῦ
913 2097 991 2146 ἐπὶ
1018 2096 1219 2147 πάντων
1246 2099 1398 2160 θεοῦ,
1425 2095 1576 2161 μόνος
1597 2095 1647 2146 δὲ
1673 2092 1745 2156 εἷς

108 2097 191 2164 ,γχ

67 2193 109 2224 25

135 2236 190 2288 δ’.

132 2399 186 2432 ἒ.

0 2522 109 2575 ’3ο

132 2607 192 2648 ς·

131 2729 188 2789 ζ’

746 158 1131 201 ΚΑΤΑΓΡΑΦΗ.
1693 171 1743 198 1x

275 266 365 347 νγ’.
400 261 522 318 'And
549 269 637 318 τοῦ
663 271 911 351 Ζαχαρίου
1020 311 1474 323 ......
1549 289 1595 334 p.
1625 274 1741 320 83³1.

273 334 361 389 νδ’.
390 339 476 389 νεῖ.
510 334 631 388 ’And
657 341 746 389 τοῦ
766 332 1001 422 Ιερεμιόυ
1113 382 1122 392 .
1399 359 1445 404 p.
1473 344 1538 390 83
1554 344 1594 388 b.
1624 344 1742 390 84a.

273 426 365 468 νς.
394 406 481 468 νζ.
514 407 604 473 νη’.
635 407 733 459 νθ.
762 405 817 470 ξ’.
851 402 970 459 ’And
999 411 1086 459 τοῦ
1107 402 1396 474 Ἰεζεκιήλου

810 526 847 529 A
1329 500 1372 545 p.
1400 484 1521 531 841).
1542 510 1601 518 -
1620 485 1684 531 85
1702 499 1741 530 e.

394 607 484 650 EN
514 607 633 648 ΤΩΙ
665 606 913 648 ΤΡΙΤΩΙ
945 607 1478 650 ΣΤΓΓΡΑΜΜΑΤΙ.

214 684 385 750 ’Ὅπως
421 692 474 740 οἱ
502 685 627 755 παρ’
658 685 908 755 Ἑβραίοις
941 697 1196 754 προφῆται
1229 685 1283 740 τὸ
1318 685 1604 756 εὐαγγέλιον
1630 687 1741 753 ἐκή-

240 779 416 825 ρυττον
455 803 1437 815 ............
1549 781 1591 826 p.
1620 766 1740 812 881).

216 826 386 891 Όπως
412 831 523 892 περὶ
550 833 639 880 τοῦ
663 833 882 893 Χριστοῦ
910 828 1303 911 προανεφώνουν
1342 874 1351 884 .
1429 874 1438 884 .
1551 852 1592 896 p.
1622 836 1742 882 8911.

232 904 353 961 Πῶς
386 897 511 966 πρὸς
546 895 658 960 τοῦς
691 901 883 951 πλάνον
921 892 1251 966 ῦτειληφότας
1294 901 1552 967 γεγονέναι
1591 895 1743 949 αὐτὸν

238 967 706 1038 ἀντενεχθησόμεθα
805 1014 1434 1026 ........
1512 992 1554 1037 p.
1586 975 1740 1023 10211.

232 1043 361 1110 Περὶ
388 1045 487 1093 τῶν
513 1042 780 1107 θειοτέρων
808 1042 966 1130 ἔργων
991 1034 1143 1091 αὐτοῦ
1245 1085 1254 1094 .
1332 1085 1342 1095 .
1421 1085 1431 1095 .
1507 1063 1556 1121 p.
1591 1047 1743 1093 1070.

206 1111 321 1163 Ὀτι
356 1107 422 1178 μὴ
459 1113 769 1197 πλασάμενοι
803 1113 856 1161 οἵ
885 1106 1037 1162 αὐτοῦ
1071 1111 1318 1176 μαθηταὶ,
1356 1115 1418 1182 τῇ
1444 1111 1497 1163 δὲ
1530 1105 1744 1193 ἀληθείᾳ

237 1181 546 1249 ἐμαρτύρουν
572 1180 656 1243 τας
683 1202 754 1232 υπ
800 1174 955 1232 αὐτοῦ
981 1184 1286 1248 πραχθείσας
1311 1177 1742 1251 παραδοξοποιους

239 1255 452 1317 ἱστορίας
544 1296 1438 1307 ...........
1515 1274 1557 1319 p.
1590 1257 1742 1304 1090.

216 1320 328 1375 ’Ότι
354 1319 421 1389 μὴ
447 1323 571 1374 κατὰ
596 1325 846 1390 γοητειᾞαν
874 1322 1034 1393 ἐνθέῳ
1061 1322 1114 1374 δὲ
1146 1319 1297 1393 ἆρετῇ
1331 1323 1418 1373 καὶ
1446 1321 1656 1387 δυνάμει
1686 1344 1746 1373 τα

220 1393 489 1477 παραδοξα
516 1392 803 1481 διεπραξατο
897 1437 1434 1449 .......
1511 1415 1554 1460 p,
1585 1398 1742 1445 1251)

220 1459 308 1525 Ὡς
335 1464 418 1514 καὶ
454 1459 551 1514 ἀπὸ
586 1467 673 1527 τῆς
711 1463 955 1544 ἐνεργείας
981 1459 1136 1527 αὐτῆς
1161 1470 1430 1529 συνορᾶται
1468 1470 1568 1524 τοῖς
1601 1468 1745 1526 φιλα-

237 1535 442 1601 ληθέσιν
465 1538 552 1598 τῆς
577 1534 691 1599 περὶ
719 1530 869 1584 αὐτὸν
896 1534 1076 1584 ἐνθέου
1103 1534 1312 1600 δύναμις
1422 1578 1432 1588 .
1509 1555 1554 1600 p.
1587 1539 1742 1590 1341),

335 1734 424 1774 EN
455 1733 576 1773 ΤΩΙ
608 1731 978 1773 ΤΕΤΑΡΤῼῙ
1012 1732 1540 1774 ΣΤΓΓΡΑΜΜΑΤΙ.

237 1816 362 1880 Περὶ
390 1818 477 1879 τῆς
503 1836 627 1864 κατα
654 1811 738 1864 τὸν
763 1817 959 1881 σωτῆρα
980 1814 1064 1864 καὶ
1091 1815 1268 1877 κύριον
1287 1809 1432 1879 ἡμῶν
1449 1807 1638 1878 Ἰησοῦν
1660 1811 1745 1863 τὸν

240 1882 458 1950 Χριστὸν
483 1888 569 1935 τοῦ
595 1888 721 1935 θεοῦ
747 1901 986 1949 μυστικης
1011 1886 1291 1966 οἰκονομίας
1345 1928 1354 1938 .
1433 1929 1443 1940 ,
1519 1906 1560 1951 p.
1593 1889 1743 1940 1443,

237 1960 385 2017 Οπως
420 1951 573 2006 αὐτὸν
610 1951 703 2018 πρὸ
741 1974 903 2020 πασης
943 1957 1143 2016 κτίσεως
1179 1950 1290 2005 ιιὸν
1325 1958 1454 2006 θεοῦ
1489 1955 1744 2022 γεγονέναι

237 2028 414 2108 φαμέν
462 2069 1440 2081 ............
1518 2047 1560 2092 p.
1592 2030 1743 2077 1463.

238 2167 292 2218 ἐκ
318 2171 444 2218 θεοῦ
469 2164 589 2226 θεὸς
615 2163 829 2232 εὐλόγως
854 2162 973 2231 ἡμῖν
998 2162 1324 2250 ανηγόρευται
1431 2211 1440 2220 .
1518 2187 1561 2232 p
1592 2171 1742 2217 1473.

222 2230 311 2297 ,Ως
345 2233 595 2304 ἀναγκαία
629 2239 690 2307 τῇ
723 2244 820 2287 τῶν
859 2235 988 2288 ὅλων
1012 2253 1238 2288 συστασει
1274 2232 1305 2301 ἡ
1331 2239 1418 2286 τοῦ
1444 2239 1744 2303 μονογενοῦς

238 2310 354 2358 υἱοῦ
380 2311 468 2358 τοῦ
494 2310 619 2358 θεοῦ
645 2290 950 2370 προῦπαρξις
974 2300 1265 2358 αποδίδοται
1342 2351 1351 2361 .
1431 2351 1441 2361 .
1518 2311 1740 2373 p-149c.

221 2373 307 2439 Ως
332 2380 510 2443 μυρίας
534 2377 626 2443 μὲν
642 2374 988 2461 ὁμολογοῦμεν
1007 2375 1134 2429 εἶναι
1136 2398 1397 2466 γεννητας
1423 2381 1567 2437 θείας
1594 2374 1742 2426 δυνα-

237 2468 366 2514 μεις,
394 2444 555 2529 μόνην
582 2447 634 2498 δὲ
657 2443 750 2512 τὴν
774 2452 863 2499 τοῦ
888 2451 1002 2499 υἱοῦ
1030 2445 1099 2499 δι’
1128 2445 1190 2515 ἣν
1212 2447 1443 2514 ἐπαγεται
1463 2445 1631 2498 εἰκόνα
1658 2449 1743 2496 τοῦ

240 2522 366 2568 θεοῦ
391 2513 574 2599 πατρὸς
600 2523 936 2584 θεολογοῦμεν
986 2561 1436 2573 ......
1495 2538 1554 2601 p.
1586 2522 1741 2568 1501).

225 2583 313 2649 Ως
338 2583 434 2638 ἀπὸ
460 2586 660 2654 πρώτης
680 2606 954 2650 συστασεως
972 2592 1071 2639 τῶν
1095 2586 1224 2639 όλων
1248 2587 1460 2652 ἀφανῶς
1485 2583 1510 2637 ὁ
1534 2582 1744 2648 Χριστὸς

239 2662 328 2708 τοῦ
352 2662 480 2709 θεοῦ
505 2680 602 2710 των
629 2662 888 2723 θεοφιλῶν
914 2662 1091 2740 ψυχῶν
1117 2659 1366 2709 ἐπιστατεῖ
1514 2679 1555 2724 p
1587 2663 1740 2708 15311.

220 2723 310 2789 Ως
344 2726 516 2793 μόνοις
536 2724 785 2795 Ἑβραίοις
821 2725 875 2780 τὸ
913 2723 1124 2779 παλαιὸν
1151 2723 1181 2794 ἡ
1219 2731 1305 2779 τοῦ
1331 2734 1430 2779 τῶν
1464 2724 1591 2778 ὅλων
1619 2729 1743 2777 θεοῦ

238 2802 422 2864 γνῶσις
456 2794 840 2851 ἆποκεκοῖλυπτο
868 2796 949 2850 δια
985 2801 1069 2862 τῆς
1097 2799 1386 2863 ἐπιφανείας
1411 2801 1502 2849 τοῦ
1528 2800 1743 2860 Χριστοῦ

237 2871 575 2935 γινωσκομένη
628 2912 1433 2925 ,,,,,,,,,,
1508 2889 1552 2934 p.
1583 2873 1738 2919 1561).
