1946 3158
157 139 227 193 84
838 141 1086 183 EUSEBH

154 257 343 332 γνώσῃ
412 254 503 315 ga*
574 255 764 329 κύριος
828 255 1223 332 παντοκράτωρ
1285 261 1634 327 ἐξαπέστειλέ
1690 285 1759 334 με

155 341 292 415 πρός
323 340 432 401 σε.”

615 427 709 486 ιθ’.
764 425 897 484 Ἀπὸ
927 429 1028 484 τοῦ
1048 424 1289 485 Ἡσαΐου.

155 531 372 590 Λήλωσις
402 532 628 607 γενέσεως
660 535 873 603 Χριστοῦ
906 529 957 577 ἐκ
995 529 1127 601 ῥίζης
1149 528 1324 577 Ἰεσσαὶ
1351 536 1758 592 προελευσομένου

427 591 510 634 καὶ
531 592 695 646 κλῆσις
719 586 788 634 δι’
811 586 962 633 αὐτοῦ
986 587 1178 633 πάντων
1200 591 1292 633 τῶν
1314 586 1487 636 ἐθνῶν.
1783 603 1802 636 5

287 685 366 738 11.
415 677 829 748 ωΕξελεύσεται
873 678 1079 754 ῥάβδος
1122 683 1182 737 ἐκ
1224 685 1371 754 ῥίζης
1398 678 1627 755 Ἰεσσαὶ,
1669 685 1761 740 καὶ

154 763 329 832 ἄνθος
361 767 421 822 ἐκ
452 771 545 863 τῆς
577 769 725 839 ῥίζης
750 763 1106 837 ἀναβήσεται,
1133 767 1225 821 καὶ
1249 762 1627 823 ἀναπαύσεται
1671 766 1754 823 ἐπ’

154 846 324 907 αὐτὸν
366 854 586 923 πνεῦμα
625 853 723 907 τοῦ
763 845 964 920 θεοῦ,”
1006 851 1098 905 καὶ
1123 874 1187 905 τα
1222 852 1372 923 ἑξῆς,
1399 848 1481 916 οἷς
1523 853 1758 924 ἐπιλέγει

146 931 284 992 “uod
317 940 466 992 ἔσται
499 939 559 993 ἐν
589 937 658 1008 τῇ
687 933 862 1010 ἡμέρα
895 937 1079 1006 ἐκείνῃ
1104 931 1136 1006 ἡ
1162 938 1282 1007 ῥίζα
1304 941 1403 991 τοῦ
1423 932 1635 1009 Ἰεσσαὶ,
1669 939 1759 993 καὶ

153 1018 182 1076 ὁ
227 1018 591 1093 ἀνιστάμενος
638 1017 830 1092 άρχειν
875 1021 1086 1076 ἐθνῶν
1109 1018 1218 1074 ’ἐπ’
1282 1016 1430 1096 αὐτῷ
1476 1026 1615 1093 ε”θνη
1670 1025 1759 1078 ἐλ-
1784 1044 1842 1075 101

151 1106 403 1162 πιοῦσινῖ

671 1186 733 1246 κ’.
763 1185 895 1246 Ἀπὸ
926 1190 1026 1245 τοῦ
1056 1184 1246 1244 αὐτοῦ.

154 1292 369 1353 Δήλωσις
391 1298 602 1351 Χριστοῦ
624 1298 897 1366 παρουσίας
911 1294 994 1337 καὶ
1017 1296 1102 1363 τῆς
1124 1289 1193 1336 δι’
1223 1289 1375 1339 αὐτοῦ
1405 1295 1662 1353 γενομένης
1692 1296 1762 1346 εἰς

105 1351 129 1383 d
608 1349 766 1395 πάντα
789 1368 847 1394 τοι
872 1349 994 1406 ἔθνη
1020 1350 1306 1407 ευεργεσιάς

285 1447 365 1499 12.
409 1437 587 1500 “ἰδ
1201 1448 1231 1496 ι
1742 1438 1757 1460 ‘

526 1466 623 1514 ov,
666 1466 694 1498 Ο
727 1455 856 1507 παῖς
898 1465 1034 1513 μου,
1076 1439 1207 1540 ‘ivn‘
1234 1438 1441 1513 ἠψομαι
1493 1459 1688 1500 αυτθυ
1731 1468 1759 1500 Ο

155 1525 402 1592 ἐκλεκτός
427 1551 553 1600 μου,
586 1528 952 1599 προσεδέξατο
984 1522 1155 1582 αὐτὸν
1179 1521 1211 1597 ἡ
1243 1525 1392 1598 ψυχή
1421 1550 1543 1599 μου.
1579 1533 1760 1584 ἔδωκα
1785 1547 1823 1578 15

152 1611 212 1669 τὸ
254 1610 473 1685 πνεῦμά
510 1635 616 1684 μου
662 1607 750 1667 ἐπ’
786 1607 956 1667 αὐτὸν
992 1612 1084 1667 καὶ
1135 1615 1320 1682 κρίσιν
1371 1625 1486 1677 τοῖς
1533 1617 1761 1670 ἔθνεσιν

159 1699 370 1765 ἐξοίσει.
433 1693 500 1754 οὐ
534 1693 805 1769 κεκράξει,
832 1694 963 1753 οὐδὲ
994 1691 1219 1766 ἀνήσει,
1251 1692 1384 1751 οὐδὲ
1415 1693 1759 1767 ἀκουσθήσε-

153 1805 243 1838 ται
286 1784 386 1849 ἕξω
432 1777 466 1852 ἡ
522 1777 684 1854 φωνὴ
717 1777 906 1836 αὐτοῦ.
971 1777 1219 1850 κάλαμον
1271 1783 1760 1853 συντεθλασμένον

154 1863 220 1923 οὐ
252 1863 499 1932 κατεάξει
530 1867 622 1921 καὶ
652 1871 812 1921 λίνον
841 1861 1158 1935 τυφόμενον
1188 1859 1254 1919 οὐ
1287 1865 1494 1936 σβέσει,
1514 1861 1643 1920 ἀλλ’
1681 1871 1760 1932 εἰς

154 1947 431 2022 ἀλήθειαν
463 1952 659 2017 ἐξοίσει
690 1955 875 2020 κρίσιν
895 1992 909 2019 ,
951 1946 1292 2020 ἀναλάμψει,
1328 1950 1418 2004 καὶ
1465 1945 1532 2006 οὐ
1579 1959 1756 2021 θραυ-
1779 1967 1821 2000 20

156 2032 427 2105 σθήσεται
476 2036 578 2100 ἕως
620 2037 698 2107 θῇ
743 2033 828 2089 ἐπὶ
870 2035 965 2103 τῆς
1005 2034 1105 2104 γῆς
1150 2039 1360 2103 κρίσιν’
1403 2036 1495 2090 καὶ
1550 2035 1637 2091 ἐπὶ
1687 2039 1761 2112 τῷ

153 2116 383 2191 ὀνόματι
430 2116 605 2174 αὐτοῦ
636 2124 775 2188 ἔθνη
810 2120 1106 2180 ἐλπιοῦσιν.
1172 2121 1252 2173 13.
1299 2119 1391 2174 καὶ
1424 2120 1547 2190 ἑξῆς
1579 2122 1761 2177 ἐπιλέ-

155 2228 239 2276 γει
262 2199 291 2222 “
311 2200 417 2274 ἐγώ
449 2200 639 2275 κύριος
671 2198 844 2267 ὁθεὸς
871 2199 1103 2258 ἐκάλεσά
1127 2219 1189 2258 σε
1217 2203 1276 2258 ἐν
1302 2201 1650 2277 δικαιοσύνῃ,
1668 2206 1759 2260 καὶ

155 2287 411 2360 κρατήσω
436 2293 531 2359 τῆς
565 2285 742 2359 χειρός
776 2304 898 2358 σου,
931 2288 1021 2342 καὶ
1054 2284 1326 2357 ἐνισχύσω
1351 2303 1437 2344 σε·
1465 2289 1554 2344 καὶ
1580 2286 1760 2344 ἔδωκά

156 2391 219 2430 σε
251 2378 328 2439 εἰς
370 2371 650 2443 διαθήκην
689 2374 916 2443 γένους,
979 2376 1055 2436 εἰς
1107 2375 1225 2441 φῶς
1287 2374 1490 2442 ἐθνῶν,
1543 2369 1758 2439 ἀνοῖξαι
1782 2388 1819 2420 25

59 2465 129 2506 (52)
155 2454 483 2530 ὀφθαλμοὺς
514 2458 760 2530 τυφλῶν,
784 2458 1070 2528 ἐξαγαγεῖν
1092 2458 1150 2510 ἐκ
1181 2459 1402 2527 δεσμῶν
1430 2457 1758 2528 δεδεμένους

158 2545 251 2599 καὶ
295 2545 347 2610 ἐξ
387 2550 545 2600 οἴκου
585 2544 837 2614 φυλακῆς
879 2539 1229 2612 καθημένους
1270 2542 1329 2596 ἐν
1369 2538 1565 2598 σκότει.
1651 2539 1757 2612 ἐγώ

158 2625 347 2699 κύριος
386 2625 415 2684 ὅ
467 2625 626 2698 θεὸς,
670 2623 831 2683 τοῦτό
871 2649 978 2698 μου
1021 2627 1168 2680 ἐστιν
1207 2621 1407 2696 ὄνομα,
1448 2624 1550 2697 τὴν
1590 2623 1759 2693 δόξαν

157 2735 264 2782 μου
298 2712 466 2786 ἑτέρῳ
495 2709 563 2767 οὐ
598 2709 778 2782 δώσω,
811 2708 946 2767 οὐδὲ
975 2707 1069 2775 τὰς
1099 2704 1294 2781 άρετάς
1324 2732 1431 2781 μου
1470 2724 1582 2776 τοῖς
1624 2708 1757 2782 γλύ-

275 2907 299 2946 6
333 2906 409 2946 Es.
446 2907 512 2956 11,
550 2907 584 2944 1.
763 2908 787 2946 9
818 2906 897 2946 Es.
931 2905 995 2955 11,
1233 2905 1282 2942 12
1318 2904 1395 2943 Es.
1434 2905 1502 2954 42,
1549 2907 1584 2946 1.
