1946 3158
189 102 287 154 102
858 103 1106 146 EUSEBn

185 218 372 294 κύριος
393 216 648 291 Σαβαωθ
669 219 1022 291 ἐγκατέλιπεν
1042 215 1174 294 ἡμῖν
1195 222 1428 296 σπέρμα,
1463 217 1534 289 ὥς
1557 220 1787 297 Σόδομα

183 301 253 361 ἂν
285 301 632 377 ἐγενήθημεν
661 305 753 359 καὶ
785 327 857 369 ως
887 301 1206 379 Γόμορρα”
1173 330 1244 363 αν
1275 304 1681 380 ωμοιώθημενῖ

310 393 393 444 50.
422 385 746 462 Ἀρχόμενος
779 385 807 444 ὁ
837 389 1006 461 μέγας
1038 391 1129 445 καὶ
1160 389 1470 464 θαυμάσιος
1500 389 1787 492 προφήτης

183 476 277 545 τῆς
309 477 515 538 οἰκείας
557 477 758 545 βίβλου
797 469 902 545 τὴν
942 475 1126 530 πᾶσαν
1156 477 1250 548 τῆς
1281 482 1618 549 προφητείας
1647 472 1789 533 υπό-

182 568 350 615 θεσιν
389 581 524 614 κατα
562 559 656 630 τῆς
683 553 954 624 Ἰουδαίας
994 559 1086 615 καὶ
1126 556 1262 616 κατὰ
1302 563 1398 632 τῆς
1430 558 1785 636 Ἰερουσαλὴμ
1811 584 1830 615 5

138 661 160 693 d
182 638 378 717 ὅρασιν
408 643 498 697 καὶ
538 647 787 716 θεωρίαν
839 642 1114 718 περιέχειν
1169 641 1445 717 διδάσκει,
1500 650 1687 702 ἔπειτα
1728 642 1788 702 τὸ

183 728 293 783 πᾶν
327 724 616 783 Ἰουδαίων
655 730 820 795 ἔθνος
869 723 1185 802 ἄπελέγχει,
1236 733 1425 803 πρῶτα
1465 729 1568 802 μὲν
1611 729 1790 801 λέγων

175 807 355 883 “ἐ’γνω
406 814 540 883 βοῦς
580 809 677 868 τὸν
720 810 1062 886 κτησάμενον
1113 815 1204 869 καὶ
1249 810 1375 880 ὅνος
1426 810 1529 886 τὴν
1570 810 1790 886 φάτνην

182 899 280 952 τοῦ
318 901 518 969 κυρίου
557 893 758 954 αὐτοῦ·
825 893 1040 970 Ἰσραὴλ
1083 898 1148 954 δέ
1182 921 1249 971 με
1290 896 1391 955 οῦκ
1423 903 1596 971 ἔγνω,
1638 893 1788 954 καὶὸ

182 978 309 1046 λαός
339 1002 406 1053 με
437 978 503 1037 οὐ
535 978 830 1054 συνῆκεν.”
901 985 983 1038 51.
1019 981 1133 1039 εἶτα
1172 979 1232 1039 τὸ
1274 986 1386 1041 πᾶν
1427 987 1593 1049 ἔθνος
1625 989 1784 1039 ταλα-
1813 1006 1852 1037 ιο

183 1071 349 1134 νίζων
374 1066 622 1138 ἐπιφέρει
645 1061 811 1123 “obal
843 1071 1007 1133 ἔθνος
1037 1064 1384 1142 ἁμαρτωλὸν,
1417 1066 1546 1133 λαὸς
1578 1065 1790 1142 πλήρης

181 1147 488 1223 ἁμαρτιῶν,
523 1153 739 1223 σπέρμα
770 1149 1042 1224 πονηρὸν,
1074 1153 1187 1208 υίοὶ
1218 1148 1466 1224 ἄνομοι.”

308 1238 390 1290 52.
435 1231 656 1302 Τούτοις
690 1237 749 1292 ἐν
779 1234 922 1309 ἀρχῇ
943 1238 1039 1308 τῆς
1063 1241 1262 1308 βίβλου
1286 1233 1409 1292 κατ’
1444 1232 1630 1293 αὐτῶν
1661 1259 1790 1309 χρη·

183 1317 417 1391 σάμενος
447 1331 559 1385 τοῖς
583 1319 842 1392 ἐλέγχοις,
874 1321 965 1376 καὶ
989 1318 1326 1393 προδιδάξας
1356 1318 1452 1386 τὰς
1483 1326 1663 1387 αἰτίας
1694 1323 1790 1392 τῆς

91 1419 158 1462 [42]
183 1402 489 1476 μελλούσης
515 1405 879 1478 ἐπιφέρεσθαι
903 1402 1021 1460 κατ’
1049 1402 1234 1461 αὐτῶν
1255 1403 1631 1478 προρρήσεως,
1667 1405 1788 1476 ἑξῆς
1816 1427 1853 1459 15

181 1486 481 1561 ἀπάρχεται
522 1487 754 1559 φάσκων
789 1485 859 1560 “ἡ
892 1493 960 1561 γῆ
1001 1484 1160 1562 ὑμῶν
1200 1485 1456 1563 ἕρημος”,
1488 1487 1562 1562 μὴ
1614 1486 1782 1561 οὔσης

184 1571 390 1645 ἐρήμου
431 1568 566 1629 καθ’
609 1569 704 1638 οὓς
751 1571 1095 1647 προεφήτευε
1143 1571 1391 1647 χρόνους.
1468 1569 1571 1630 “oei
1605 1571 1790 1639 πόλεις

178 1655 337 1729 ὑμῶν
377 1651 806 1730 πυρίκαυστοι·”
877 1658 1019 1731 μηδὲ
1049 1659 1247 1716 τούτου
1278 1680 1363 1715 πω
1395 1659 1787 1730 γεγενημένου,

182 1739 299 1798 ἀλλ’
347 1737 481 1799 οὐδὲ
521 1740 623 1813 τὴν
651 1740 838 1845 χώραν
880 1740 1066 1799 αὐτῶν
1095 1739 1217 1799 τότε
1247 1739 1451 1814 ἤσθιον
1482 1739 1787 1814 ἀλλότριοι·

87 1827 274 1884 (emeat
314 1823 459 1899 όμως
512 1827 686 1898 φησιν
736 1822 859 1898 ’τὴν
907 1850 1093 1899 χωραν
1113 1824 1301 1928 ’,ῦμων
1345 1824 1584 1884 ἐνωπιον
1628 1821 1790 1899 ῦμων
1813 1849 1852 1880 20

180 1907 455 1983 αλλότριοι
496 1915 893 1967 κατεσθίουσιν
932 1907 1126 1982 αῦτην’
1132 1907 1274 1967 ’καὶ
1313 1935 1379 1967 τα
1412 1911 1549 1983 εξῆς.
1622 1913 1706 1968 53.
1743 1914 1793 1967 εί

180 1995 282 2051 οὐν
315 1996 402 2050 ἐπὶ
432 1991 534 2066 τὴν
564 1996 663 2050 τοῦ
687 1995 930 2068 σωτῆρος
954 1991 1110 2067 ἡμων
1136 1989 1314 2067 Ἰησοῦ
1333 1997 1576 2069 Χριστοῦ
1604 1994 1789 2068 μετέλ-

181 2087 304 2144 θοις
336 2083 648 2151 παρουσίαν
699 2079 792 2135 καὶ
843 2075 971 2145 τούς
1017 2081 1069 2146 ἐξ
1111 2081 1328 2137 ἐκείνου
1369 2081 1460 2136 καὶ
1504 2084 1581 2146 εἰς
1624 2081 1789 2151 δεῦρο

182 2159 443 2263 χρόνους,
485 2184 665 2218 παντα
695 2187 765 2220 αν
796 2160 977 2236 εὕροις
1017 2187 1081 2219 τα
1114 2165 1374 2238 εἰρημένα
1415 2161 1787 2238 πληρούμενα.

183 2244 218 2318 ἤ
259 2270 317 2304 τε
357 2245 461 2320 γὰρ
503 2244 757 2320 θυγατηρ
798 2244 982 2320 Σιων,
1026 2245 1193 2321 (αὕτη
1237 2248 1298 2305 δε
1339 2249 1410 2320 ἠν
1440 2247 1473 2321 ἡ
1507 2250 1595 2305 ἐπὶ
1624 2271 1787 2322 ορους
1813 2268 1853 2300 25

183 2334 281 2388 τοῦ
313 2332 658 2404 καλουμένου
689 2329 846 2389 Σιων
886 2333 1275 2406 ἐπιτελουμένη
1307 2330 1635 2406 θρησκεία),
1681 2327 1788 2388 απὸ

183 2417 279 2488 τῆς
303 2413 481 2489 Ἰησοῦ
521 2417 622 2472 τοῦ
660 2418 903 2490 σωτῆρος
941 2411 1099 2488 ἡμῶν
1145 2423 1450 2490 παρουσίας
1501 2416 1788 2488 ἐγκαταλέ-

188 2507 402 2557 λειπται
445 2497 518 2567 ὥς
550 2499 724 2574 σκηνὴ
758 2503 818 2559 ἐν
855 2498 1138 2574 ἀμπελῶνι
1179 2503 1270 2558 καὶ
1311 2499 1383 2568 ὥς
1422 2496 1789 2574 ὄπωροφυλά-

139 2612 161 2643 b
185 2608 306 2642 κιον
339 2587 398 2642 ἐν
428 2584 762 2663 σικυηροῖτςο,
796 2586 888 2642 καὶ
912 2593 969 2643 εἴ
984 2609 1034 2642 τι
1057 2583 1269 2643 τούτων
1301 2582 1654 2659 ἐρημότερον·
1686 2581 1790 2656 τήν

186 2691 244 2725 τε
283 2667 469 2744 χώραν
500 2667 686 2727 αὐτῶν
715 2667 988 2744 ἀλλότριοι
1021 2667 1259 2727 ἐνώπιον
1299 2665 1485 2726 αὐτῶν
1525 2672 1787 2726 κατεσθί-
1811 2690 1851 2721 5³0

298 2864 323 2904 8
354 2864 431 2904 Es.
457 2866 496 2917 1,
520 2867 558 2905 3.
