1946 3158
569 115 875 159 DEMONST.
909 115 1129 158 EVANG.
1155 116 1212 157 11.
1247 119 1286 158 3.
1639 114 1740 166 119

119 233 298 307 μηδὲν
328 238 549 306 θηρίων
582 229 965 305 διαφερόντων
997 235 1182 290 ἐθνῶν
1221 229 1324 305 τὴν
1365 233 1455 288 ἐπὶ
1497 230 1594 288 τὸν
1643 229 1738 288 εὖ·

123 320 263 390 σεβῆ
293 317 384 374 καὶ
415 313 622 391 ἥμερόν
650 340 708 373 τε
749 318 839 373 καὶ
882 316 1211 374 κοινωνικὸν
1251 314 1459 390 τρόπον
1497 322 1738 389 μεταβο-

124 399 228 475 λὴν
261 399 476 473 ἐδήλου.
535 404 651 458 112.
685 403 844 459 τοῦτο
877 401 938 458 δὲ
970 398 1102 458 αὐτὸ
1135 406 1211 467 εἰς
1251 398 1486 473 ὕστερον
1528 398 1738 474 γυμνό-
1770 416 1792 449 b

123 508 285 560 τερον
333 483 584 542 διδάσκει
615 484 848 558 φάσκων
871 481 902 505 “
922 483 1237 558 ἐνεπλήσθη
1269 483 1301 557 ἡ
1335 483 1597 558 σύμπασα
1638 488 1741 542 τοῦ

78 593 102 626 5
123 571 332 643 γνῶναι
362 567 459 627 τὸν
489 568 712 643 κύριον,
748 566 820 637 ὥς
878 568 1032 643 ὕδωρ
1064 567 1206 627 πολύ
1237 568 1479 638 καλύψαι
1522 567 1741 627 θαλάσ-

124 651 270 721 σας.”
339 658 454 712 113.
476 655 581 712 Καὶ
598 660 676 711 ἔτι
700 677 761 727 γε
788 653 950 720 αὐτὸς
978 652 1176 711 ἑαυτὸν
1205 652 1528 728 ἑρμηνεύων
1551 649 1579 711 ὁ
1602 676 1741 727 προ-

0 729 1 776 ¹
124 737 353 813 φητικὸς
384 736 543 811 λόγος
577 735 850 812 ἐπιλέγει“
853 735 975 795 ‘noel
1001 745 1154 795 ἔσται
1178 742 1239 796 ἐν
1262 743 1326 814 τῇ
1346 737 1523 814 ἡμέρα
1552 740 1737 811 ἐκείνῃ

122 821 156 895 ἡ
183 827 305 898 ῥίζα
335 826 435 880 τοῦ
459 819 674 895 Ἰεσσαὶ,
706 825 797 880 καὶ
827 819 856 880 ὁ
889 819 1252 896 ἀνιστάμενος
1296 820 1489 923 ἄρχειν
1521 825 1733 880 ἐθνῶν

126 904 214 964 ἐπ’
257 903 409 964 αύτω
439 912 579 980 ἔθνη
625 910 945 981 ἐλπιοῦσιν,
996 909 1088 964 καὶ
1133 913 1285 964 ἔσται
1326 903 1358 980 ἡ
1421 903 1735 973 ανάπαυσις

60 1017 102 1051 10
126 988 300 1050 αὐτοῦ
329 989 484 1065 τιμή)

253 1079 367 1133 114.
409 1072 630 1148 Ἐπειδὴ
661 1081 854 1135 τοίνυν
874 1072 1133 1150 ἀνωτέρω
1160 1076 1264 1150 μὲν
1285 1073 1387 1149 τὴν
1410 1073 1736 1134 ἀπόπτωσιν

123 1162 223 1218 τοῦ
259 1158 545 1218 Ἰουδαίων
590 1167 792 1229 ἔθνους
840 1159 1137 1235 ἐσήμαινεν
1194 1162 1733 1234 ἐπικεκαλυμμένως,

124 1244 258 1318 μετὰ
283 1245 344 1302 δὲ
363 1247 534 1302 ταῦτα
546 1245 648 1318 τὴν
660 1249 772 1304 τῶν
796 1247 980 1304 ε’θνῶν
993 1250 1191 1318 κλῆσιν
1213 1245 1333 1303 τοτὲ
1345 1245 1447 1319 μὲν
1462 1253 1736 1318 κεκαλυμ-

125 1330 323 1402 μένως,
337 1329 455 1385 τοτὲ
477 1330 537 1386 δὲ
558 1333 799 1403 γυμνῶς,
817 1328 1038 1398 εἰκότως
1060 1322 1227 1398 αὖθις
1255 1328 1736 1404 ἐπαναλαμβάνων

63 1439 104 1470 15
127 1412 223 1470 τὸν
245 1411 411 1485 λόγον
433 1416 543 1470 τῶν
576 1416 633 1470 ἐκ
655 1418 948 1488 περιτομῆς
971 1421 1049 1482 εἰς
1079 1412 1175 1472 τὸν
1190 1412 1429 1487 Χριστὸν
1445 1411 1733 1472 πιστευόν-
1757 1444 1776 1467 e

124 1521 237 1555 των
256 1495 611 1570 μνημονεύει,
626 1496 765 1572 ὑπὲρ
788 1502 887 1556 τοῦ
912 1496 987 1572 μὴ
1003 1497 1180 1570 πάντη
1197 1497 1522 1556 αποκλεισαι
1548 1495 1737 1556 αὐτῶν

123 1579 226 1654 τὴν
259 1586 335 1647 εἰς
366 1579 462 1638 τὸν
487 1581 728 1654 Χριστὸν
760 1584 969 1640 ἐλπίδα.
1014 1581 1206 1639 “ἔσται
1236 1607 1338 1656 μεν
1367 1581 1472 1655 γὰρ
1505 1582 1731 1656 (φησὶν)

123 1662 484 1738 ἀνιστάμενος
515 1664 707 1739 ἄρχειν
726 1663 959 1724 ἐθ·νῶν.”
1018 1670 1132 1723 115.
1162 1672 1244 1733 τίς
1271 1664 1322 1723 δ’
1348 1667 1420 1740 ἠν
1442 1664 1470 1724 ὁ
1505 1663 1734 1724 ανιστά-

124 1773 288 1823 μενος
327 1747 447 1806 ἀλλ’
493 1746 672 1825 ἢρίζα
714 1753 813 1807 τοῦ
850 1748 1075 1824 Ἰεσσαὶ,
1107 1748 1173 1807 ὃν
1212 1752 1304 1807 καὶ
1338 1769 1528 1823 σαφως
1559 1769 1734 1824 φησιν

59 1861 103 1894 20
125 1832 312 1910 ἄρξειν
346 1836 550 1907 ἐθνῶν,
582 1831 703 1893 ἀλλ’
741 1831 867 1909 οὐχὶ
890 1833 1133 1910 Ἰσραήλ;
1170 1833 1357 1908 ἐπειδὴ
1381 1841 1576 1892 τοίνυν
1611 1840 1734 1892 δια-

125 1917 311 1992 φόρως
341 1916 443 1992 τὴν
472 1921 584 1976 τῶν
617 1920 802 1978 ἐθνῶν
843 1919 1184 1994 ἐπιστροφὴν
1215 1921 1302 1977 ἐπὶ
1343 1917 1442 1977 τὸν
1483 1922 1542 1977 ἐκ
1582 1923 1731 1995 ῥίζης

120 2002 322 2062 Ἰεσσαὶ
351 2001 535 2077 φύντα
566 2005 657 2060 καὶ
697 2002 1086 2078 βλαστήσαντα
1129 2006 1410 2076 ἐδίδαξεν,
1452 2001 1623 2062 οὐδὲν
1671 2004 1734 2061 δὲ

126 2087 348 2145 οὐδέπω
379 2087 617 2162 χρηστὸν
647 2091 774 2163 περὶ
804 2092 915 2146 τῶν
948 2091 1006 2146 ἐκ
1037 2093 1333 2164 περιτομῆς
1375 2087 1615 2163 εἰρήκει,
1661 2095 1735 2146 εἰ·

127 2171 297 2240 κότως
337 2171 397 2229 τὸ
440 2173 654 2240 ἐλλιπὲς
705 2179 801 2247 τῆς
851 2171 1207 2248 προρρήσεως
1247 2171 1558 2231 ἀποδίδωσι
1631 2172 1738 2246 φά-

60 2274 278 2316 25σκων
302 2252 332 2276 “
350 2258 441 2313 καὶ
482 2261 632 2315 ἔσται
666 2259 726 2315 ἐν
773 2264 840 2332 τῇ
881 2256 1059 2335 ἡμέρα
1107 2255 1340 2334 ἐκείνῃ,”
1383 2256 1532 2317 τοῦτ’
1584 2263 1738 2316 ἔστιν

129 2343 190 2400 ἐν
227 2346 302 2420 τῷ
342 2338 523 2418 χρόνῳ
558 2345 653 2415 τῆς
695 2344 1021 2416 ἐπιφανείας
1073 2346 1173 2401 τοῦ
1233 2346 1293 2401 ἐκ
1343 2346 1492 2417 ῥίζης
1539 2339 1736 2400 Ἰεσσαὶ

127 2423 356 2499 φύντος,
381 2421 730 2500 “προσθη’σει
762 2425 950 2501 κύριος
982 2429 1083 2484 τοῦ
1113 2430 1288 2495 δεῖξαι
1319 2427 1421 2500 τὴν
1443 2441 1599 2500 χεῖρα
1640 2424 1737 2482 αὐ-

133 2513 254 2581 τοῦ,
284 2514 382 2567 τοῦ
414 2514 638 2584 ζητῆσαι
677 2513 770 2569 καὶ
812 2514 1048 2585 ζηλωσαι
1081 2511 1140 2569 τὸ
1184 2512 1560 2584 καταλειφθεν
1599 2506 1735 2568 υπό-

130 2600 323 2650 λοιπον
353 2597 453 2651 τοῦ
493 2600 666 2668 λαοῦ,
704 2592 737 2653 ὃ
778 2621 848 2653 αν
888 2601 1234 2671 καταλειφθῇ
1274 2593 1384 2653 άπὸ
1431 2599 1612 2652 τωνδε
1644 2597 1736 2651 καὶ

63 2704 109 2737 3ο
131 2681 309 2735 τωνδε
347 2680 460 2735 τῶν
497 2686 790 2754 πολεμιων
769 2661 823 2700 ”
879 2677 1010 2739 ἀνθ’
1045 2672 1112 2738 οὗ
1152 2675 1180 2738 ὁ
1230 2705 1334 2754 μεν
1368 2676 1598 2746 Ἀκύλας
1640 2702 1740 2736 πε-

248 2874 275 2912 4
306 2872 386 2915 Es.
419 2875 485 2925 11,
517 2875 557 2916 9.
