1946 3158
528 116 836 159 DEMONST.
865 116 1088 161 EVANG.
1118 118 1202 158 111.
1234 119 1274 160 5.
1639 117 1740 169 185

131 233 404 310 ανδράσιν
454 230 809 306 ἆπιστητέον,
846 234 937 289 καὶ
982 248 1094 300 τοϊς
1128 236 1326 306 πᾶσιν,
1369 238 1571 299 οἵτινες
1612 233 1734 291 ποτ’

132 319 239 394 ἄρα
269 317 402 392 παρ’
435 313 749 390 Ἕλλησιν
726 315 760 389 η’
791 339 939 391 παρα
970 316 1272 391 βαρβαροις
1311 324 1469 390 βίους
1509 319 1601 375 καὶ
1632 317 1738 378 λό-

133 429 265 478 γους
306 406 398 461 καὶ
437 400 975 476 ἀπομνημονεύματα
1024 407 1137 460 τῶν
1189 426 1325 460 κατα
1374 401 1607 476 χρόνους
1649 406 1742 460 ἐπί

130 509 276 548 τισιν
327 488 562 561 ἀγαθοῖς
621 485 1013 560 κατορθώμασι
1083 489 1408 561 βοηθέντων
1468 487 1737 560 συνεγρά-

88 599 107 632 5
132 588 333 643 ψαντο·
367 570 400 645 ἢ
433 587 546 640 τοῖς
586 572 688 645 μὲν
719 571 903 637 ἄλλοις
934 570 1216 630 πιστεύειν
1258 570 1517 645 εὔλογον,
1549 571 1738 645 μόνοις

133 661 192 717 δὲ
230 658 444 724 τούτοις
485 654 754 714 ἀπιστεῖν.
838 661 921 713 97.
981 659 1072 713 καὶ
1113 662 1228 723 πῶς
1270 655 1372 714 οὐκ
1418 657 1666 730 ἐμφανὴς
1708 656 1735 714 ὁ

130 742 371 816 φθόνος;
413 747 471 799 τί
507 744 595 812 δέ;
637 745 693 798 οὗ
720 739 1196 814 καταψευδόμενοι
1235 745 1332 798 τοῦ
1375 740 1736 814 διδασκάλου,

128 830 219 886 καὶ
251 828 316 886 τὰ
346 826 420 901 μὴ
452 824 715 899 γεγονότα
753 828 820 899 τῇ
859 821 1047 883 αὐτῶν
1087 824 1490 897 παραδιδόντες
1530 829 1737 901 γραφῇ,
1764 851 1786 883 d

128 905 235 987 ἆρα
266 914 359 969 καὶ
389 909 454 968 τα
486 909 640 982 πάθη
674 908 1086 979 κατεψεύσαντο
1118 908 1321 980 αὐτοῦ;
1365 911 1467 982 τὴν
1499 910 1619 979 ἑνὸς
1655 919 1738 967 λε-

67 1022 107 1053 10
131 1021 209 1071 γω
247 999 501 1071 μαθητοῦ
559 999 901 1067 προδοσίαν,
945 997 1036 1052 καὶ
1077 995 1178 1067 τὴν
1217 997 1329 1052 τῶν
1370 1001 1739 1069 συκοφαντῶν

130 1087 485 1155 κατηγορίαν,
514 1078 711 1154 χλεύας
731 1104 790 1137 τε
821 1080 912 1137 καὶ
939 1079 1279 1154 διασυρμοὺς
1312 1084 1613 1153 δικαστῶν,
1645 1079 1740 1147 τάς

129 1191 187 1226 τε
217 1164 406 1240 ὕβρεις
447 1164 664 1232 καὶτὰς
705 1161 917 1238 πληγὰς
957 1165 1051 1231 τὰς
1092 1163 1228 1222 κατὰ
1270 1162 1601 1239 προσώπου,
1641 1163 1739 1238 μά-

132 1250 318 1323 στιγάς
348 1273 406 1308 τε
438 1247 574 1307 κατὰ
604 1247 814 1322 νώτου,
856 1251 948 1307 καὶ
994 1249 1091 1307 τὸν
1133 1253 1186 1318 ἐξ
1226 1247 1495 1307 ἀκανθῶν
1541 1252 1739 1323 στέφα-

137 1359 232 1393 νον
262 1333 346 1392 ἐπ’
374 1333 563 1409 ἀτιμία
589 1337 1018 1409 περιτιθέμενον
1048 1333 1218 1412 αὐτῷ,
1251 1338 1546 1408 φοινικοῦν
1568 1358 1626 1391 τε
1657 1359 1741 1408 χι-

71 1440 109 1473 15
134 1425 282 1477 τῶνα
315 1421 373 1476 ἐν
404 1417 680 1492 χλαμύδος
714 1417 948 1492 σχήματι
979 1422 1420 1492 περιβληθέντα,
1456 1420 1547 1476 καὶ
1588 1420 1741 1485 τέλος

134 1502 306 1562 αὐτὸν
348 1500 481 1560 αὐτὸ
520 1503 580 1560 τὸ
620 1507 719 1560 τοῦ
760 1508 1004 1577 σταυροῦ
1036 1502 1302 1578 τρόπαιον
1344 1507 1740 1576 ἐπικομίζοντα,

134 1591 193 1646 ἐν
223 1587 399 1664 τούτῳ
430 1611 487 1645 τε
518 1586 875 1660 πηγνύμενον
905 1589 996 1645 καὶ
1029 1601 1213 1661 χεῖρας
1245 1589 1336 1644 καὶ
1367 1587 1542 1655 πόδας
1574 1612 1742 1644 κατα-

132 1671 480 1747 πειρόμενον,
512 1670 624 1740 ὄξει
654 1696 712 1729 τε
743 1671 1116 1746 ποτιζόμενον,
1150 1673 1242 1729 καὶ
1262 1671 1575 1746 παιόμενον
1605 1670 1741 1729 κατὰ

134 1757 332 1831 κόρρης
373 1755 627 1832 καλάμῳ,
673 1758 765 1813 καὶ
816 1757 951 1831 πρὸς
1008 1761 1120 1814 τῶν
1167 1754 1430 1830 ὁρώντων
1477 1755 1739 1826 ὀνειδιζό-
1768 1781 1834 1824 [80]

69 1863 110 1895 20
131 1865 330 1916 μενον;
389 1846 469 1898 98.
522 1840 661 1898 ἄλλα
699 1864 803 1916 γαρ
854 1843 948 1899 καὶ
980 1848 1180 1910 ταῦτα,
1233 1843 1326 1898 καὶ
1375 1840 1479 1898 ὅσα
1530 1865 1742 1908 τουτοις
1762 1867 1853 1908 (123)

133 1931 470 2000 συμφέρεται
498 1924 688 2000 όμοια,
731 1925 1052 1985 πεπλασθαι
1093 1923 1196 2001 χρὴ
1242 1924 1377 1999 πρὸς
1418 1929 1530 1984 τῶν
1573 1923 1746 1983 αύτου

132 2017 435 2084 μαθητῶν,
487 2007 521 2083 ἢ
575 2015 635 2069 ἐν
674 2010 886 2079 τούτοις
926 2036 1028 2085 μεν
1070 2008 1172 2084 χρὴ
1224 2010 1507 2068 πιστεύειν
1556 2009 1742 2076 αὐτοῖς

135 2094 206 2162 ὡς
245 2094 673 2170 ἆληθεστατοις,
729 2100 788 2154 ἐν
839 2097 899 2153 δε
939 2110 1052 2163 τοῖς
1099 2093 1369 2163 ἐπιδόξοις
1411 2097 1503 2152 καὶ
1544 2113 1744 2169 σεμνο-

134 2182 306 2254 τέροις
357 2179 627 2238 ἀπιστεῖν.
732 2186 815 2238 99.
872 2182 965 2238 καὶ
1014 2178 1195 2238 πόθεν
1244 2178 1302 2237 τό
1356 2182 1482 2253 περὶ
1542 2178 1743 2245 αὐτούς

71 2284 112 2318 25
136 2267 388 2323 ἐναντίον
429 2263 604 2338 δόγμα
648 2263 1004 2338 συστήσεται;
1049 2262 1108 2322 τὸ
1146 2288 1252 2362 γαρ
1283 2262 1588 2337 ἀληθεύειν
1618 2262 1745 2331 τούς

135 2346 335 2415 αύτους
393 2373 567 2421 φαναι
625 2353 716 2407 καὶ
768 2354 828 2407 ἐν
877 2354 952 2407 τῶ
1012 2346 1165 2425 αὐτῷ
1218 2348 1527 2418 ψεύδεσθαι
1577 2346 1744 2406 οὐδέν

138 2436 284 2490 ἐστιν
334 2458 368 2505 η
419 2430 686 2492 ταναντία
731 2459 867 2492 κατα
915 2432 975 2492 τὸ
1031 2430 1162 2492 αὐτὸ
1218 2435 1346 2507 περὶ
1394 2437 1508 2490 τῶν
1557 2429 1744 2489 αὐτῶν

138 2518 333 2588 λέγειν.
407 2523 522 2575 100.
556 2525 638 2585 τίς
680 2543 784 2577 ουν
827 2543 855 2575 ο
897 2516 1109 2576 τούτων
1151 2524 1397 2590 ἔλεγχος;
1444 2523 1492 2574 εἰ
1528 2540 1631 2590 γαρ
1675 2515 1744 2589 δὴ

133 2598 473 2659 πλαττεσθαι
522 2600 709 2670 αὐτοις
749 2602 950 2670 σκοπὸς
995 2595 1093 2674 ἧν,
1145 2604 1235 2659 καὶ
1286 2600 1467 2674 λόγοις
1511 2602 1744 2669 ψευδέσι

74 2706 114 2737 3ο
138 2682 233 2741 τὸν
286 2683 620 2745 διδασκαλον
669 2702 925 2760 κοσμεῖν,
979 2683 1082 2743 ούκ
1134 2710 1205 2743 αν
1255 2708 1387 2743 ποτε
1440 2683 1627 2751 αὐτοῖς
1678 2684 1744 2741 τὰ

1049 2769 1061 2790 ἳ
1108 2766 1131 2787 Ἢ

138 2770 508 2842 προειρημένα
536 2774 902 2873 κατέγραφον,
935 2768 1039 2829 ούδ
1099 2795 1168 2828 αν
1201 2768 1438 2842 ἐδήλουν
1467 2782 1580 2837 τοῖς
1610 2769 1744 2843 μετὰ
1772 2798 1794 2830 b

138 2855 308 2909 ταῦτα
365 2849 711 2928 ανθρώποις,
769 2854 851 2913 ὅτι
913 2853 981 2928 δὴ
1025 2858 1278 2913 ἐλυπεῖτο
1331 2856 1422 2911 καὶ
1476 2852 1743 2928 ἠδημόνει
