1946 3158
230 125 298 179 92
908 123 1174 191 EUsEssng

235 246 460 317 δένδρα,
492 240 618 300 οὔτε
648 241 713 298 τὰ
743 239 1100 314 βδελύγματα
1126 238 1311 298 αὐτῶν
1334 243 1400 314 τῇ
1431 238 1609 316 ἡμέρα
1634 243 1833 316 ἐκείνῃ.

233 334 450 385 ἔσονται
481 331 543 383 αἱ
567 325 752 393 πόλεις
784 343 886 383 σου
920 327 1495 398 ἐγκαταλελειμμέναι,
1536 322 1601 383 ὃν
1630 323 1837 398 τρόπον

234 415 590 485 ἐγκατέλιπον
620 415 676 467 οἱ
695 408 1012 484 Ἀμορραῖοι
1037 412 1129 466 καὶ
1161 415 1218 467 οἱ
1244 406 1444 466 Εύαῖοι
1474 406 1582 466 ἀπὸ
1614 408 1835 482 προσιό-

233 520 341 553 που
371 500 481 553 τῶν
511 497 652 551 υίῶν
685 491 915 566 Ἰσραήλ.
975 499 1054 551 16.
1083 496 1175 550 καὶ
1206 499 1421 550 ἔσονται
1454 499 1663 568 ἔρημοι,
1697 491 1837 550 διότι

235 582 578 652 ἐγκατέλιπες
620 577 717 636 τὸν
756 576 894 636 θεὸν
934 578 1034 636 τὸν
1072 576 1294 651 σωτῆρά
1335 595 1465 650 σου,
1506 580 1596 635 καὶ
1637 584 1885 651 κυρίου5

232 669 332 721 τοῦ
368 667 506 721 θεοῦ
547 682 649 720 σου
690 659 791 720 οὐκ
833 661 1128 735 ἐμνήσθης.
1203 660 1296 720 διὰ
1343 666 1503 719 τοῦτο
1544 661 1838 736 φυτεύσεις

232 747 485 821 φύτευμα
515 745 773 804 ἄπιστον·
819 750 887 821 τῇ
918 748 979 804 δὲ
1009 744 1185 823 ἡμέρα
1215 739 1255 822 ᾖ
1282 742 1351 804 ἂν
1380 746 1682 821 φυτεύσῃς,
1704 754 1838 804 πλα-

234 829 502 907 νηθήσῃ.”

783 955 883 1031 λβ’.
953 963 1064 1018 Τοῦ
1095 955 1281 1016 αὐτοῦ.

237 1118 452 1177 Δήλωσις
481 1121 811 1173 καθαιρέσεως
849 1123 942 1165 τῶν
967 1117 1251 1165 Ἰουδαϊκῶν
1288 1116 1474 1166 πόλεων
1509 1121 1592 1165 καὶ
1628 1124 1712 1176 τῆς
1748 1122 1840 1165 τῶν
1863 1125 1911 1157 10

646 1174 805 1222 ἐθνῶν
825 1174 946 1221 κατὰ
969 1176 1091 1222 θεὸν
1114 1173 1424 1234 εὐφροσύνης.

367 1315 445 1367 17.
486 1306 516 1328 “
535 1308 711 1380 Κύριε
749 1305 778 1366 ὁ
809 1309 941 1375 θεός
974 1334 1081 1382 μου
1113 1309 1326 1377 δοξάσω
1368 1329 1459 1380 σε,
1506 1305 1738 1382 ὑμνήσω
1778 1308 1838 1366 τὸ

235 1392 409 1467 ὄνομά
440 1413 561 1465 σου,
592 1393 674 1451 ὅτι
706 1397 966 1466 ἐποίησας
1006 1395 1303 1466 θαυμαστὰ
1343 1393 1662 1468 πράγματα,
1708 1400 1839 1466 βου-

236 1477 340 1550 λὴν
380 1477 649 1551 ἀρχαίαν,
692 1474 986 1551 ἀληθινήν.
1057 1483 1270 1550 γένοιτο
1301 1477 1485 1550 κύριε,
1519 1475 1601 1535 ὅτι
1635 1484 1840 1551 ἔθηκας

236 1561 421 1629 πόλεις
470 1569 547 1630 εἰς
597 1566 782 1636 χῶμα,
824 1561 1009 1629 πόλεις
1043 1561 1246 1636 ὀχυρὰς
1286 1567 1389 1621 τοῦ
1421 1577 1615 1620 πεσεῖν
1655 1561 1840 1620 αὐτῶν
1863 1588 1909 1620 15

235 1646 301 1704 τὰ
340 1650 587 1720 θεμέλια.
661 1651 775 1704 τῶν
815 1645 1037 1719 ἀσεβῶν
1077 1646 1234 1714 πόλις
1275 1654 1352 1713 εἰς
1404 1645 1500 1704 τὸν
1541 1650 1717 1704 αἰῶνα
1772 1643 1839 1704 ού

236 1730 310 1805 μὴ
341 1735 700 1806 οἰκοδομηθῇ.
779 1730 869 1788 διὰ
916 1735 1079 1789 τοῦτο
1122 1730 1410 1804 εὐλογήσει
1452 1731 1512 1788 σὲ
1551 1728 1579 1787 ὁ
1630 1730 1758 1798 λαὸς
1811 1729 1840 1788 ὁ

238 1815 470 1889 πτωχὸς,
495 1818 588 1872 καὶ
619 1814 804 1882 πόλεις
833 1813 1155 1889 ἀνθρώπων
1184 1812 1568 1891 ἀδικουμένων
1609 1813 1836 1888 εὐλογή-

237 1906 406 1957 σουσί
430 1917 508 1958 σε.
569 1900 764 1972 ἐγένου
794 1897 900 1973 γὰρ
940 1898 1090 1974 πάσῃ
1121 1897 1278 1957 πόλει
1331 1903 1566 1974 ταπεινῇ
1612 1899 1839 1973 βοηθὸς,

237 1986 330 2040 καὶ
382 1997 498 2049 τοῖς
550 1980 877 2056 ἇθυμήσασι
930 1981 1010 2040 δι’
1053 1988 1277 2041 ἔνδειαν
1328 1989 1517 2057 σκέπη.
1605 1990 1685 2042 18.
1748 1987 1841 2042 καὶ
1862 2009 1908 2042 20

237 2066 454 2140 ποιήσει
504 2066 692 2140 κύριος
726 2065 982 2140 Σαβαιὸθ
1031 2071 1166 2126 πᾶσι
1217 2081 1330 2135 τοῖς
1383 2075 1611 2127 ἔθνεσιν
1654 2070 1743 2126 ἐπὶ
1780 2068 1840 2126 τὸ

236 2149 363 2226 ὅρος
392 2156 572 2224 τοῦτο,
603 2157 824 2210 πίονται
855 2150 1231 2226 εὐφροσύνην,
1263 2161 1482 2212 πίονται
1512 2155 1695 2226 οἶνον,
1727 2160 1842 2227 χρί-

238 2254 428 2293 σονται
465 2235 643 2311 μύρον
689 2239 749 2294 ἐν
798 2240 874 2314 τῷ
918 2235 1034 2309 ὄρει
1091 2236 1284 2314 τούτῳ.
1372 2236 1619 2311 παράδος
1668 2241 1840 2295 ταῦτα

238 2319 419 2378 πάντα
471 2334 584 2387 τοῖς
627 2326 887 2392 ἔθνεσιν,
930 2317 963 2394 ἡ
1008 2321 1113 2394 γὰρ
1145 2321 1321 2394 βουλὴ
1353 2319 1491 2395 αὕτη
1524 2324 1614 2379 ἐπὶ
1658 2319 1839 2379 πάντα

237 2403 303 2462 τὰ
336 2410 504 2479 ἔθνη·
566 2407 823 2463 κατέπιεν
865 2403 893 2462 ὁ
937 2404 1181 2471 θάνατος
1214 2405 1468 2479 ἰσχύσας,
1529 2407 1621 2462 καὶ
1673 2404 1841 2463 πάλιν
1863 2430 1908 2462 25

239 2488 470 2562 ἀφεῖλεν
507 2488 536 2548 ὁ
567 2483 701 2556 θεὸς
729 2493 843 2549 πᾶν
874 2489 1119 2562 δάκρυον
1149 2485 1255 2546 ἀπὸ
1286 2490 1489 2557 παντὸς
1520 2488 1839 2564 προσώπου,

239 2575 299 2631 τὸ
330 2572 545 2641 ὄνειδος
589 2578 689 2632 τοῦ
730 2578 867 2632 λαοῦ
910 2573 1139 2648 ἀφεῖλεν
1168 2571 1197 2630 ὁ
1239 2573 1370 2641 θεὸς
1401 2573 1508 2632 ἀπὸ
1546 2573 1724 2648 πάσης
1748 2577 1842 2648 τῆς

241 2661 353 2731 γῆς.
414 2657 474 2716 τὸ
505 2656 609 2733 γὰρ
640 2657 811 2732 στόμα
842 2664 1042 2734 κυρίου
1073 2656 1306 2731 ἐλάλησε
1337 2655 1555 2716 ταῦτα.”

354 2881 404 2920 13
428 2880 507 2930 Es.
536 2881 604 2932 25,
633 2879 686 2922 1.‘]
