1992 3186
603 136 913 177 DEMONST.
946 135 1168 178 EVANG.
1199 135 1277 176 IX.
1310 136 1349 176 5.
1670 133 1775 186 579

163 257 222 310 ἐκ
253 255 348 324 τῆς
381 252 586 324 ἐρήμου
627 254 791 323 ξένην
823 250 1193 324 ἠμφιεσμένος
1225 247 1453 322 στολὴν,
1495 254 1680 308 πᾶσαν
1712 253 1774 308 δὲ

159 338 262 410 τὴν
291 335 489 409 κοινὴν
518 333 838 409 ἀνθρώπων
879 333 1169 407 διατριβὴν
1210 332 1602 409 ἐκτρεπόμενος
1643 332 1772 392 οὔτε
1797 362 1816 393 b

161 425 301 494 γοῦν
342 426 418 486 εἰς
462 418 654 493 κώμην
695 418 822 477 οὔτε
854 426 930 485 εἰς
962 418 1126 476 πόλιν
1155 417 1282 477 οὔτε
1315 426 1393 486 εἰς
1424 417 1613 478 κοινὸν
1643 417 1771 476 σῦλ-

159 513 328 579 λογον
371 503 597 578 ἀνδρῶν
648 506 1022 577 παρέβαλλεν,
1076 500 1215 560 ἄλλα
1264 503 1399 561 οὐδε
1442 507 1536 577 τῆς
1586 511 1772 577 κοινῆς

116 603 374 664 5μετεῖχε
403 592 636 663 τροφῆς·
698 593 777 645 11.
811 590 1113 662 γέγραπται
1156 594 1297 660 γοῦν
1338 613 1410 654 ως
1450 591 1508 645 ἐκ
1548 591 1643 661 τῆς
1673 592 1774 646 τοῦ

160 674 359 741 παιδὸς
387 669 640 746 ἡλικίας
646 665 736 746 εῆν
768 677 830 730 ἐν
851 685 971 737 ταῖς
1005 671 1225 747 ἐρήμοις
1267 675 1367 738 ἕως
1399 671 1603 782 ἡμέρας
1634 670 1772 730 ἄνα-

161 764 382 828 δείξεως
421 758 594 816 αὐτοῦ
637 757 772 830 πρὸς
801 755 898 814 τὸν
921 755 1202 830 Ἰσραήλ·”
1262 756 1402 814 ἀλλὰ
1432 759 1524 814 καὶ
1567 754 1647 814 τὸ
1679 763 1770 816 ἔν·-

162 849 310 917 δυμα
350 840 524 901 αὐτοῦ
562 833 632 914 ἦν
665 845 724 898 ἐκ
753 846 956 916 τριχῶν
987 839 1249 914 καμήλων
1290 845 1687 915 πεποιημένον,
1736 841 1769 915 ἡ

161 928 222 984 δε
253 925 430 1002 τροφὴ
461 925 633 984 αὐτοῦ
664 923 888 999 ακρίδες
919 927 1010 981 καὶ
1033 929 1156 999 μέλι
1179 950 1388 1000 αγριον.
1413 928 1553 983 ’12.
1587 925 1663 1000 μή
1693 948 1768 999 πη

0 1026 1 1075 1
95 1037 136 1068 10
158 1004 265 1069 οῦν
305 1008 542 1086 ὁρωντες
582 1007 792 1084 ἄνδρα,
834 1017 1115 1082 ναζιραῖον
1154 1035 1257 1083 μεν
1285 1014 1427 1067 θεοῦ
1458 1010 1559 1083 τὴν
1588 1018 1766 1084 τρίχα,
1798 1046 1816 1069 e

0 1100 1 1161 l
159 1097 468 1168 θεοπρεπες
496 1096 556 1152 δε
579 1093 878 1168 πρόσωπον
899 1093 1304 1169 ὑποφαίνοντα,
1325 1094 1506 1168 σχῆμα
1529 1119 1587 1152 τε
1610 1097 1769 1163 ξένον

107 1175 111 1180 ’
157 1183 455 1253 περιβολῆς
496 1176 903 1253 ἠμφιεσμένον,
949 1178 1170 1253 ἀθρόως
1211 1180 1391 1237 ποθὲν
1423 1182 1476 1247 ἐξ
1516 1178 1768 1250 ἀφανοῦς

158 1263 364 1339 ἐρήμου
395 1262 764 1337 φαινόμενον,
806 1266 899 1320 καὶ
936 1264 1072 1337 μετὰ
1102 1263 1162 1321 τὸ
1193 1262 1450 1338 κήρυγμα
1489 1262 1658 1322 πάλιν
1690 1271 1767 1330 εἰς

155 1348 258 1422 τὴν
289 1355 493 1422 ἔρημον
523 1351 614 1405 καὶ
640 1355 716 1416 εἰς
739 1346 800 1405 τὸ
830 1346 1038 1421 ἀφανὲς
1065 1344 1483 1423 ὑποχωροῦντα,
1515 1351 1607 1405 καὶ
1628 1347 1764 1406 ἄπο-

94 1457 133 1488 15
156 1457 282 1505 τον,
335 1431 613 1506 ἄτροφον,
666 1431 1042 1505 ἀκοινώνητον
1081 1445 1195 1499 τοῖς
1240 1441 1488 1505 πολλοῖς,
1545 1432 1767 1499 εἰκότως

158 1516 574 1590 ἐξεπλήττοντο,
632 1514 765 1590 μηδ’
820 1514 1126 1590 ἄνθρωπον
1176 1514 1348 1574 αὐτὸν
1396 1516 1768 1584 ὑπονοοῦντες

156 1600 456 1675 ῦπάρχειν;
488 1604 602 1668 πῶς
621 1602 725 1675 γὰρ
749 1597 817 1658 οῦ
842 1599 939 1658 τὸν
961 1602 1102 1674 μηδὲ
1126 1605 1186 1669 ἐν
1210 1609 1366 1677 χρείᾳ
1390 1605 1596 1675 τροφῆς
1620 1626 1778 1674 γινο-

156 1710 356 1758 μενον;
390 1685 475 1743 διὸ
493 1688 584 1742 καὶ
608 1683 844 1759 ἄγγελον
867 1682 1037 1743 αὐτὸν
1060 1682 1443 1758 ὑπειλήφεσαν
1468 1687 1628 1758 εἶναι,
1653 1690 1776 1743 τοῦ-

157 1794 254 1827 τον
285 1768 457 1826 αὐτὸν
488 1773 705 1828 ἐκεῖνον
734 1768 831 1827 τὸν
865 1768 956 1827 διὰ
985 1773 1086 1827 τοῦ
1108 1768 1397 1845 προφήτου
1430 1768 1777 1844 δηλούμενον

94 1878 133 1908 20
157 1851 294 1911 κατά
334 1852 393 1911 τὸ
416 1850 581 1911 “ἰδοὺ
623 1854 730 1927 ἐγω
772 1851 1089 1912 ἀποστέλλω
1121 1855 1217 1912 τὸν
1247 1853 1483 1927 ἄγγελόν
1527 1879 1642 1929 μου,
1666 1853 1774 1930 πρὸ
1798 1879 1887 1922 [2681

156 1936 458 2012 προσώπου
483 1957 604 2011 σου,
636 1936 696 2006 ὃς
720 1937 1122 1996 κατασκευάσει
1144 1938 1248 2011 τὴν
1276 1937 1414 1997 ὁδόν
1438 1958 1540 1997 σου
1572 1946 1776 2014 ἕμπρο-
1802 1965 1823 1996 d

157 2024 299 2079 σθέν
330 2021 491 2080 σου.”
556 2025 813 2098 κέχρηται
843 2027 985 2096 γοῦν
1013 2027 1079 2098 τῇ
1112 2026 1420 2097 παραθέσει
1452 2027 1542 2081 καὶ
1574 2023 1776 2098 ταύτης

155 2110 249 2179 τῆς
281 2110 498 2182 γραφῆς
524 2107 755 2181 Μάρκος
778 2106 807 2165 ὁ
834 2105 1238 2181 εὐαγγελιστής.
1306 2113 1385 2165 13.
1422 2111 1510 2165 καὶ
1537 2107 1566 2166 ὁ
1591 2109 1775 2183 σωτὴρ

158 2192 218 2248 δὲ
238 2205 510 2267 μαρτυρεῖ
529 2194 708 2264 λέγων
733 2185 948 2265 “ῆλθεν
971 2189 999 2249 ὁ
1022 2190 1276 2266 Ἰωάννης
1309 2193 1444 2268 πρὸς
1465 2193 1609 2267 ὑμᾶς
1638 2193 1775 2267 μήτε

92 2298 134 2331 25
159 2278 368 2332 ἐσθίων
398 2274 534 2349 μήτε
565 2283 764 2349 πίνων,
798 2279 889 2333 καὶ
920 2279 1123 2349 λέγετε,
1157 2277 1446 2350 δαιμόνιον
1477 2274 1642 2350 ἕχει.”
1691 2282 1769 2335 14.

156 2359 282 2426 τοὺς
324 2357 428 2433 γὰρ
460 2359 830 2427 ἀπιστοῦντας
860 2365 956 2418 καὶ
996 2359 1139 2435 πρὸς,
1160 2359 1227 2418 τοὶ
1267 2359 1454 2434 ἀληθῆ
1487 2367 1773 2434 δυσχερεῖς

159 2446 250 2499 καὶ
275 2443 645 2510 δυσενδότους
672 2444 816 2512 εἰκὸς
839 2438 910 2518 ἦν
936 2444 1028 2502 διὰ
1050 2445 1148 2501 τὸν
1171 2449 1462 2519 εἰρημένον
1478 2448 1576 2502 τοῦ
1592 2443 1770 2502 Ἰωάν-

160 2550 262 2583 νου
293 2533 419 2598 βίον
440 2534 667 2584 τοιαῦτα
691 2528 862 2586 αὐτὸν
885 2536 1256 2601 βλασφημεῖν,
1291 2525 1364 2594 ὡς
1386 2534 1620 2601 ἔμπαλιν
1643 2529 1770 2596 τοὺς

159 2614 622 2684 συνῃσθημένους
654 2618 750 2684 τῆς
782 2613 904 2670 κατ’
943 2610 1113 2669 αὐτὸν
1143 2609 1339 2687 ἀρετῆς
1370 2611 1606 2685 ἄγγελον
1635 2609 1768 2670 ῦπο-

273 2833 298 2871 6
328 2833 439 2874 Lue.
469 2836 503 2884 1,
528 2835 596 2877 80,
830 2836 853 2874 7
885 2834 1049 2873 Matth.
1075 2837 1114 2886 3,
1138 2837 1176 2875 4.
1417 2838 1471 2875 20
1502 2836 1644 2878 Mare.
1669 2838 1705 2886 1,
1730 2838 1768 2878 2.

158 2891 211 2927 24
245 2889 356 2931 Luc.
382 2891 421 2941 7,
446 2892 512 2929 33.

1362 2959 1426 3010 37
1442 2959 1470 2989 *
