1992 3186
269 115 373 179 640
951 114 1199 155 EUsEssn

483 229 496 250 2
552 229 563 245 Ι
624 227 656 250 θ’

271 250 400 289 σατε
432 255 615 288 αυτον.
708 235 755 287 9.
789 227 819 286 ὃ
850 231 941 286 καὶ
967 229 1139 286 εἰπῶν
1163 237 1306 306 ἔργω
1324 229 1422 289 τὸν
1447 229 1611 287 δόλον
1633 228 1876 302 ἀπεπλή-

272 340 401 390 ρου,
446 314 535 372 ὅτε
569 310 939 388 “προσελθῶν
977 316 1054 390 τῷ
1085 312 1264 386 Ἰησοῦ
1305 314 1460 372 εἶπεν
1500 311 1677 391 αὐτῷ,
1720 328 1878 389 χαῖρε

261 399 479 472 Ῥαββὶ,
522 400 613 455 καὶ
653 404 1023 471 κατεφίλησεν
1063 396 1247 457 αὐτόν.
1319 394 1348 455 ὃ
1391 398 1453 455 δε
1477 395 1681 471 Ἰησοῦς
1723 399 1878 457 εἶπεν

272 483 452 559 αὐτῷ,
484 485 665 556 ἑταῖρε
697 481 784 556 ἐφ’
815 474 859 558 ᾦ
889 480 1114 556 πάρει;”
1151 485 1241 539 καὶ
1260 482 1428 540 πάλιν
1457 479 1686 555 “Ἰούδα,
1717 482 1876 556 φιλή-

270 591 398 641 ματι
428 565 525 624 τὸν
553 566 680 625 υἱὸν
709 571 807 624 τοῦ
829 564 1135 641 ἀνθρώπου
1160 563 1546 641 παραδίδως;”
1581 566 1794 625 τούτων
1820 563 1875 624 δ’
1901 593 1921 625 5
1991 625 1992 628 ,

159 678 250 720 (476)
273 653 378 710 οὐν
429 655 590 709 ἕνεκα
631 651 930 725 προλαβών
981 649 1071 708 δια
1123 654 1224 709 τοῦ
1269 654 1507 725 Ψαλμου
1555 650 1773 725 φησινε
1776 649 1880 709 ὅτι

271 734 445 809 στόμα
475 734 805 809 ἁμαρτωλου
834 739 926 793 καὶ
957 735 1128 808 στόμα
1161 741 1352 794 δολίου
1385 734 1468 794 ἐπ’
1507 736 1599 808 ἐμὲ
1622 733 1880 809 ἠνοίχθη,

274 820 548 893 ἐλάλησαν
579 819 698 878 κατ’
738 824 870 894 ἐμοῦ
901 819 1124 895 γλώσσῃ
1165 826 1322 896 δολία
1354 823 1445 878 καὶ
1475 818 1657 893 λόγοις
1686 828 1882 894 μίσους

274 903 596 963 ἐκύκλωσάν
618 929 686 979 με
708 907 799 963 καὶ
826 903 1172 978 ἐπολέμησαν
1193 929 1260 978 με
1285 901 1548 978 δωρεάν.”
1585 910 1725 963 ἔνθα
1749 904 1883 978 μετὰ

272 995 371 1047 τοῦ
409 989 589 1048 Ἰούδα
645 992 735 1047 καὶ
784 993 896 1048 τῶν
945 993 1155 1048 λοιπῶν
1203 995 1316 1048 τῶν
1365 987 1883 1062 ἐπιβουλευσάντων
1905 1013 1946 1046 10

274 1073 424 1131 αὐτῶ
454 1074 788 1147 μνημονεύει
851 1079 930 1132 10.
965 1077 1111 1146 λέγει
1144 1077 1195 1131 δ’
1231 1065 1334 1132 οὖν
1362 1073 1423 1131 τὸ
1457 1075 1781 1147 εὐαγγέλιον
1811 1070 1884 1141 ῶς

273 1156 380 1232 άρα
410 1163 508 1216 τοῦ
539 1163 783 1233 σωτῆρος
800 1156 993 1232 ἡμῶν
998 1154 1098 1216 εἔτι
1121 1172 1233 1224 τοῖς
1258 1161 1457 1216 ἑαυτοῦ
1487 1169 1763 1232 μαθηταῖς
1787 1165 1886 1214 λα-

275 1246 501 1309 λοῦντος
534 1242 660 1300 ίδού
686 1241 892 1310 Ἰούδας
925 1240 1002 1310 εἷς
1032 1247 1144 1301 τῶν
1177 1242 1398 1300 δώδεκα
1430 1235 1572 1315 ἦλθε
1585 1287 1600 1315 ,
1643 1244 1735 1300 καὶ
1764 1238 1880 1316 μετ’

276 1324 448 1384 αυτοῦ
486 1325 644 1400 όχλος
684 1327 854 1395 πολὺς
894 1350 1028 1400 μετα
1067 1331 1353 1401 μαχαιρῶν
1392 1329 1484 1384 καὶ
1529 1325 1738 1398 ξύλων,
1778 1324 1885 1384 άπὸ

228 1437 251 1470 b
274 1414 386 1469 τῶν
416 1409 722 1484 ἀρχιερέων
753 1414 845 1469 καὶ
877 1414 1270 1484 πρεσβυτέρων
1300 1417 1399 1470 τοῦ
1429 1417 1580 1469 λαοῦ.
1591 1409 1622 1430 ”
1689 1416 1768 1468 11.
1801 1408 1882 1477 οἷς
1906 1434 1946 1467 15

275 1498 367 1553 καὶ
410 1496 566 1554 εἶπεν
603 1492 632 1553 ὁ
673 1494 862 1569 κύριος
894 1492 1006 1563 ‘633
1045 1498 1130 1553 ἐπὶ
1177 1495 1388 1570 λῃστὴν
1419 1495 1707 1569 ἐξήλθετε,
1752 1519 1887 1569 μετα

275 1584 562 1654 μαχαιρῶν
585 1582 676 1637 καὶ
701 1580 883 1649 ξύλων
906 1587 1210 1653 συλλαβεῖν
1243 1604 1340 1654 με;
1367 1578 1500 1638 καθ’
1518 1577 1729 1654 ημέραν
1751 1579 1886 1655 πρὸς

275 1661 418 1738 υμᾶς
471 1663 815 1739 ἐκαθεζόμην
868 1668 928 1723 ἐν
978 1670 1053 1722 τῶ
1108 1669 1238 1741 ιερῶ
1284 1664 1596 1749 διδάσκων,
1650 1667 1742 1722 καὶ
1787 1661 1888 1722 οὐκ

278 1747 614 1821 ἐκρατήσατέ
648 1774 730 1822 με.
792 1753 953 1808 τοῦτο
987 1750 1047 1806 δὲ
1077 1747 1208 1807 ολον
1247 1751 1504 1823 γέγονεν,
1545 1754 1639 1806 ἵνα
1669 1757 1887 1822 πληρω-

276 1839 460 1891 θῶσιν
499 1839 562 1890 αι
595 1836 804 1907 γραφαὶ
844 1837 955 1891 τῶν
994 1837 1309 1908 προφητῶν
1316 1832 1346 1854 ”
1421 1841 1500 1890 ἔτι
1533 1835 1599 1889 δέ
1624 1850 1796 1905 φησιν
1827 1836 1887 1890 ἐν
1910 1859 1951 1891 20

276 1921 354 1994 τῷ
383 1921 595 1995 Ψαλμῶ
616 1917 778 1976 “άντὶ
809 1922 910 1977 τοῦ
931 1917 1153 1991 ἀγαπᾶν
1175 1941 1241 1990 με
1275 1915 1631 1988 ἐνδιέβαλλόν
1653 1942 1747 1990 με,
1783 1915 1888 1989 ἐγῶ

280 2003 340 2058 δὲ
371 2001 780 2075 προσηυχόμην.
788 1999 817 2022 ”
885 2007 963 2059 12.
996 1999 1117 2058 τότε
1147 2003 1239 2058 καὶ
1270 1999 1402 2058 αὐτὸ
1441 2003 1631 2067 τέλους
1665 1999 1887 2075 ἐτύγχα-

277 2109 402 2157 νεν,
434 2082 525 2142 ὅτε
554 2090 653 2141 τοῦ
685 2089 928 2159 σωτῆρος
959 2082 1115 2158 ἡμῶν
1141 2088 1200 2143 ἐν
1223 2089 1297 2161 τῷ
1320 2088 1642 2162 καλουμένῳ
1673 2093 1888 2158 Γεθση-

279 2172 428 2241 μανῆ
458 2174 640 2245 χωρίω
683 2193 817 2242 μετα
849 2173 962 2227 τῶν
993 2172 1191 2227 ε’νδεκα
1232 2166 1554 2227 ἀποστόλων
1585 2188 1888 2243 προσευχο-

240 2290 258 2312 c
280 2254 481 2326 μένου,
507 2251 705 2327 μικρόν
729 2277 792 2325 γε
814 2252 1273 2328 ἀναχωρήσαντος
1309 2253 1496 2310 αὐτῶν
1535 2255 1625 2310 καὶ
1651 2273 1888 2328 προσπε-
1911 2278 1952 2310 25

279 2335 472 2403 σόντος
503 2341 578 2413 τῷ
610 2341 803 2411 πατρὶ,
827 2338 1109 2413 χδεύτερόν
1139 2361 1198 2395 τε
1229 2337 1531 2411 εὐξαμένου
1562 2340 1652 2394 καὶ
1683 2344 1887 2412 τρίτον,

279 2417 307 2477 ὁ
335 2418 542 2488 Ἰούδας
573 2440 678 2479 συν
708 2436 821 2489 τοῖς
844 2420 1075 2498 άρχουσι
1105 2426 1217 2480 τῶν
1240 2420 1531 2480 Ἰουδαίων
1560 2447 1624 2478 τα
1656 2426 1751 2495 τῆς
1778 2425 1889 2478 ἐπι-

282 2509 489 2577 βουλῆς
531 2503 678 2582 αύτῶ
719 2506 1054 2581 κατήρτυεν,
1103 2505 1364 2579 συνάγων
1395 2509 1484 2563 καὶ
1516 2509 1801 2581 προξενῶν
1830 2504 1890 2562 τὸ

281 2593 496 2661 πλῆθος
526 2594 637 2647 τῶν
666 2591 799 2663 μετὰ
829 2596 1112 2666 μαχαιρῶν
1135 2593 1227 2648 καὶ
1252 2591 1434 2658 ξύλων
1457 2597 1760 2662 συλλαβεῖν
1790 2586 1893 2646 αύ-

280 2672 377 2730 τὸν
417 2679 968 2749 παρεσκευασμένων.
1037 2673 1213 2733 “nanda
1260 2676 1321 2732 δὲ
1367 2681 1443 2742 εἰς
1485 2674 1655 2733 αὐτὸν
1697 2681 1955 2733 ἔθεντο3ο

398 2868 448 2905 12
481 2867 646 2911 Matth.
671 2870 738 2919 26,
761 2871 830 2911 47.
1011 2871 1060 2909 16
1092 2869 1259 2911 Matth.
1284 2870 1352 2920 26,
1376 2870 1443 2909 55.
