1946 3158
141 137 146 142 -
200 121 268 172 48
882 116 1127 157 EUSEBII

109 429 177 470 (23)

167 1187 185 1217 b

123 1691 188 1733 [17]

203 235 374 310 μόνον
396 234 702 305 Ἰουδαίοις,
735 229 871 288 ἀλλὰ
896 233 987 288 καὶ
1007 228 1231 303 ’Ἐλλησι
1262 232 1352 287 καὶ
1387 229 1687 303 βαρβάροις
1719 232 1810 286 καὶ

202 337 317 387 τοῖς
346 316 444 392 ὑφ’
482 317 620 394 ἡλίῳ
652 321 822 403 πᾶσιν
848 323 1075 373 ἔθνεσιν
1098 314 1465 388 ἐπιβοώμενος
1485 313 1677 388 νόμον,
1708 311 1811 386 ὅρα

203 413 260 463 τί
286 410 483 478 φησίν·
544 407 626 460 64.
663 395 703 458 ῶ
745 398 1044 472 ἄνθρωπε,
1087 402 1178 457 καὶ
1214 398 1442 505 σύμπαν
1485 398 1543 456 τὸ
1583 401 1812 471 θνητῶν

205 493 392 562 γένος,
425 487 453 545 ὁ
484 513 586 560 μεν
619 486 684 558 δὴ
717 487 968 561 Μωσέως
999 483 1165 557 νόμος
1197 481 1294 556 ἀφ’
1333 483 1454 550 ἑνὸς
1485 486 1681 556 γένους
1712 479 1814 540 ἆν-

206 572 454 647 θρωπων
476 564 776 644 ἀρξαμενοξ
801 573 1022 643 πρῶτον
1043 566 1305 626 ἁπάντων
1327 566 1387 626 τὸ
1412 564 1699 626 Ἰουδαίων
1725 569 1855 639 γέ-5

205 682 318 730 νος,
350 662 444 728 τῆς
475 655 610 730 πρὸς
633 653 759 721 τοὺς
779 661 1061 726 θεοφιλεῖς
1078 651 1423 726 προπάτορας
1441 650 1625 708 αὐτῶν
1651 655 1814 723 ἐπαγ-

206 748 391 813 γελίας
409 744 616 812 ε’νεκεν,
635 741 721 796 ἐπὶ
734 737 835 811 τὴν
847 742 946 795 τοῦ
959 738 1079 804 ἑνὸς
1093 741 1233 795 θεοῦ
1246 742 1455 809 γνῶσιν
1475 733 1814 806 ἀνεκαλεῖτο,

207 832 299 902 τῆς
332 828 528 898 πικροῖς
558 828 671 882 τῶν
704 821 984 896 δαιμόνων
1007 828 1262 888 δουλείας
1283 820 1409 887 τοῦς
1430 818 1815 887 ὑπακούοντας

208 908 596 967 ἀπαλλαττων
648 905 751 980 ε’γω
778 909 838 964 δε
861 911 1031 963 πᾶσιν
1061 904 1382 979 ἀνθρώποις
1425 907 1516 962 καὶ
1548 920 1662 970 τοῖς
1687 900 1811 961 καθ’

208 993 336 1066 ὅλης
366 998 462 1066 τῆς
492 994 818 1065 οἰκουμένης
851 998 1040 1049 ἔθνεσι
1071 1016 1173 1064 την
1201 994 1687 1062 ἐπαναβεβηκυῖαν
1716 992 1815 1045 τοῦ

210 1081 350 1136 θεοῦ
379 1081 589 1150 γνῶσιν
619 1078 712 1134 καὶ
745 1075 1034 1148 εὐσέβειαν
1065 1078 1486 1148 προαγγέλλων,
1519 1071 1655 1130 κατα
1685 1072 1816 1140 τούς

210 1160 350 1236 ἀμφὶ
381 1160 478 1219 τὸν
500 1160 746 1237 Ἀβραὰμ
778 1163 869 1218 καὶ
899 1154 1027 1227 τοῦς
1053 1168 1131 1218 ἔτι
1154 1161 1515 1233 παλαιτέρους
1545 1155 1651 1230 πρὸ
1682 1165 1818 1215 Μω-

212 1249 348 1313 σέως
390 1245 606 1320 χρὸνων
645 1250 807 1318 βιοῦν
846 1251 1130 1317 παραινῶ,
1175 1247 1234 1301 ἐν
1271 1240 1353 1309 οἷς
1397 1247 1449 1311 ἐξ
1485 1241 1818 1299 ἀλλοδαπῶν

214 1335 400 1388 ἐθνῶν
430 1337 655 1397 πλειόυς
691 1327 778 1386 ἐπ’
814 1328 1071 1404 εὐσεβείᾳ
1115 1326 1554 1401 μνημονεύονται
1587 1324 1820 1399 διαλάμ-

214 1430 430 1483 ψαντες.
502 1419 584 1472 65.
628 1417 721 1471 καὶ
759 1412 951 1471 πάλιν·
1012 1411 1040 1471 ὁ
1082 1413 1184 1486 μὲν
1226 1415 1476 1477 Μωσέως
1517 1409 1681 1484 νόμος
1725 1409 1812 1483 ἐφ’

214 1504 310 1556 ἕνα
339 1498 462 1556 τινὰ
501 1502 595 1571 τῆς
634 1503 733 1572 γῆς
765 1495 1154 1571 ἀφωρισμένον
1195 1495 1365 1554 τόπον
1403 1493 1531 1562 τοῦς
1565 1492 1819 1565 εὐσεβεῖν

213 1585 634 1658 προῃρημένους
676 1581 942 1652 σπεύδειν
1001 1580 1356 1655 πανταχόθεν
1400 1578 1818 1653 παρεκελεύετο,

218 1670 321 1741 ε’γῶ
355 1673 417 1725 δὲ
446 1682 559 1734 τοῖς
591 1671 760 1725 πᾶσιν
790 1666 942 1733 ἀνεὶς
973 1665 1074 1739 τὴν
1105 1671 1455 1738 ἐλευθερίαν,
1488 1661 1590 1721 οῦκ
1623 1667 1683 1720 ἐν
1712 1687 1818 1735 γω-

212 1759 307 1829 νίᾳ
338 1756 463 1826 γῆς,
507 1749 627 1810 οὐδ’
668 1755 727 1809 ἐν
766 1749 983 1824 ὄρεσιν,
1025 1749 1060 1824 ἦ
1091 1769 1198 1807 τισι
1239 1747 1633 1823 χειροποιήτοις
1665 1761 1819 1814 ναοῖς

214 1847 392 1910 ζητεῖν
421 1836 518 1894 τὸν
549 1838 639 1894 ἐπὶ
671 1835 897 1893 πάντων
927 1833 1092 1907 θεὸν,
1125 1844 1352 1892 οἴκοθεν
1385 1834 1446 1890 δὲ
1472 1836 1702 1890 ἕκαστον
1733 1833 1818 1889 σε’-

214 1928 336 1992 βειν
368 1917 537 1978 αὐτὸν
568 1923 660 1977 καὶ
690 1933 1029 1991 προσκυνεῖν
1058 1917 1323 1976 παιδεύω.
1378 1923 1460 1974 66.
1497 1920 1587 1974 καὶ
1619 1915 1786 1974 πάλιν
1806 1932 1816 1942 ”

176 2001 245 2061 οὸ
276 2005 379 2078 μὲν
410 2004 639 2071 παλαιὸς
670 2003 835 2076 νόμος
866 2010 1092 2070 θυσίαις
1123 2018 1241 2070 ταῖς
1275 2000 1366 2060 διὰ
1398 2001 1550 2079 ζῴων
1581 2015 1820 2076 σφαγαῖς

174 2783 194 2814 d

216 2093 526 2161 λιβανωτοῦ
548 2113 606 2146 τε
631 2090 722 2145 καὶ
746 2085 918 2160 πυρὸς
941 2094 1038 2144 καί
1063 2113 1229 2145 τινων
1241 2085 1424 2144 ἄλλων
1443 2085 1821 2160 ὁμοιοτρόπων

216 2177 313 2231 τοῦ
345 2171 592 2246 σώματος
633 2175 939 2245 καθαρμῶν
980 2171 1320 2245 θρησκεύειν
1350 2169 1447 2229 τὸν
1479 2173 1567 2228 ἐπὶ
1597 2169 1822 2228 πάντων

1839 1013 1880 1045 10

1842 1433 1883 1465 15

1842 1857 1884 1889 20

217 2257 353 2315 θεὸν
383 2255 797 2331 παρεκελεύετο,
832 2254 936 2328 ἐγώ
969 2257 1030 2314 δὲ
1051 2256 1116 2313 τὰ
1147 2259 1323 2330 ψυχῆς
1355 2254 1697 2330 παραδιδοὺς
1727 2253 1816 2326 ὅρ-
1839 2274 1880 2306 25

218 2367 309 2414 για
342 2347 561 2418 διανοίᾳ
592 2339 957 2415 καθαρωτάτη
990 2343 1081 2397 καὶ
1112 2345 1191 2416 νῷ
1225 2347 1471 2412 διαυγεῖ,
1506 2343 1565 2396 ἐν
1596 2357 1818 2410 σωφρο-

217 2425 358 2500 σύνῃ
391 2428 482 2482 καὶ
513 2430 589 2483 τῶ
619 2423 739 2483 κατ’
773 2424 974 2499 ἀρετὴν
1005 2431 1130 2502 βίω,
1165 2424 1407 2497 δόγμασί
1430 2447 1489 2480 τε
1511 2423 1704 2497 ὀρθοῖς
1729 2424 1815 2478 καὶ

219 2508 471 2583 εὐσεβέσι
501 2510 560 2567 τὸ
591 2521 754 2569 θεῖον
783 2516 1064 2583 γεραίρειν
1087 2526 1418 2609 προσταττω.
1473 2513 1555 2564 67.
1590 2509 1682 2563 καὶ
1714 2529 1821 2563 πα-

219 2602 331 2652 λιν·
381 2600 590 2668 Μωσῆς
621 2621 723 2669 μεν
754 2594 826 2662 ῶς
857 2591 926 2651 ἂν
955 2592 1267 2668 μιαιφόνοις
1297 2594 1424 2650 οὐσι
1454 2607 1566 2657 τοῖς
1596 2590 1717 2648 τότε
1746 2590 1820 2665 μὴ

219 2678 482 2751 φονεύειν
521 2680 786 2754 παρήνει,
831 2677 935 2752 ε’γῶ
981 2679 1042 2736 δε
1071 2693 1183 2745 τοῖς
1217 2681 1275 2735 ἐν
1305 2675 1482 2753 τούτῳ
1513 2681 1819 2750 προπαιδα-
1843 2697 1883 2728 30

218 2773 523 2835 γωγηθεῖσι
576 2767 666 2820 καὶ
719 2762 820 2835 τὴν
871 2762 1097 2837 πρώτην
1141 2761 1368 2833 ἐντολὴν
1423 2759 1820 2832 κατωρθωκόσι

219 2851 506 2920 νομοθετῶ
553 2846 653 2920 τὴν
705 2850 1071 2921 τελειοτέραν,
1126 2843 1260 2921 μηδ’
1315 2845 1480 2919 ὀργῆς
1532 2848 1820 2918 ἐνέχεσθαι
