1946 3158
193 138 263 190 46
866 139 1112 180 EUSEBII

193 258 324 312 νυνὶ
370 254 461 312 διὰ
508 259 603 328 τῆς
643 259 743 312 τοῦ
783 258 1030 329 σωτῆρος
1069 254 1226 328 ἡμῶν
1273 258 1473 313 ἐνθέου
1515 255 1803 329 δυνάμεως

145 376 162 397 e
192 343 633 413 μεταβληθέντες
663 343 755 397 καὶ
789 339 972 413 ὥσπερ
998 343 1050 407 ἐξ
1071 342 1274 414 ἑτέρων
1296 342 1467 413 ἕτεροι
1496 339 1802 414 γεγονότες,

193 423 390 497 λόγους
421 423 618 497 ἀρετῆς
649 428 740 481 καὶ
764 424 1130 498 σωφροσύνης
1150 424 1497 498 παιδεύματα
1516 424 1802 492 συνιόντες

195 515 271 575 είς
301 507 366 566 τοὶ
388 511 545 566 κοινοὶ
564 515 941 583 δισασκαλεῖα,
973 509 1391 583 μανθάνουσιν;
1425 509 1498 576 ὡς
1526 509 1628 584 τὴν
1659 508 1801 567 ἀνω-

190 593 334 651 τάτω
385 603 749 667 φιλοσοφίαν,
796 593 898 666 τὴν
944 593 1075 667 μηδ’
1139 598 1429 668 ἐμβλέπειν
1479 592 1800 661 ἀκολάστοις
1824 619 1843 651 5

191 677 532 751 ὀφθαλμοῖς,
573 680 714 751 μηδὲ
753 682 909 753 μέχρι
949 678 1128 752 λόγων
1168 677 1532 752 ἀδιαφορεῖν,
1565 682 1706 752 μηδὲ
1735 678 1802 736 τὰ

193 762 348 820 κοινοὶ
389 766 480 819 καὶ
522 778 635 830 τοῖς
675 768 810 821 πᾶσι
855 763 1078 837 συνήθη
1125 764 1559 837 διαπράττεσθαι
1601 786 1802 838 παραι-

190 852 403 904 νοῦσαν
443 847 509 904 οὐ
551 847 723 920 μόνον
754 846 992 922 ἄνδρας,
1025 847 1163 905 ἀλλὰ
1187 851 1275 905 καὶ
1310 862 1598 922 γυναῖκας,
1631 853 1802 921 πένη-

189 931 285 998 τάς
317 956 375 988 τε
406 935 500 989 καὶ
532 939 862 1005 πλουσίους,
907 928 1127 1006 λογίους
1158 957 1217 990 τε
1247 935 1337 990 καὶ
1371 932 1613 1004 ἰδιώτας,
1644 936 1803 1008 μέχρι

191 1020 281 1073 καὶ
315 1020 534 1075 παίδων
563 1021 654 1074 καὶ
686 1015 1087 1089 ἀνδραπόδων,
1122 1022 1181 1075 ἐν
1211 1033 1329 1084 ταῖς
1351 1018 1488 1075 κατὰ
1521 1017 1686 1077 πόλιν
1709 1021 1800 1075 καὶ
1824 1043 1863 1074 10

191 1099 314 1158 κατ’
358 1101 562 1174 ἀγροὺς
605 1108 911 1174 διατριβαῖς
952 1102 1346 1174 παιδεύεσθαι,
1389 1103 1702 1176 μανθάνειν
1743 1127 1800 1160 τε

144 1205 165 1237 -1
190 1182 374 1258 ἀληθῆ
413 1185 649 1259 τρόπον,
703 1185 837 1244 καθ’
883 1185 949 1244 ὃν
1002 1186 1100 1245 τὸν
1142 1190 1231 1244 ἐπὶ
1270 1187 1496 1245 πάντων
1534 1186 1801 1260 προσήκει

189 1270 327 1327 θεὸν
369 1274 555 1343 σέβειν
606 1274 698 1328 καὶ
738 1271 1079 1345 θεραπεύειν
1119 1275 1177 1328 ἐν
1227 1275 1391 1329 παντὶ
1430 1271 1609 1349 τόπῳ,
1662 1271 1801 1329 κατὰ

98 1380 163 1422 μς]
190 1355 291 1428 τὴν
321 1354 581 1428 φήσασαν
611 1363 957 1429 προφητείαν
981 1353 1110 1413 “mxl
1133 1356 1620 1430 προσκυνήσουσιν
1651 1355 1801 1433 αὐτῷ

188 1443 414 1507 ε’καστος
448 1445 508 1497 ἐκ
537 1444 634 1497 τοῦ
664 1440 837 1498 τόπου
869 1441 1056 1498 αυτοῦ.
1066 1438 1097 1460 ''
1819 1465 1862 1498 15

299 1529 382 1583 57.
417 1535 749 1597 Προσκυνεῖ
777 1530 912 1598 δῆτα
943 1519 1047 1583 οὖν
1077 1530 1182 1592 πᾶς
1211 1529 1288 1603 τῷ
1316 1529 1404 1583 ἐπὶ
1427 1525 1654 1583 πάντων
1682 1529 1799 1602 θεῷ

186 1608 467 1681 βάρβαρος
499 1612 589 1666 καὶ
607 1608 839 1683 ”Ἐλλην,
883 1608 949 1668 ού
979 1613 1189 1684 τρέχων
1222 1614 1310 1667 ἐπὶ
1340 1609 1405 1668 τά
1427 1609 1796 1684 Ἱεροσόλυμα,

186 1691 311 1750 οὐδ’
355 1701 547 1767 αἵμασι
590 1698 683 1751 καὶ
723 1702 951 1761 θυσίαις
991 1693 1420 1768 ἀφοσιούμενος,
1463 1705 1693 1752 οἴκοθεν
1736 1698 1798 1752 δὲ

185 1781 278 1835 καὶ
312 1777 397 1851 ἐφ’
439 1781 619 1836 ἑαυτω
648 1782 860 1852 μένων,
893 1781 984 1836 καὶ
1016 1778 1287 1852 πνεύματι
1312 1783 1403 1836 καὶ
1427 1778 1665 1855 ἀληθεία
1696 1779 1799 1852 τὴν

185 1861 422 1935 ἄναιμον
452 1866 544 1919 καὶ
575 1862 832 1937 καθαραν
861 1861 1164 1930 ἀποδιδούς
1196 1861 1343 1940 αὐτῷ
1377 1872 1651 1936 λατρείαν.
1709 1869 1792 1922 58.
1819 1890 1862 1922 20

185 1950 277 2003 καὶ
309 1946 448 2019 αὕτη
489 1972 552 2019 γε
584 1949 653 2020 ἠν
683 1946 717 2019 ἡ
760 1946 921 2020 καινὴ
955 1947 1228 2020 διαθήκη,
1270 1947 1336 2005 οὐ
1381 1973 1518 2006 κατα
1557 1948 1659 2022 τὴν
1689 1973 1798 2006 πα·-

185 2030 349 2088 λαιαν
377 2031 753 2105 τυγχάνουσα
808 2032 1049 2090 παλαιαν
1075 2034 1134 2089 δε
1163 2031 1238 2105 μή
1268 2059 1351 2091 τοι
1380 2041 1610 2108 νομίσῃς
1642 2037 1799 2106 λέγε-
1862 2037 1867 2041 ’

185 2126 320 2173 σθαι
351 2116 451 2188 τὴν
482 2119 593 2173 τῶν
634 2116 738 2190 πρὸ
772 2119 1023 2184 Μωσέως
1062 2122 1350 2190 θεοφιλῶν
1381 2117 1624 2192 ἀνδρῶν,
1657 2116 1796 2175 ἀλλὰ

183 2199 286 2272 τὴν
314 2199 422 2257 ὑπὸ
455 2204 704 2267 ,Μωσέως
745 2198 917 2259 αὐτοῦ
955 2206 1030 2278 τῷ
1055 2201 1344 2260 Ἰουδαίων
1375 2211 1532 2262 ἔθνκει
1562 2227 1797 2277 νενομο-

184 2289 512 2358 θετημένην.
597 2291 679 2342 59.
726 2288 971 2359 ἐπιφέρει
1018 2290 1157 2358 γοῦν
1207 2283 1236 2343 ὁ
1291 2286 1449 2360 λόγος
1495 2286 1793 2360 Ιδιασαφῶν
1815 2310 1857 2342 25

88 2397 157 2435 122}
183 2378 309 2426 τίνα
341 2378 549 2443 ἔφησεν
581 2370 722 2428 εἶναι
745 2370 846 2444 τὴν
869 2370 1128 2443 παλαιὰν,
1169 2363 1208 2444 ᾗ
1239 2375 1416 2444 μηδὲν
1445 2370 1634 2444 ὅμοιον
1665 2371 1792 2445 σχή-

184 2474 306 2512 σειν
338 2454 588 2512 διδάσκει
619 2453 721 2529 τὴν
751 2455 949 2529 καινὴν
979 2458 1157 2528 λέγων
1180 2452 1559 2528 ’Ἑδιαθήσομαι
1594 2454 1790 2529 διαθή-

183 2563 287 2612 κην
317 2540 542 2614 καινὴν,
575 2565 640 2598 ου
672 2539 808 2598 κατά
839 2565 941 2613 την
965 2539 1245 2613 διαθήκην
1274 2564 1345 2611 ην
1382 2543 1648 2613 διεθέμην
1678 2555 1792 2608 τοῖς

183 2624 484 2697 πατράσιν,
521 2629 579 2683 ἐν
609 2624 784 2700 ημέρα
810 2627 1213 2698 ἐπιλαβομένου
1235 2650 1343 2698 μου
1365 2628 1461 2696 τῆς
1485 2625 1663 2700 χειρὸς
1694 2623 1790 2683 αύ-

182 2732 294 2764 των
327 2713 615 2782 ἐξαγαγεῖν
646 2735 846 2778 αυτους
881 2714 939 2767 ἐκ
970 2734 1069 2808 γης
1102 2708 1428 2782 Αἰγύπτουῖ
1812 2733 1853 2765 3ο

309 2798 391 2850 60.
432 2793 514 2851 Οὐ
539 2819 675 2852 κατα
699 2795 906 2868 ταύτην
929 2820 1066 2868 γουν
1089 2815 1262 2868 φησιν
1284 2793 1385 2866 τὴν
1415 2791 1524 2852 ὑπὸ
1543 2797 1789 2862 Μωσέως

298 2920 349 2958 14
382 2919 519 2972 soph.
546 2923 583 2971 2,
611 2922 676 2960 11.
850 2921 903 2959 27
933 2919 1026 2960 Jer.
1050 2921 1119 2970 31,
1143 2921 1210 2961 31.
