1992 3186
230 123 335 175 252
906 122 1153 164 EUsEBn

231 239 399 297 πάλιν
432 237 462 291 ‘5
509 244 566 295 οἱ
603 239 706 312 μὲν
737 240 902 311 χωρὶς
939 235 1282 310 ὁρκωμοσίας
1314 239 1458 295 εἰσὶν
1489 243 1652 312 ἱερεῖς
1682 261 1838 310 γεγο·

230 322 413 396 νότες,
446 321 474 379 ὁ
508 324 569 379 δὲ
599 320 733 395 μετὰ
762 317 1137 394 ὁρκωμοσίας,
1171 319 1262 377 διά
1291 326 1389 379 τοῦ
1419 323 1673 393 λέγοντος
1702 320 1838 395 πρὸς

233 404 422 478 αὐτὸν,
465 404 643 478 ὤμοσε
682 403 872 478 κύριος
917 407 1008 461 καὶ
1052 403 1118 461 οῦ
1162 404 1695 478 μεταμεληθήσεται·
1767 404 1838 464 σὺ

233 489 412 565 ἱερεὺς
438 496 514 555 εἰς
536 488 633 546 τόν
657 491 833 546 αι’ῶνα
856 488 993 546 κατὰ
1023 486 1125 560 τὴν
1153 487 1308 556 τάξιν
1331 492 1693 562 Μελχισεδέκ.
1745 491 1838 547 καὶ

233 579 290 632 οἱ
314 575 415 647 μὲν
445 575 696 640 πλείονές
729 579 835 630 είσι
865 570 1150 645 γεγονότες
1182 577 1347 645 ἱερεῖς
1388 572 1479 629 διὰ
1507 571 1567 630 τὸ
1607 572 1837 650 θανάτῳ
1859 596 1880 630 5

232 656 552 714 κωλύεσθαι
583 658 941 731 παραμένειν,
973 656 1002 714 ὁ
1036 660 1098 713 δὲ
1129 655 1221 713 διὰ
1251 656 1310 713 τὸ
1341 659 1529 730 μένειν
1559 655 1730 715 αὐτὸν
1761 664 1839 724 εἰς

231 741 328 799 τὸν
375 745 552 798 αἰῶνα
594 739 954 812 ἀπαράβατον
1006 764 1114 813 εχει
1162 740 1266 813 τὴν
1307 739 1634 813 ἱερωσύνην.
1701 740 1840 798 ὅθεν

232 828 324 882 καὶ
355 825 549 894 σῶζειν
582 831 659 891 εἰς
689 825 749 882 τὸ
792 825 1055 892 παντελες
1098 823 1330 882 δυ’ναται
1369 823 1496 892 τοῦς
1538 843 1842 931 προσερχο-

230 911 431 982 μένους
457 907 522 966 δι’
552 908 723 967 αὐτοῦ
745 914 820 985 τῷ
844 914 980 986 θεῶ,
1005 906 1242 966 πάντοτε
1266 912 1371 979 ζῶν
1396 916 1472 975 εἰς
1493 906 1554 966 τὸ
1581 907 1841 982 ἐντυγχά-

231 1018 354 1051 νειν
382 992 525 1067 ὑπερ
557 993 758 1051 αὐτῶν.
761 991 790 1011 '²
843 998 927 1050 41.
978 991 1069 1050 διὰ
1097 992 1312 1051 τούτων
1335 995 1673 1065 συνέστηκεν
1700 986 1840 1052 οὖσά
1862 1018 1903 1052 10

230 1102 312 1144 τις
344 1082 405 1136 ἐν
434 1092 547 1145 τοῖς
577 1070 702 1135 οῦσι
733 1080 826 1134 καὶ
855 1076 1152 1150 ὑφεστῶσα
1185 1080 1246 1134 ἐν
1277 1091 1491 1150 νοητοῖς
1514 1085 1646 1134 θεία
1672 1077 1840 1135 δῦνἀ-

122 1187 211 1228 (178)
231 1187 339 1235 μις,
371 1159 405 1234 ἡ
436 1166 511 1238 τῷ
540 1166 658 1238 θεῷ
688 1168 801 1219 τῶν
829 1159 977 1218 ὅλων
1016 1163 1287 1234 ἱερωμένη
1318 1161 1455 1219 κατά
1478 1161 1544 1218 τά
1566 1160 1841 1236 Ἐβραίων

233 1244 419 1318 λόγια,
460 1244 528 1302 οὐ
570 1244 768 1318 γεώδει
810 1248 901 1302 καὶ
932 1244 1276 1321 ἀνθρωπίνῳ
1307 1245 1494 1320 μύρῳ,
1537 1255 1845 1317 θεοπρεπεῖ

234 1332 300 1386 δέ
334 1354 444 1387 τινι
483 1331 574 1386 καὶ
618 1331 796 1406 ἐνθέῳ
836 1327 1005 1402 ἀρετῇ
1052 1351 1111 1386 τε
1152 1331 1244 1386 καὶ
1295 1329 1530 1402 δυνάμει
1584 1332 1842 1403 ἱερᾶσθαι

233 1416 626 1496 καθεσταμένη
660 1417 736 1490 τῷ
779 1416 868 1470 ἐπὶ
908 1412 1134 1470 πάντων
1173 1416 1308 1489 θεῷ.
1369 1418 1453 1469 42.
1510 1409 1539 1470 ὃ
1579 1417 1718 1486 γοῦν
1749 1414 1842 1472 διὰ
1863 1438 1905 1471 15

231 1501 332 1554 τοῦ
377 1502 612 1571 Ψαλμοῦ
653 1497 1136 1570 προφητευόμενος
1180 1500 1423 1571 παρέστη
1465 1496 1726 1573 ἄντικρυς
1769 1504 1840 1556 ἱε-

232 1580 362 1655 ρεύς
399 1606 480 1647 τις
521 1577 600 1639 ω”ν
631 1580 854 1647 αι’ῶνιος
895 1584 987 1639 καὶ
1025 1579 1145 1648 υἱὸς
1174 1580 1416 1650 ὑψίστου
1446 1586 1616 1654 θεοῦ,
1659 1581 1732 1649 ὡς
1772 1580 1842 1640 ἂν

231 1661 328 1722 ὑπ’
366 1664 538 1723 αὐτοῦ
568 1669 667 1723 τοῦ
695 1662 936 1733 ὑψίστου
966 1667 1109 1724 θεοῦ
1139 1669 1533 1739 γεγενημένος,
1575 1669 1667 1723 καὶ
1711 1665 1840 1724 σῦν-

231 1760 438 1822 θρονος
468 1754 562 1823 τῆς
593 1757 877 1820 βασιλείας
909 1748 1098 1808 αὐτοῦ.
1159 1754 1243 1807 43.
1293 1752 1567 1807 δέδεικται
1599 1750 1660 1806 δὲ
1690 1752 1783 1807 καὶ
1811 1749 1840 1807 ὅ

235 1832 326 1890 διά
355 1839 453 1891 τοῦ
475 1833 705 1891 “Ησαΐου
728 1833 961 1906 Χριστὸς
985 1831 1086 1907 οὐχ
1109 1829 1208 1890 ὑπ’
1236 1830 1557 1906 ἀνθρώπων
1579 1833 1838 1906 γεγονὼς,
1862 1860 1905 1893 20

188 1945 208 1977 b
232 1914 352 1974 ἀλλ’
388 1914 486 1974 ὑπ’
524 1917 699 1975 αὐτοῦ
728 1921 829 1976 τοῦ
858 1917 1061 1992 πατρὸς
1085 1919 1177 1976 καὶ
1209 1916 1300 1974 διὰ
1323 1922 1421 1974 τοῦ
1447 1921 1649 1975 ἐνθέου
1673 1917 1840 1975 πνεῦ-

233 2025 399 2073 ματος
439 2003 821 2074 κεχρισμένος,
867 2002 1146 2075 λυτρωτής
1187 2024 1246 2057 τε
1284 2000 1695 2074 ἀπεσταλμένος
1743 2008 1841 2074 τῆς

232 2088 345 2141 τῶν
389 2083 710 2158 ἀνθρώπων
764 2091 1152 2159 αἰχμαλωσίας.
1223 2089 1307 2143 44.
1366 2089 1563 2143 τοῦτον
1618 2084 1686 2157 δὴ
1738 2078 1841 2142 οῦν

234 2166 506 2240 πνεύματι
537 2175 676 2244 θείῳ
699 2173 1031 2241 τεθεαμένος
1057 2170 1085 2227 ὁ
1110 2173 1322 2240 Μωσῆς
1347 2168 1562 2236 εἰκόνας
1585 2170 1676 2225 καὶ
1703 2167 1840 2242 σύμ-

235 2257 373 2322 βολα
416 2247 488 2316 ῶς
536 2254 594 2308 ἐν
639 2250 961 2326 ἀνθρώποις
1011 2251 1183 2310 αὐτοῦ
1232 2260 1503 2324 καθίστη,
1553 2259 1839 2328 σκευαστῷ
1861 2278 1904 2310 25

234 2334 391 2411 μύρῳ
421 2338 556 2401 τέως
586 2332 708 2393 ἀντὶ
739 2338 839 2392 τοῦ
867 2341 1031 2393 θείου
1061 2333 1372 2408 πνεύματος
1402 2335 1498 2392 τὸν
1527 2339 1588 2392 ἐν
1618 2332 1838 2409 ἀνθρώ-

234 2442 356 2485 ποις
377 2422 729 2528 προηγμένον
755 2423 903 2493 ἱερέα
926 2427 1097 2492 χρίων
1117 2444 1176 2477 τε
1193 2421 1284 2475 καὶ
1308 2416 1574 2491 ἀλείφων,
1600 2419 1840 2493 Χριστόν

234 2527 293 2560 τε
324 2501 493 2560 αὐτὸν
523 2505 615 2560 καὶ
646 2503 977 2576 ἠλειμμένον
1009 2510 1090 2570 εἰς
1121 2501 1413 2602 ἀναφοράν
1454 2509 1552 2560 τοῦ
1591 2501 1840 2575 ἀληθοῦς

234 2583 545 2645 ἀποκαλῶν.
615 2591 699 2644 45.
746 2586 828 2644 ὅτι
860 2589 922 2644 δε
959 2593 1130 2646 ταῦτα
1159 2584 1331 2654 οὕτως
1371 2593 1497 2660 ε’·χει
1522 2593 1606 2653 τίς
1645 2584 1715 2645 ἂν
1753 2590 1839 2660 γε’·

234 2695 383 2727 νοιτο
425 2670 632 2745 μάρτυς
665 2669 835 2729 αὐτοῦ
875 2674 1126 2738 Μωσέως
1167 2674 1375 2745 μᾶλλον
1413 2668 1735 2746 ἀξιόχρεως;
1779 2675 1839 2729 ἐν
1862 2695 1903 2726 30

350 2865 371 2902 1
404 2864 522 2935 Hep.
548 2866 586 2916 7,
609 2866 675 2906 ρο.
