1946 3158
221 129 292 181 94
900 129 1148 170 EUSEBII

772 263 840 315 λδ
852 257 879 316 '.
953 261 1066 316 Τοῦ
1095 258 1283 317 αὐτοῦ.

222 364 434 423 Δήλωσις
446 369 539 434 τῆς
561 369 644 410 τοῦ
661 367 867 419 Χριστοῦ
891 364 958 415 εἰς
980 361 1267 420 α’νθρώπους
1288 370 1557 433 παρουσίας
1593 366 1683 410 καὶ
1708 365 1835 421 ἔλεγ-

224 441 304 481 χος
334 426 418 468 τοῦ
446 419 693 467 ΜΙουδαιων
729 422 925 492 ἔθνους,
958 422 1041 466 καὶ
1067 428 1170 522 ἷοῖς
1204 421 1398 468 ἔθνεσιν
1428 418 1609 468 α’πασιν
1631 418 1834 478 ἀγαθῶν

886 475 1062 536 ἐπαγγε
1095 495 1146 522 ια

349 588 432 640 22
459 582 664 640 “Οὕτω
696 585 842 656 λέγει
874 581 1093 658 κύριος,
1136 597 1300 641 ποῖον
1328 581 1387 640 τὸ
1422 590 1644 685 βιβλίον
1673 587 1831 642 τοῦτο
1855 606 1877 639 5

181 703 196 724 c
221 671 323 726 τοῦ
351 666 694 725 ἀποστασίου
724 673 820 740 τῆς
850 667 1051 741 μητρὸς
1091 663 1277 741 ὑμῶν,
1321 670 1381 725 ἐν
1413 669 1454 743 93
1489 671 1836 736 ἐξαπέστειλα

222 750 425 825 αὐτήν;
478 748 512 824 ἢ
551 759 662 809 τίνι
714 748 968 828 υπόχρεςο
1019 753 1274 825 πέπρακα
1326 751 1499 825 ὑμᾶς;
1555 751 1680 810 ι’δου
1718 767 1836 819 ταῖς

220 834 510 910 ἁμαρτίαις
549 836 708 910 ὑμῶν
751 837 1056 909 ἐπραθητε,
1106 839 1197 894 καὶ
1237 851 1356 904 ταῖς
1397 834 1649 910 ἆνομίαις
1678 836 1838 911 ὑμῶν

221 924 570 990 εξαπέστειλα
599 946 701 995 την
729 946 936 996 μητερα
966 918 1150 994 ὖμων·
1215 920 1356 978 διότι
1380 913 1580 994 ἦλθον,
1612 924 1703 979 καὶ
1734 921 1836 980 οὐκ

222 1009 292 1079 ἠν
323 1005 646 1078 ανθρωπος
709 1005 973 1064 ἐκαλεσα.
1014 1009 1106 1063 καὶ
1137 1004 1241 1063 οὐκ
1279 998 1351 1077 ἦν
1392 1003 1420 1062 ὁ
1452 1005 1832 1080 ὑπακουσόμε-
1857 1029 1899 1061 10

220 1116 333 1164 νος,
443 1093 535 1148 καὶ
566 1116 632 1149 τα
666 1093 805 1163 ἑξῆς.
889 1096 972 1151 25
980 1088 1060 1156 οἷς
1093 1089 1369 1162 ἐπιλέγει
1372 1088 1453 1147 ‘on‘
1472 1091 1835 1164 πορευόμενοι

220 1180 280 1234 ἐν
310 1174 518 1247 σκότει,
551 1178 643 1233 καὶ
672 1173 777 1233 οὐκ
807 1182 959 1234 ἔστιν
980 1173 1167 1243 αὐτοῖς
1189 1179 1331 1248 φῶς·
1391 1183 1698 1234 πεποίθατε
1730 1178 1820 1234 ἐπὶ

218 1263 292 1337 τῷ
323 1257 548 1332 ὀνόματι
579 1267 806 1334 κυρίου,
849 1263 941 1318 καὶ
980 1259 1447 1335 ἀντιστηρίσασθε
1479 1262 1566 1316 ἐπὶ
1597 1263 1674 1338 τῷ
1701 1265 1818 1337 θεῷ

215 1341 387 1419 ὑμῶν.
434 1343 558 1402 ι’δου
587 1344 787 1412 πάντες
816 1360 974 1420 υμεις
1004 1349 1115 1419 πῦρ
1146 1352 1329 1403 καίετε
1349 1347 1442 1402 καὶ
1462 1344 1827 1419 κατισχύσατε

217 1429 411 1503 φλόγα.
486 1429 798 1505 πορεύεσθε
837 1435 911 1508 τῷ
943 1432 1086 1503 φωτὶ
1115 1434 1214 1488 τοῦ
1238 1429 1412 1504 πυρὸς
1439 1425 1617 1503 ὑμῶν,
1649 1436 1743 1488 καὶ
1765 1433 1834 1505 τῇ
1856 1450 1895 1483 15

218 1516 384 1588 φλογὶ
415 1507 452 1588 ᾑ
483 1513 828 1583 ἐξεκαύσατε
894 1514 970 1572 δι’
1009 1515 1101 1588 ἐμε
1132 1518 1346 1588 ἐγένετο
1371 1538 1543 1572 ταυτα
1572 1512 1741 1588 ὑμῖν,
1775 1517 1836 1572 ἐν

216 1598 364 1674 λύπῃ
399 1597 870 1673 κοιμηθήσεσθεΫ
928 1603 1019 1657 και
1042 1625 1109 1656 τα
1142 1602 1277 1672 ἑξῆς.
1350 1603 1435 1656 24.
1472 1596 1555 1665 οἷς
1596 1601 1833 1671 ἐπιλέγει

171 1681 524 1749 (ι“ἆκου’,σατέ
571 1709 705 1758 μου,
767 1683 1042 1742 ἀκούσατέ
1089 1700 1222 1757 μου·
1278 1682 1408 1750 λαός
1449 1707 1584 1756 μου,
1637 1686 1729 1740 καὶ
1781 1688 1837 1740 015

218 1776 465 1842 βασιλεῖς
495 1767 631 1841 πρός
661 1792 728 1842 με
768 1773 1140 1840 ἐνωτίσασθε,
1196 1765 1279 1825 ὅτι
1317 1766 1484 1841 νόμος
1523 1766 1652 1842 παρ’
1700 1771 1834 1841 ἐμοῦ

219 1852 587 1922 ἐξελεύσεται,
622 1857 713 1910 καὶ
743 1852 777 1926 ἡ
810 1860 986 1926 κρίσις
1017 1877 1123 1925 μου
1157 1858 1234 1919 εἰς
1265 1856 1384 1924 φῶς
1417 1856 1618 1910 ἐθνῶν.
1676 1856 1824 1926 ἐγγί-
1850 1875 1892 1908 20

220 1947 294 2006 ζει
325 1937 461 2010 ταχὺ
492 1933 526 2009 ἡ
560 1936 884 2009 δικαιοσύνη
915 1961 1049 2010 μου,
1091 1939 1183 1993 καὶ
1227 1936 1565 2004 ἐξελεύσεται
1608 1935 1680 2004 ὡς
1711 1941 1830 2010 φῶς

218 2021 278 2078 τὸ
323 2019 598 2096 σωτήριόν
635 2046 776 2095 μου,
819 2023 910 2078 καὶ
953 2024 1042 2079 ἐπὶ
1083 2021 1180 2078 τὸν
1224 2019 1494 2096 βραχίονοὲ
1543 2046 1650 2095 μου
1690 2027 1829 2094 ἔθνη

223 2103 574 2165 ἐλπιοῦσιν,”

730 2287 816 2345 λε’
869 2286 959 2346 Ἐκ
989 2292 1093 2345 τοῦ
1124 2285 1309 2346 αὐτοῦ.

208 2391 429 2453 ’Έλεγχος
452 2397 543 2440 τῶν
565 2391 874 2463 ασεβημμτων
897 2396 979 2438 τοῦ
1008 2395 1099 2438 τῶν
1123 2391 1372 2440 ΜΙουδαιων
1405 2393 1580 2444 ἔθνους
1609 2394 1690 2438 καὶ
1713 2390 1828 2438 από-
1851 2409 1894 2441 25

218 2468 392 2504 πτωσις
415 2449 573 2497 αὐτῶν
595 2454 678 2508 τῆς
702 2447 969 2552 εὐσεβῗῖίὲκίξ,
990 2453 1077 2551 {spi
1099 2449 1267 2559 δσὲιέῶν
1290 2447 1448 2495 ἐθνῶν
1470 2448 1697 2495 ἁπάντων
1718 2448 1830 2506 κλή-

946 2525 967 2559 S
1022 2525 1049 2564 η
1082 2525 1116 2551 (0

349 2618 416 2670 95
457 2610 486 2631 ‘C
1805 2608 1829 2629 Ἃ

496 2613 595 2686 Μὴ
635 2610 757 2686 οὐχὶ
801 2611 977 2686 ἰσχύει
1011 2610 1045 2685 ἡ
1082 2614 1200 2686 χεὶρ
1227 2618 1426 2684 κυρίου
1449 2614 1548 2668 τοῦ
1572 2616 1764 2684 σῶσαι,
1797 2636 1831 2684 η

223 2697 497 2772 ἐβαρυνεν
547 2697 606 2756 τὸ
658 2723 753 2766 ους
798 2695 967 2755 αὐτοῦ
1007 2699 1107 2754 τοῦ
1145 2695 1218 2770 μὴ
1271 2695 1530 2766 ἀκουσαι;
1585 2693 1723 2753 αλλα
1764 2721 1830 2753 τα

338 2892 363 2932 5
386 2891 461 2932 Es.
486 2893 552 2944 50,
579 2894 616 2932 1.
708 2893 759 2932 11
782 2893 857 2932 Es.
882 2894 950 2942 50,
976 2893 1041 2934 10.
1133 2893 1184 2932 18
1215 2892 1291 2932 Es.
1315 2893 1383 2943 517
1408 2893 1448 2931 4.
1539 2892 1591 2932 28
1613 2891 1689 2931 Es.
1711 2891 1763 2931 59
1787 2891 1824 2929 1.
