1992 3186
227 94 331 147 536
903 95 1152 137 EUSEBII

228 210 332 283 τὴν
352 217 465 269 τῶν
486 213 795 286 εἰρημένων
828 208 1158 284 ἑβδομάδων
1187 211 1587 314 συμπλήρωσιν
1610 211 1834 280 “ε’ξολο-

227 294 607 370 θρευθήσεται
637 292 888 369 χριστός”
925 301 1079 367 φησί.
1139 302 1221 363 τίς
1253 297 1314 354 δε
1343 298 1500 364 οὗτος
1540 293 1573 369 ἢ
1604 292 1632 353 ὁ
1662 295 1835 370 ἡγού-

228 404 391 453 μενος
431 381 518 435 καὶ
552 375 580 435 ὁ
621 377 759 436 κατά
791 377 1059 452 διαδοχὴν
1105 383 1159 448 ἐξ
1202 385 1478 452 ἱερατικοῦ
1508 385 1705 453 γένους
1735 385 1834 438 τοῦ

231 472 434 565 ἔθνους
465 461 772 536 προεστώςς
806 466 1022 536 διέμενε
1052 469 1191 536 γοῦν
1221 456 1379 532 οὗτος
1411 471 1488 531 εἰς
1517 462 1649 523 ὅσον
1679 463 1834 522 οὔπω

227 548 293 604 τὰ
323 551 434 604 τῶν
467 548 797 621 ἑβδομάδων
821 552 1149 623 ἐπληροῦτο·
1198 549 1387 621 ἐπειδὴ
1414 549 1473 606 δε
1494 551 1646 615 τέλος
1679 548 1879 622 ἐλάμ-5

227 639 263 704 Γ
267 656 403 690 ανον
433 624 622 705 αῦται,
655 629 979 699 ἀκολούθως
1010 638 1075 706 τῇ
1119 639 1427 709 προφητείᾳ
1459 631 1738 706 ‘egendum‘
1715 658 1744 691 ο
1779 637 1837 690 ἐκ

229 719 488 790 διαδοχῆς
517 720 714 790 γένους
743 723 843 775 τοῦ
876 722 1078 784 ἔθνους
1108 716 1401 790 προεστώς.
1478 718 1638 784 οὗτος
1679 718 1740 774 δε
1768 742 1839 789 ην

182 835 199 856 c
220 800 509 876 Υρκανός,
551 826 616 858 ον
657 798 821 869 αὐτὸς
854 797 1101 875 Ηρώδης
1149 799 1364 860 ἀνελων
1411 801 1514 875 τὴν
1565 800 1702 859 κατά
1741 805 1836 859 τοῦ

230 892 433 952 ἔθνους
473 892 764 957 βασιλείαν
812 887 988 959 μηδὲν
1030 884 1178 944 αῦτω
1231 888 1610 960 διαφέρουσαν
1655 910 1840 959 υφαρ-

229 969 411 1042 πάζει,
444 970 658 1043 πρῶτός
696 994 757 1027 τε
800 969 965 1036 αὐτὸς
1005 969 1317 1044 ἀλλόφυλος
1361 970 1592 1043 ἡγεῖται.
1654 976 1737 1027 92.
1771 968 1836 1027 οὐ
1862 999 1902 1030 10

227 1053 393 1127 μόνος
428 1056 489 1111 δὲ
529 1054 636 1128 ἄρα
675 1054 703 1112 ὁ
729 1052 987 1129 Ὑρκανὸς
1029 1054 1244 1130 χριστὸς
1285 1053 1363 1113 ὢν
1394 1058 1486 1112 καὶ
1526 1059 1639 1113 τῶν
1669 1053 1839 1112 πάλαι

227 1138 529 1213 ἀρχιερέων
557 1138 789 1207 ὕστατος
822 1138 1068 1213 ἐξεκόπη,
1100 1139 1237 1197 ἀλλὰ
1269 1142 1361 1197 καὶ
1391 1136 1425 1211 ἡ
1459 1143 1518 1196 ἐκ
1547 1138 1839 1212 προγόνων

229 1221 457 1280 ἄνωθεν
500 1227 558 1280 ἐκ
598 1229 710 1280 τῶν
755 1223 1034 1298 πρόπαλαι
1074 1223 1376 1298 ἀρχιερέων
1417 1229 1682 1281 κατιοῦσα
1724 1229 1839 1280 δια-

231 1307 395 1381 δοχή,
439 1307 576 1365 αὐτό
616 1332 675 1366 τε
714 1307 774 1366 τὸ
814 1302 949 1365 κατά
991 1307 1196 1382 νόμους
1237 1323 1439 1382 χρῖσμα
1481 1307 1665 1366 οὐκέτι
1705 1305 1840 1364 κατά

227 1399 414 1466 κρίσιν
442 1391 766 1465 γινόμενον,
797 1391 1041 1460 ἀτάκτως
1076 1395 1137 1450 δὲ
1167 1396 1258 1450 καὶ
1289 1396 1740 1467 συγκεχυμένως,
1773 1388 1839 1449 οῦ
1864 1418 1905 1450 15

228 1475 364 1533 κατὰ
394 1474 461 1533 τά
493 1476 642 1550 παρὰ
673 1486 877 1535 Μωσεῑ
896 1481 1405 1552 νενομοθετημένα·
1453 1480 1747 1550 συνέτρεχε
1781 1476 1842 1532 δὲ

182 1585 205 1616 d
227 1557 367 1634 ὁμοῦ
398 1559 576 1619 πάντα
608 1559 932 1629 ἀκολούθως
962 1567 1028 1635 τῇ
1055 1570 1363 1637 προφητείᾳ
1385 1561 1610 1636 φησάσῃ
1627 1558 1840 1629 “ε’ξολο-

228 1644 610 1719 θρευθήσεται
640 1661 872 1720 χρῖσμα,
905 1649 996 1704 καὶ
1028 1654 1197 1721 κρίμα
1227 1646 1329 1704 οὐκ
1362 1653 1510 1703 ἔστιν
1545 1650 1603 1703 ἐν
1635 1641 1839 1721 αὐτῷ.”

230 1735 313 1786 93.
357 1729 566 1805 μάρτυς
605 1729 898 1805 ἀξιόχρεως
939 1731 1154 1790 τούτων
1192 1728 1220 1788 ὁ
1264 1734 1317 1799 ἐξ,
1359 1729 1546 1788 αὐτῶν
1570 1727 1840 1802 Ἑβραίων

221 1812 510 1887 Ἰώσηπος,
545 1807 659 1872 οἶδε’
683 1838 798 1882 πως
831 1820 1067 1889 ἱστορῶν
1097 1816 1162 1873 τὰ
1193 1813 1329 1872 κατά
1358 1815 1486 1880 τοὺς
1517 1813 1748 1886 χρόνους
1781 1816 1841 1869 ἐν
1863 1838 1905 1870 20

229 1897 682 1956 ὀκτωκαιδεκάτω
722 1906 816 1971 τῆς
841 1899 1148 1971 Ἰουδαικῆς
1172 1896 1618 1972 Ἀρχαιολογίας
1624 1894 1746 1970 τήν
1780 1898 1840 1953 δε

230 1989 521 2053 βασιλείαν
553 1982 804 2055 Ηρωδης
838 1983 987 2055 παρὰ
1010 1979 1289 2055 Ρωμαίων
1323 1985 1684 2056 ἐγχειρισθεὶς
1715 1979 1840 2038 οὐκ·

232 2070 310 2122 ε’τι
339 2066 468 2132 τοὺς
509 2070 567 2122 ἐκ
597 2073 695 2123 τοῦ
720 2063 1104 2139 Ἀσαμωναίου
1143 2069 1366 2139 γένους,
1407 2067 1560 2122 οὑτοι
1606 2067 1666 2122 δε
1697 2057 1841 2138 ἦσαν

229 2154 288 2206 οί
335 2147 666 2223 καλούμενοι
716 2157 1105 2222 Μακκαβαῖοι,
1166 2157 1499 2222 καθίστησιν
1550 2147 1841 2223 ἀρχιερεις,

230 2230 369 2290 ἀλλά
413 2258 566 2301 τινας
611 2231 856 2307 ἀσήμους
901 2237 993 2291 καὶ
1039 2234 1208 2308 μόνον
1256 2238 1309 2301 ἐξ
1344 2230 1616 2306 Ἑβραίων
1658 2231 1906 2304 ὅντας,25

230 2318 379 2389 πλὴν
402 2317 524 2384 ἑνὸς
539 2318 984 2391 Ἀριστοβούλου,
1006 2315 1071 2376 ὃν
1086 2315 1355 2391 Ὑρκανοῦ
1377 2317 1503 2375 υἱὸν
1522 2316 1654 2375 ὄντα
1678 2342 1839 2374 κατα-

233 2401 436 2474 στήσας
475 2402 731 2478 ἀρχιερέα
773 2407 841 2477 τῂ
871 2403 1088 2477 ἀδελφῇ
1119 2402 1291 2460 αὐτοῦ
1333 2401 1623 2479 συνῴκησε
1653 2411 1842 2474 ,Μαρι-

233 2485 414 2562 άμμῃ,
455 2486 557 2559 τὴν
597 2491 696 2545 τοῦ
726 2487 979 2559 πλήθους
1011 2486 1145 2560 πρὸς
1191 2485 1359 2543 αὐτὸν
1389 2486 1715 2561 θηρώμενος
1747 2483 1842 2543 31³5-

122 2595 211 2635 (393)
235 2595 395 2628 νοιαν
430 2572 519 2627 διὰ
550 2570 651 2644 τὴν
673 2571 943 2644 Ὑρκανοῦ
974 2572 1211 2645 μνήμην.
1274 2577 1355 2627 94.
1392 2572 1507 2628 εἶτα
1541 2568 1736 2635 δεδιώς
1766 2569 1840 2642 μὴ

232 2654 368 2727 πρὸς
409 2654 504 2712 τὸν
531 2652 958 2727 Ἀριστόβουλον
983 2655 1182 2721 πάντες
1215 2653 1588 2713 ἀποκλίνωσιν
1618 2651 1839 2712 ἀνεῖλεν
1862 2674 1906 2707 3ο

346 2848 397 2885 21
431 2841 838 2903 ὀκτωκαιδεκάτῳ]
873 2851 1013 2890 Immo
1039 2851 1133 2893 XX.
1158 2852 1222 2900 10,
1248 2851 1284 2892 5.
