1992 3186
252 131 357 184 330
932 131 1180 174 EUSEBII

251 249 399 305 πᾶσα
438 244 699 320 ἄγγελικὴ
739 245 941 320 φύσις,
982 253 1157 319 μείων
1198 247 1260 304 δὲ
1289 242 1322 320 ἢ
1355 245 1490 305 κατὰ
1533 244 1592 305 τὸ
1635 251 1856 323 πρῶτον

252 340 443 389 αἴτιον.

204 438 226 470 d
376 416 489 473 XII.
525 411 705 472 “Effice
746 415 808 471 δὲ
846 410 875 471 ὁ
914 412 1045 480 θεὸς
1069 412 1291 488 Ἰακώβ,
1339 412 1577 483 ἀναστὰς
1608 413 1856 490 ἀνάβηθι

252 505 329 564 εἰς
367 499 463 557 τὸν
502 497 672 555 τόπον
702 496 948 571 Βαιθὴλ,
990 500 1082 555 καὶ
1123 508 1264 556 οἴκει
1306 503 1448 572 ἐκεῖ,
1490 503 1583 558 καὶ
1621 506 1856 573 ποίησον

247 582 649 657 θυσιαστήριον
677 587 754 659 τῷ
784 585 931 660 θεῷ,
972 587 1048 660 τῷ
1078 579 1313 656 ὀφθέντι
1343 586 1432 642 σοὶ
1465 586 1524 642 ἐν
1553 588 1631 662 τῷ
1659 583 1857 642 ἀποὸι-
1879 609 1899 642 5

250 665 515 738 δράσκειν
554 686 617 724 σε
648 664 756 724 ἀπὸ
788 665 1089 740 προσώπου
1115 666 1287 725 Ἠσαῦ
1327 673 1423 726 τοῦ
1453 665 1707 742 ἀδελφοῦ
1736 688 1854 727 σου.

249 750 369 809 εἷπε
395 753 455 808 δὲ
482 749 675 823 Ἰακώβ
705 756 781 828 τῷ
806 761 941 827 οἴκῳ
973 750 1146 809 αὑτοῦ
1178 754 1270 809 καὶ
1293 756 1427 809 πᾶσι
1450 766 1563 820 τοῖς
1594 751 1721 826 μεθ’
1760 754 1857 810 αὑ-

247 839 367 908 τοῦ,
392 834 560 909 ἄρατε
582 834 711 902 τοῦς
734 834 904 902 θεοὺς
924 834 1052 903 τοῦς
1075 832 1398 911 ἀλλοτρίους
1416 840 1474 894 ἐκ
1489 839 1662 910 μέσου
1678 835 1856 910 ὑμῶν,

248 922 340 976 καὶ
371 926 783 994 καθαρίσασθε,
816 922 907 977 καὶ
931 919 1198 989 ἀλλάξατε
1220 919 1315 988 τὰς
1338 920 1533 989 στολὰς
1555 917 1734 995 ὑμῶν,
1765 923 1857 978 καὶ

134 1025 223 1066 (239)
248 1001 583 1071 ἀναστάντες
634 1002 931 1078 ἁναβῶμεν
985 1011 1062 1071 εἰς
1105 1005 1352 1078 Βαιθὴλ,
1406 1009 1495 1063 καὶ
1542 1004 1858 1079 ποιήσωμεν
1882 1028 1921 1061 10

250 1090 366 1146 ἐκεῖ
391 1088 795 1161 θυσιαστήριον
824 1091 903 1190 τῷ
930 1096 1106 1164 κυρίῳ
1136 1093 1212 1165 τῷ
1252 1089 1632 1147 ἐπακούσαντί
1655 1113 1763 1163 μου
1797 1093 1858 1147 ἐν

263 1173 424 1247 “με’ρα
454 1179 729 1245 θλίψεως,
761 1170 822 1238 ὃς
851 1165 924 1245 ἦν
954 1172 1072 1246 μετ’
1111 1176 1247 1246 ἐμοῦ
1276 1175 1368 1231 καὶ
1394 1176 1573 1232 ἔσωσέ
1599 1198 1667 1247 με
1699 1177 1759 1231 ἐν
1789 1177 1856 1248 τῇ

248 1252 362 1333 ὁδῷ
392 1249 429 1331 ᾗ
461 1253 831 1330 ἐπορεύθην.”

375 1345 423 1397 2.
460 1339 736 1398 Ἐνταῦθα
775 1339 803 1398 ὃ
844 1340 976 1407 θεὸς
1014 1338 1177 1407 αὐτὸς
1207 1340 1235 1398 ὁ
1265 1344 1378 1399 τῶν
1418 1339 1590 1414 ὅλων,
1631 1341 1661 1398 ὁ
1691 1339 1858 1415 μόνος

247 1423 546 1497 ἀγέννητος
588 1426 680 1481 καὶ
719 1423 982 1482 ἀνωτάτω
1025 1424 1277 1497 πάντων,
1319 1422 1421 1483 οῦκ
1449 1422 1676 1499 ὀφθεὶς,
1718 1424 1858 1482 ἀλλὰ
1880 1449 1920 1482 15

248 1506 352 1581 γὰρ
394 1507 639 1580 ἀοράτως
679 1515 1016 1582 χρηματίσας
1045 1512 1123 1586 τῷ
1147 1506 1370 1583 Ἰακώβ,
1405 1508 1638 1583 δυνάμει
1668 1532 1728 1566 τε
1756 1506 1858 1582 ἆρ-

248 1591 395 1669 ρήτῳ
427 1590 598 1651 αὐτὸν
627 1591 992 1666 ἀνακινήσας,
1024 1596 1151 1666 περὶ
1182 1595 1371 1668 ἑτέρου
1402 1613 1592 1667 σαφως
1623 1608 1857 1652 ποιεῖται

247 1676 346 1735 τὸν
375 1675 555 1750 λόγον.
619 1677 742 1735 εἷπε
772 1681 909 1750 γοῦν
939 1676 967 1734 ὁ
998 1677 1131 1744 θεὸς
1171 1676 1323 1754 αὐτῷ
1346 1677 1619 1750 “ποίησον
1657 1688 1856 1736 θυσια-

249 1760 475 1835 στήριον
505 1785 580 1818 τω
610 1765 730 1819 θεώ
758 1768 835 1838 τῷ
865 1760 1102 1834 ὀφθέντι
1132 1761 1258 1819 σοί.’
1349 1768 1432 1828 τίς
1464 1761 1515 1818 δ’
1550 1753 1621 1833 ἦν
1660 1757 1689 1818 6
1720 1783 1852 1834 προ-

248 1847 497 1946 γραφεὶς
515 1838 707 1919 ὦφθαι
731 1844 878 1921 αὐτῷ
903 1844 1104 1918 αρτίως
1127 1844 1567 1921 παρεστήσαμεν,
1599 1843 1695 1902 τὸν
1717 1843 1856 1902 θεὸν
1878 1868 1918 1901 20

249 1927 414 2002 λόγον
445 1930 588 1987 εἶναι
618 1928 1020 1996 ἀποδείξαντες.

789 2119 918 2180 Ἀπὸ
948 2125 1043 2194 τῆς
1070 2120 1306 2190 Ἐξόδου.

242 2224 324 2280 ,Ως
346 2224 369 2272 ὁ
390 2226 466 2273 ἐπὶ
487 2225 679 2272 πάντων
701 2225 834 2278 θεὸς,
860 2223 1006 2279 αὐτὸς
1028 2222 1091 2272 ὦν
1112 2226 1136 2273 ὁ
1160 2226 1229 2272 δι’
1252 2225 1461 2300 ἀγγέλου
1478 2232 1540 2289 τῷ
1559 2232 1732 2273 Μωσεῖ
1748 2245 1856 2285 χρη-

249 2287 468 2340 ματίζων,
490 2276 662 2340 ωφθαι
679 2290 778 2335 τοῖς
798 2281 1049 2354 πατράσιν,
1071 2281 1232 2329 οὐκέτι
1251 2284 1322 2329 δι’
1343 2275 1563 2342 αγγέλου,
1588 2282 1670 2330 διὰ
1694 2283 1746 2330 δε
1768 2288 1853 2329 τοῦ

859 2337 967 2384 vso&
991 2337 1225 2385 ὃιὸασκει.
1875 2354 1916 2386 25

208 2460 226 2481 c
376 2442 500 2492 XIII.
527 2426 674 2487 “Kal
706 2435 919 2502 *Μωσῆς
947 2421 1019 2502 ἦν
1048 2429 1446 2503 ποιμαίνωντὰ
1468 2428 1718 2503 πρόβατα
1743 2426 1857 2487 'Ico-

249 2513 372 2588 θώρ
403 2518 502 2572 τοῦ
531 2517 784 2588 γαμβροῦ
814 2510 1016 2587 αὐτοῦ,
1058 2516 1148 2570 καὶ
1189 2505 1366 2585 ἦλθεν
1398 2519 1475 2581 εἰς
1514 2512 1574 2570 τὸ
1603 2512 1729 2587 ὅρος
1758 2518 1856 2571 τοῦ

249 2602 392 2656 θεοῦ
423 2602 483 2656 ἐν
513 2597 732 2673 Χωρήβ.
805 2596 973 2671 ὤφθη
1016 2598 1078 2655 δὲ
1119 2595 1269 2673 αὐτῷ
1305 2595 1533 2670 ἅγγελος
1563 2603 1762 2672 κυρίου
1795 2601 1855 2655 ἐν

250 2685 385 2755 πυρὶ
416 2681 619 2755 φλογὸς
663 2678 892 2755 βάτου.”
965 2683 1057 2740 καὶ
1096 2678 1231 2754 μεθ’
1276 2681 1568 2756 ἕτερα“ὡς
1611 2682 1673 2739 δὲ
1705 2681 1855 2739 εἶδεν

364 2876 388 2915 3
424 2875 534 2915 Gen.
558 2875 626 2926 35,
652 2877 688 2914 1.
864 2876 917 2914 26
949 2875 1031 2923 Ex,
1056 2876 1095 2923 3,
1123 2875 1159 2916 1.
