1946 3158
594 138 901 180 DEMONST.
933 139 1152 181 EVANG.
1183 139 1267 180 111.
1301 143 1338 181 5.
1666 137 1762 188 181

158 254 321 322 αὐτὸς
355 256 415 312 δὲ
448 264 745 321 ,Ματθαῑος
777 254 873 312 τὸν
905 257 1106 312 ἑαυτοῦ
1135 253 1471 328 στηλιτεύων
1495 261 1640 327 βίον,
1675 257 1766 311 καὶ

160 339 458 414 κατήγορος
501 336 661 405 αὐτὸς
693 342 894 396 ἑαυτοῦ
927 337 1264 413 γιγνόμενος.
1321 344 1406 396 82.
1458 338 1766 397 ἐπάκουσον
1795 362 1860 404 [τε]

161 433 297 501 γοῦν
326 424 474 492 ὅπως
507 422 816 498 διαρρήδην
859 422 946 481 ἐπ’
990 421 1256 498 ὀνόματος
1295 421 1470 482 αὐτοῦ
1499 428 1768 497 μέμνηται

161 516 220 570 ἐν
243 513 320 588 τῷ
349 510 484 583 πρὸς
516 505 688 566 αὐτοῦ
720 513 987 582 γραφέντι
1020 506 1322 586 εὐαγγελίῳ
1352 512 1550 567 τοῦτον
1590 511 1768 581 λέγων

115 624 134 656 5
158 597 253 654 τὸν
300 593 505 668 τρόπον
542 590 670 650 “acal
718 592 986 667 παράγων
1027 597 1249 652 ἐκεῖθεν
1289 593 1317 650 ὁ
1365 591 1572 668 Ἰησοῦς
1617 594 1767 651 εἶδεν
1791 616 1880 654 (120)

156 680 460 753 ἄνθρωπον
501 677 821 751 καθήμενον
863 680 952 735 ἐπὶ
1003 676 1063 734 τὸ
1124 677 1416 751 τελώνιον,
1463 687 1768 736 ἡΜατθαῖον

153 765 409 839 ὀνόματι,
454 765 545 821 καὶ
587 762 742 820 εἶπεν
773 760 953 839 αὐτῷ,
994 761 1292 820 ἀκολούθει
1324 780 1443 836 μοι·
1499 765 1590 820 καὶ
1631 760 1769 820 ἅνα-

157 849 285 917 στάς
327 846 710 922 ἠκολούθησεν
750 845 914 924 αὐτῷ.
990 849 1082 903 καὶ
1137 850 1351 920 ἐγένετο
1402 847 1768 921 ἀνακειμένου

156 932 329 992 αὐτοῦ
381 937 440 990 ἐν
479 936 544 1008 τῇ
597 938 773 1008 οἰκίᾳ,
819 933 910 989 καὶ
953 930 1078 989 ἰδοὺ
1133 934 1324 989 πολλοὶ
1385 936 1617 990 τελῶναι
1677 934 1768 989 καὶ

95 1044 134 1075 ιι)
158 1019 470 1093 ἁμαρτωλοὶ
501 1019 894 1075 συνανέκειντο
924 1023 1000 1093 τῷ
1025 1015 1203 1090 Ἰησοῦ
1234 1019 1326 1074 καὶ
1348 1031 1460 1085 τοῖς
1491 1028 1769 1090 μαθηταῖς

159 1100 378 1175 αὕτοῦ,”
427 1105 518 1160 καὶ
559 1100 727 1159 πάλιν
769 1100 980 1175 προϊών
1030 1103 1181 1174 ἑξῆς,
1228 1101 1325 1159 τόν
1365 1126 1422 1159 τε
1464 1101 1770 1174 κατάλογον

157 1193 268 1246 τῶν
291 1191 559 1262 μαθητῶν
594 1185 1095 1261 ἐξαριθμούμενος,
1142 1184 1308 1254 αὐτὸς
1353 1188 1533 1264 ἑαυτῷ
1573 1184 1632 1243 τὸ
1670 1189 1773 1243 τοῦ

158 1272 401 1331 τελώνου
431 1270 605 1345 ὄνομα
636 1277 1022 1345 προστίθησιν.
1079 1276 1162 1330 83.
1197 1274 1345 1344 λέγει
1390 1270 1442 1328 δ’
1479 1262 1583 1328 οὖν
1619 1267 1770 1328 “τῶν

161 1359 222 1415 δὲ
254 1356 472 1414 δώδεκα
502 1353 827 1413 ἀποστόλων
857 1356 923 1413 τὰ
953 1353 1195 1429 ὀνόματά
1228 1360 1340 1414 ἐστι
1369 1359 1568 1414 ταῦτα·
1621 1359 1769 1429 πρῶ-

98 1465 136 1496 15
160 1466 249 1508 τος
281 1448 477 1514 Σίμων
507 1436 536 1497 ὁ
570 1437 861 1513 λεγόμενος
878 1443 1109 1514 Πέτρος,
1141 1443 1232 1498 καὶ
1251 1438 1513 1516 Ἀνδρέας
1544 1440 1572 1498 ὅ
1604 1439 1769 1498 ἀδελ-

160 1526 262 1598 φὸς
294 1523 484 1598 αὐτοῦ,
508 1524 764 1596 Ἰάκωβος
794 1523 822 1581 ὁ
863 1528 962 1582 τοῦ
1001 1531 1339 1597 Ζεβεδαίου,
1386 1527 1478 1582 καὶ
1512 1523 1769 1597 Ἰωάννης

157 1609 186 1667 ὁ
211 1608 450 1684 ἁδελφὸς
482 1607 683 1682 αὐτοῦ,
719 1615 994 1675 Φίλιππος
1035 1612 1127 1666 καὶ
1162 1617 1609 1683 Βαρθολομαῖος,
1646 1618 1769 1666 Θω-
1796 1635 1815 1666 ι)

157 1699 260 1769 μᾶς
291 1697 382 1751 καὶ
408 1703 704 1760 Ματθαῖος
734 1690 761 1751 ὁ
793 1692 1078 1766 τελώνης.”

165 1788 168 1790 ’
287 1784 368 1838 84.
421 1777 611 1846 Οὕτως
641 1780 743 1852 μὲν
774 1774 1123 1846 ὅὰΜατθαῖος
1154 1776 1229 1835 δι’
1265 1774 1584 1851 ὑπερβολὴν
1598 1781 1770 1836 ἐπιει-

96 1887 136 1918 20
160 1870 308 1931 κείας
339 1862 398 1921 τό
429 1863 736 1937 φιλάληθες
765 1860 1098 1936 ὑποφαίνων
1127 1867 1227 1922 τοῦ
1261 1868 1409 1920 ι’δίου
1439 1862 1646 1937 τρόπου
1678 1864 1769 1920 καὶ

159 1948 404 2022 τελώνην
436 1949 636 2006 ἑαυτὸν
666 1945 950 2021 ἀπεκάλει,
981 1950 1055 2021 μὴ
1100 1946 1455 2020 ἐπικρύπτων
1495 1947 1591 2005 τὸν
1632 1946 1768 2019 πρό-

157 2057 318 2107 τερον
358 2036 562 2092 ἑαυτοῦ
601 2040 728 2106 βίον
771 2035 862 2090 καὶ
901 2035 1002 2090 τοῦ
1043 2031 1287 2106 συζύγου
1329 2031 1598 2106 δεύτερον
1642 2034 1767 2088 ἑαυ-

159 2117 255 2176 τὸν
285 2120 593 2191 κατέλεγεν.
655 2122 735 2175 85.
771 2122 1200 2191 συνεζευγμένος
1232 2123 1369 2191 γοῦν
1398 2121 1473 2194 τῷ
1508 2119 1706 2192 Θωμᾷ,
1739 2113 1767 2172 ὁ

162 2206 371 2277 Πέτρος
397 2200 648 2279 Ἀνδρέᾳ,
681 2204 772 2260 καὶ
797 2201 1053 2275 Ἰάκωβος
1077 2206 1154 2280 τῷ
1174 2199 1420 2276 Ἰωάννῃ,
1454 2204 1545 2259 καὶ
1570 2208 1767 2259 Φίλιπ-

98 2308 139 2340 25
162 2310 262 2354 πος
309 2294 735 2364 Βαρθολομαίῳ,
796 2287 1084 2361 προτάττει
1134 2290 1335 2344 ἑαυτοῦ
1391 2284 1488 2343 τὸν
1542 2288 1765 2358 Θωμᾶν,

161 2375 442 2445 προτιμῶν
472 2368 545 2439 ὥς
585 2378 871 2446 κρείττονα
901 2370 996 2429 τὸν
1027 2371 1472 2443 συναπόστολον,
1516 2374 1627 2427 τῶν
1657 2377 1766 2426 λοι-

161 2446 283 2513 πῶν
314 2455 722 2530 εὐαγγελιστῶν
762 2455 1091 2515 τούναντίον
1131 2453 1525 2528 πεποιηκότων.
1599 2452 1767 2510 ἄκουε
1792 2489 1808 2511 c

164 2543 300 2612 γοῦν
325 2547 531 2613 Λουκᾶ,
565 2545 681 2608 πῶς
711 2543 811 2598 τοῦ
840 2549 1148 2599 Ματθαιόυ
1169 2539 1555 2614 μνημονεύσας
1586 2534 1651 2596 οὐ
1682 2560 1765 2594 τε·

163 2621 348 2695 λώνην
376 2623 645 2699 ὀνομάζει,
677 2622 802 2683 οὐδ’
836 2621 1128 2683 ὖποτάττει
1152 2627 1230 2702 τῷ
1250 2628 1449 2699 Θωμᾷ,
1482 2629 1768 2696 κρείττονα

98 2728 139 2760 30
166 2708 226 2764 δὲ
257 2703 429 2765 αὐτὸν
470 2710 630 2777 εἰδώς
668 2714 891 2784 πρῶτον
931 2709 1102 2769 αὐτὸν
1141 2711 1458 2780 κατέλεξεν,
1505 2706 1768 2781 δεύτερον

276 2901 299 2940 5
330 2901 494 2943 Matth.
516 2904 556 2955 9,
582 2904 622 2946 9.
