1946 3158
203 136 308 188 110
878 133 1125 176 EUSEBII

198 249 470 319 Ἰουδαίας
502 253 592 309 καὶ
623 246 765 325 ὑπὲρ
784 246 1136 324 Ἰερουσαλὴμ
1165 248 1268 323 τὴν
1299 255 1643 324 προφητείαν
1683 249 1807 324 ἐδή-

202 344 304 394 λου
335 338 599 408 λέγεσθαι
629 332 687 392 τὸ
719 340 1027 408 προοίμιον,
1057 331 1092 407 ἢ
1122 336 1214 392 καὶ
1248 332 1340 391 διὰ
1368 334 1470 408 τὴν
1500 333 1684 408 ἀληθῆ
1709 331 1806 392 Ἱε-

205 418 507 494 ρουσαλὴμ,
562 421 652 476 καὶ
711 418 813 491 τὴν
850 416 1134 491 ἀναλόγως
1174 418 1314 493 αὐτῇ
1373 417 1509 476 κατὰ
1555 417 1810 476 διάνοιαν

202 506 602 579 θεωρουμένην
624 500 926 561 Ἰουδαίαν·
971 504 1098 578 περὶ
1141 496 1209 560 οὗ
1249 496 1384 561 κατὰ
1424 503 1617 578 καιρὸν
1661 501 1808 561 εἰσό-

203 599 365 662 μεθα.
428 593 519 663 ΑΒΘ.
567 590 660 644 καὶ
697 594 780 654 τίς
818 611 881 660 γε
920 590 1032 645 τῶν
1073 583 1395 647 ἀποστόλων
1424 591 1525 646 τοῦ
1564 591 1807 662 σωτῆρος
1830 614 1851 647 5

204 672 360 747 ἡμῶν
381 674 471 729 καὶ
492 675 603 729 τῶν
617 670 1023 745 εὐαγγελιστῶν
1037 669 1139 744 τὴν
1152 679 1351 730 ἔνθεον
1364 675 1621 745 συνορῶν
1637 670 1810 729 δύνα-

204 782 318 831 μιν,
349 754 480 814 καθ’
516 754 587 830 ἣν
607 762 684 824 εἰς
697 759 881 814 πᾶσαν
892 754 992 829 τὴν
1012 762 1118 829 γῆν
1143 759 1375 830 ἐξῆλθεν
1395 755 1686 830 ὁφθόγγος
1711 753 1811 812 αύ-

203 848 315 898 τῶν
345 843 437 899 καὶ
469 846 547 910 εἰς
577 839 642 898 τοὶ
672 843 880 916 πέρατα
899 843 994 914 τῆς
1023 843 1350 915 οἰκουμένης
1373 840 1439 898 τὰ
1458 839 1671 917 ῥήματα
1702 839 1806 897 αὐ-

202 929 333 997 τῶν,
365 929 543 983 πᾶσαί
566 950 625 984 τε
657 929 709 994 ἐξ
741 929 959 983 ἐκείνου
990 927 1080 982 καὶ
1115 933 1194 992 είς
1235 929 1400 999 δεῦρο
1447 930 1509 982 αἶ
1536 929 1633 983 τοῦ
1677 933 1807 1000 Χρι-

204 1012 339 1067 στοῦ
379 1013 660 1083 ἐκκλησίαι
701 1008 830 1077 τούς
868 1009 1065 1083 λόγους
1106 1009 1292 1069 αὐτῶν
1350 1007 1456 1067 ἀνα
1498 1008 1671 1083 στόμα
1712 1010 1803 1066 καὶ
1829 1037 1870 1069 ιο

204 1093 503 1168 μαθήματα
534 1101 739 1168 ἔχουσι,
772 1096 862 1151 καὶ
893 1093 990 1161 τὰς
1029 1097 1124 1168 τῆς
1165 1098 1358 1166 καινῆς
1400 1092 1672 1167 διαθήκης
1731 1091 1807 1151 δι’

205 1177 390 1236 αὐτῶν
420 1185 794 1254 κηρυχθείσας
823 1183 921 1236 τοῦ
953 1182 1195 1252 Χριστοῦ
1223 1185 1576 1252 νομοθεσίας,
1608 1177 1710 1236 οὐκ
1739 1175 1810 1235 ἂν

205 1259 476 1336 ἀλήθειαν
515 1267 581 1337 τῇ
623 1271 931 1340 προφητεία
966 1263 1404 1337 ε’πιμαρτυρήσαι
1444 1261 1669 1337 φησοῖσῃ
1714 1267 1808 1336 ε’μ-

204 1350 394 1421 φανῶς
426 1351 487 1405 έν
518 1352 695 1423 βουλῇ
726 1349 816 1405 καὶ
848 1346 980 1422 μετὰ
1013 1347 1173 1420 δόξης
1209 1349 1298 1405 ἐπὶ
1338 1354 1523 1405 πᾶσαν
1561 1345 1663 1420 τὴν
1702 1349 1808 1420 γῆν

204 1430 454 1501 ὑφαίσειν
513 1431 609 1490 τὸν
671 1432 809 1490 θεὸν
873 1434 964 1489 καὶ
1017 1431 1272 1500 δοξάσειν
1325 1432 1383 1490 τὸ
1435 1431 1808 1504 καταλειφθὲν
1830 1457 1872 1489 15

199 1515 432 1590 Ἰσραὴλ,
465 1518 556 1573 καὶ
589 1515 663 1583 ὥς
694 1515 799 1590 ἄρα
831 1514 890 1573 τὸ
922 1517 1296 1590 καταλειφθὲν
1330 1520 1390 1573 έν
1430 1514 1586 1574 Σιών
1616 1518 1708 1573 καὶ
1746 1515 1805 1574 τὸ

204 1601 579 1674 καταλειφθὲν
611 1603 672 1659 έν
692 1599 1048 1675 Ἰερουσαλὴμ
1078 1598 1223 1674 ἅγιοι
1255 1601 1631 1674 κληθήσονται
1662 1598 1807 1657 ποίν-

164 1719 179 1739 c
204 1709 289 1754 τες
329 1690 383 1742 οἱ
421 1687 723 1759 γραφέντες
777 1691 855 1752 εἰς
896 1684 1065 1758 ζωήν;
1106 1684 1230 1743 ἀντὶ
1271 1686 1333 1742 δὲ
1370 1688 1468 1742 τοῦ
1507 1687 1807 1758 λεγομένου

203 1767 351 1844 παρὰ
400 1784 514 1835 τοῖς
559 1769 938 1842 ἑβδομήκοντα
983 1765 1092 1827 “ε’ν
1131 1772 1310 1843 βουλῇ
1348 1768 1482 1843 μετὰ
1524 1765 1737 1842 δόξης”,
1777 1764 1806 1825 ὃ

195 1851 428 1927 Ἀκύλας
460 1855 553 1910 καὶ
586 1859 899 1911 Θεοδοτίων
941 1852 1255 1926 συμφώνως
1307 1859 1383 1920 εἰς
1435 1851 1674 1926 δύναμιν
1714 1854 1804 1910 καὶ
1827 1879 1871 1911 20

207 1936 373 2005 δόξαν
403 1933 782 2011 ἡρμήνευσαν,
806 1935 908 2009 τὴν
937 1933 1046 1994 ὑπὸ
1075 1940 1176 1995 τοῦ
1213 1940 1354 1996 θεοῦ
1394 1942 1662 1996 δοθεῖσαν
1691 1951 1806 2003 τοῖς

204 2019 526 2087 ἀποστόλοις
561 2021 803 2094 δύναμιν
832 2023 923 2078 καὶ
954 2021 1055 2094 τὴν
1087 2024 1176 2078 ἐπὶ
1206 2021 1378 2096 ταύτῃ
1411 2022 1559 2096 παρὰ
1589 2026 1664 2098 τῷ
1685 2024 1808 2099 θεῷ

207 2103 373 2172 δόξαν
402 2109 772 2180 παριστῶντες
803 2104 939 2162 κατὰ
969 2106 1028 2162 τὸ
1053 2102 1082 2123 “
1102 2105 1292 2180 κύριος
1326 2105 1492 2164 δώσει
1517 2109 1663 2182 ῥῆμα
1692 2120 1806 2172 τοῖς

206 2187 706 2262 εὐαγγελιζομένοις
740 2189 974 2263 δυνάμει
996 2188 1218 2264 πολλῇ.”
1262 2196 1343 2248 81.
1378 2194 1468 2248 καὶ
1497 2188 1631 2248 αὐτό
1651 2215 1714 2264 γε
1746 2189 1807 2247 τὸ

204 2276 575 2347 γεγενημένον
597 2270 629 2293 “
644 2273 781 2349 ἀκοῇ
812 2272 1093 2347 ἀκούσετε,
1125 2277 1217 2332 καὶ
1249 2274 1315 2332 οὐ
1346 2274 1420 2348 μὴ
1453 2279 1682 2347 συνῆτε·
1714 2275 1805 2331 καὶ
1827 2299 1872 2332 25

204 2361 502 2430 βλέποντες
533 2360 782 2432 βλέψετε,
815 2361 907 2415 καὶ
938 2356 1002 2415 ού
1035 2358 1110 2432 μὴ
1143 2364 1312 2432 ἴδητε.
1378 2357 1667 2432 ἐπαχύνθη
1698 2358 1804 2431 γὰρ

209 2441 238 2515 ἡ
279 2447 481 2517 καρδία
520 2447 619 2500 τοῦ
662 2445 800 2500 λαοῦ
838 2441 1065 2515 τούτου,
1107 2445 1198 2499 καὶ
1257 2457 1370 2510 τοῖς
1431 2441 1533 2500 ὠσὶ
1593 2444 1805 2516 βαρέως

159 2546 178 2576 «1
206 2525 472 2601 ἤκουσαν,
505 2530 595 2584 καὶ
626 2525 753 2596 τούς
787 2525 1113 2601 ὀφθαλμοὺς
1144 2523 1699 2600 αὖτεόψέκάμμυσαν,
1729 2525 1806 2600 μή

206 2634 336 2668 ποτε
379 2616 540 2670 ἴδωσι
582 2626 696 2680 τοῖς
754 2610 1095 2686 ὀφθαλμοῖς,
1137 2613 1230 2668 καὶ
1278 2626 1392 2679 τοῖς
1445 2608 1583 2670 ὠσὶν
1634 2608 1806 2669 οἰκού-

206 2714 362 2768 σωσι,
403 2699 495 2754 καὶ
538 2699 933 2773 ε’πιστρέψωσι,
988 2698 1079 2754 καὶ
1124 2694 1360 2769 ἰάσωμαι
1402 2694 1619 2762 αὐτούς.
1711 2697 1803 2753 καὶ
1826 2719 1872 2752 30

319 2889 341 2928 7
372 2889 446 2931 Ps.
481 2892 545 2940 19,
578 2893 620 2931 4.
795 2894 847 2933 23
878 2893 952 2933 Ps.
975 2892 1043 2941 68,
1079 2893 1144 2933 11.
1318 2892 1371 2931 25
1392 2890 1468 2933 Es.
1502 2892 1542 2941 6,
1575 2891 1615 2932 9.
