1946 3158
579 97 883 139 DEMONST.
917 97 1140 139 EVANG.
1169 96 1229 140 Π.
1266 99 1308 138 3.
1653 95 1754 148 135

130 221 330 290 κρίτως
370 215 539 270 πᾶσιν
568 211 754 278 ἁπλῶς
799 226 912 279 τοῖς
942 208 1049 270 ἀπὸ
1089 214 1188 271 τοῦ
1211 208 1498 270 Ἰουδαίων
1539 217 1744 280 ἔθνους

132 298 367 374 φαύλοις
397 320 455 355 τε
479 299 571 354 καὶ
593 293 816 369 ἀσεβέσι
848 298 938 354 καὶ
970 309 1083 363 τοῖς
1106 296 1180 370 μὴ
1211 294 1478 364 τοιούτοις
1507 295 1602 364 τὰς
1632 302 1745 355 τῶν

133 382 367 458 ἀγαθῶν
384 385 709 455 ἐπαγγελίας
730 386 787 439 οἱ
803 392 949 439 θεῖοι
972 380 1123 455 λόγοι
1149 382 1569 456 προεθέσπιζον,
1602 399 1749 439 σπα-
1780 405 1802 436 d

134 474 273 536 νίοις
304 468 364 526 δὲ
395 465 582 524 αὐτῶν
612 468 703 523 καὶ
735 462 956 544 ἀριθμῷ
981 474 1224 540 ληπτοῑς,
1256 464 1374 539 ἤτοι
1392 479 1503 533 τοῖς
1537 471 1614 532 εἰς
1646 464 1750 523 τὸν

90 575 112 608 5
135 555 355 627 σωτῆρα
386 553 476 608 καὶ
509 553 706 625 κύριον
736 549 893 624 ἡμῶν
926 554 977 619 ἐξ
1011 548 1195 609 αὐτῶν
1227 549 1676 623 πεπιστευκόσιν,
1714 545 1747 623 ἢ

133 650 247 704 τοῖς
271 634 376 710 πρὸ
399 639 494 709 τῆς
516 641 825 711 παρουσίας
849 633 1022 693 αὐτοῦ
1048 639 1514 709 δεδικαιωμένοις,
1541 631 1746 710 αὐτάρ·

133 746 241 788 κως
292 720 527 794 ἡγοῦμαι
588 721 962 793 δεδηλωκέναι
1013 716 1095 776 ὅτι
1147 718 1220 793 μὴ
1274 719 1608 795 ἀδιακρίτως
1671 726 1749 787 εἰς

131 803 379 871 ἅπαντας
404 803 707 871 Ἰουδαίους
746 802 813 860 τὰ
851 809 963 860 τῶν
1002 810 1180 861 θείων
1213 807 1558 877 ἐπαγγελιῶν
1585 807 1748 877 ἐπλη-

134 895 318 964 ροῦτο,
351 890 442 945 καὶ
467 913 551 945 οτι
580 886 653 962 μὴ
683 892 896 962 μᾶλλον
919 884 1105 954 αὐτοῖς
1136 885 1168 962 ἢ
1200 902 1312 954 τοῖς
1347 892 1399 956 ἐξ
1434 891 1619 946 ἐθνων
1650 889 1751 946 τὸν

71 997 112 1029 ιο
136 971 377 1049 Χριστὸν
406 978 504 1031 τοῦ
533 976 674 1031 θεοῦ
704 974 1175 1081 παραδεξαμένοις
1206 996 1270 1029 τα
1300 997 1412 1030 των
1443 977 1752 1047 προφητῶν

137 1055 462 1133 ἐφαρμόττει
506 1055 677 1130 λόγια.
747 1062 829 1125 τίς
872 1057 935 1114 δε
977 1048 1047 1131 ἦν
1088 1055 1122 1130 ἡ
1163 1081 1275 1115 των
1304 1063 1481 1115 θείων
1514 1060 1755 1130 ἐπαγγε-

136 1146 273 1202 λιῶν
297 1141 515 1200 διανοια
538 1166 674 1199 κατα
698 1141 892 1218 καιρὸν
914 1142 1013 1199 τὸν
1029 1140 1379 1217 προσήκοντα
1395 1140 1749 1215 παραστήσω

139 1232 240 1284 176
289 1229 461 1284 ταῦτα
492 1227 553 1284 δε
578 1251 650 1294 ως
673 1223 987 1300 ἀναγκαίως
1002 1250 1094 1300 μοι
1126 1233 1473 1285 συνείλεκται
1499 1232 1575 1293 εἰς
1602 1233 1752 1300 ἔλεγ-

139 1334 239 1385 χον
267 1334 380 1368 των
421 1313 479 1368 ἐκ
519 1316 813 1386 περιτομῆς
853 1308 956 1368 υπ’
998 1308 1202 1384 ἀλόγου
1244 1318 1616 1385 μεγαλαυχιας
1657 1309 1754 1385 μό·

77 1417 118 1450 15
141 1418 256 1462 νοις
298 1391 486 1461 αὐτοῖς
525 1393 621 1452 τὸν
652 1392 892 1469 Χριστὸν
932 1395 1323 1469 ἐπιδημήσειν,
1377 1394 1501 1470 οὐχὶ
1556 1396 1616 1453 δε
1659 1397 1778 1454 καὶ

140 1482 311 1537 πᾶσιν
333 1474 671 1552 ἀνθρώποις,
706 1481 1250 1553 ε’παυθαδιζομένων,
1285 1489 1362 1547 εἴς
1385 1504 1443 1538 τε
1467 1478 1752 1549 ἀπόδειξιν
1783 1507 1854 1549 (86)

139 1569 234 1638 τῆς
265 1562 422 1636 ἡμων
446 1559 629 1621 αὐτων
653 1565 776 1636 περὶ
795 1588 862 1620 τα
887 1565 1118 1621 ἐκείνων
1141 1562 1299 1636 λόγια
1324 1562 1557 1636 εὐλόγου
1580 1582 1753 1622 σπου-

141 1653 256 1721 δῆς.
336 1652 449 1704 177.
485 1650 726 1720 συνέστη
773 1649 840 1705 δέ
872 1672 964 1720 μοι
997 1647 1088 1705 διὰ
1119 1653 1218 1705 τοῦ
1249 1647 1355 1722 πρὸ
1386 1647 1588 1706 τούτου
1619 1667 1753 1721 συγ-

139 1729 453 1807 γράμματος
477 1733 567 1788 καὶ
599 1730 659 1788 τὸ
691 1741 869 1790 αἴτιον
898 1737 997 1789 τοῦ
1019 1732 1093 1805 μὴ
1117 1731 1436 1802 Ἰουδαΐζειν
1466 1730 1627 1807 ἡμᾶς,
1662 1735 1754 1790 καὶ

78 1839 120 1872 20
141 1819 314 1876 ταῦτα
354 1828 473 1883 ταῖς
515 1812 702 1874 αὐτῶν
739 1822 1030 1892 χαίροντας
1075 1831 1442 1891 προφητικαῖς
1492 1831 1750 1891 γραφαῖς.

140 1898 280 1959 ἀλλὰ
311 1903 402 1958 καὶ
441 1899 630 1969 ὁποῖος
671 1898 701 1959 ὅ
733 1906 854 1973 βίος
883 1898 1142 1975 τυγχάνει
1186 1900 1215 1959 ὁ
1249 1900 1340 1960 διὰ
1382 1905 1480 1960 τοῦ
1514 1905 1758 1977 Χριστοῦ

142 1992 277 2044 πᾶσι
306 1999 419 2053 τοῖς
462 1992 654 2044 ἐθνεσι
692 1987 1131 2062 κεκηρυγμένος,
1173 1983 1210 2060 ἦ
1239 2011 1299 2045 τε
1329 1985 1624 2062 ἀρχαιότης
1655 1991 1755 2045 τοῦ

142 2069 349 2174 τρόπου
380 2075 476 2144 τῆς
509 2069 869 2144 ευαγγελικῆς
899 2076 1195 2143 πολιτείας,
1228 2096 1301 2139 ως
1331 2068 1453 2129 οἶόν
1483 2095 1542 2129 τε
1572 2073 1661 2146 ἠν,
1696 2074 1756 2129 ἐν

145 2153 294 2233 αὐτῷ
336 2153 658 2228 διελήλυθα.
730 2160 845 2213 118
878 2154 1093 2215 τούτων
1134 2152 1186 2213 δ’
1229 2155 1365 2230 ἡμῖν
1403 2159 1757 2231 προηνυσμέ-
1781 2186 1802 2216 ι,

79 2261 124 2294 25
146 2264 280 2313 νων,
305 2237 412 2313 ἤδη
436 2240 568 2297 ποτὲ
590 2239 778 2315 καιρὸς
799 2239 1255 2316 ἀπορρητοτέρων
1277 2239 1533 2309 ἅψασθαι
1556 2239 1756 2314 λόγων,

144 2327 257 2383 τῶν
287 2326 415 2399 περὶ
443 2328 538 2398 τῆς
570 2324 705 2382 κατὰ
745 2324 842 2383 τὸν
873 2328 1094 2401 σωτῆρα
1123 2328 1216 2384 καὶ
1246 2324 1443 2399 κύριον
1471 2325 1631 2400 ἡμῶν
1655 2322 1759 2398 Ἰη-

145 2412 290 2468 σοῦν
319 2407 414 2468 τὸν
438 2408 679 2483 Χριστὸν
707 2416 807 2468 τοῦ
838 2414 978 2468 θεοῦ
1001 2416 1268 2484 μυστικῆς
1299 2416 1632 2514 οἰκονομίας,
1665 2411 1757 2467 καὶ

147 2491 223 2559 ὡς
253 2518 324 2551 αν
352 2491 629 2568 μαθοιμεν
653 2493 744 2552 διὰ
768 2501 826 2552 τί
851 2497 990 2567 νῦν,
1026 2493 1146 2551 ἀλλ’
1184 2495 1252 2552 οὐ
1275 2495 1382 2597 πρὸ
1404 2493 1624 2567 τούτου,
1656 2493 1759 2567 τὴν

149 2582 229 2644 εἰς
259 2599 506 2646 απαντας
536 2577 873 2681 ἀνθρώπους
907 2578 1236 2652 ἐπιφανειαν
1266 2576 1439 2637 αὐτοῦ
1471 2585 1756 2652 πεποίητο,

87 2683 128 2715 30
152 2662 244 2718 καὶ
274 2666 334 2718 τί
357 2660 415 2719 τὸ
449 2672 627 2721 αἴτιον
666 2655 738 2737 ἦν
777 2667 878 2722 τοῦ
906 2663 979 2738 μὴ
1011 2661 1178 2721 παλαι
1209 2661 1498 2737 πρότερον,
1532 2668 1759 2736 ἔναγχος

154 2745 216 2802 δε
247 2747 337 2802 καὶ
367 2769 501 2820 μετα
530 2747 626 2806 τὸν
655 2747 868 2822 μακρὸν
898 2754 1075 2806 αἰωνα
1104 2754 1199 2822 τῆς
1220 2752 1332 2806 τῶν
1363 2752 1549 2806 ἐθνων
1579 2746 1759 2819 ἄπαρ-

152 2832 358 2897 ξασθαι
389 2828 561 2889 αὐτὸν
600 2831 874 2905 κλήσεως,
915 2831 982 2891 τά
1021 2857 1080 2891 τε
1118 2831 1257 2891 ἄλλα
1297 2831 1398 2891 ρὅσα
1431 2831 1635 2907 δήποτε
1665 2838 1759 2906 τῆς
