1992 3186
589 113 899 155 DEMONST.
928 111 1147 155 EVANG.
1173 111 1277 153 vn.
1306 112 1346 153 2.
1671 111 1773 161 471

164 225 409 302 πρόοδον
440 229 494 295 ἐξ,
525 224 694 299 αὐτῆς
726 225 1038 300 ἐποιήσατο,
1070 225 1397 292 ἀκολούθως
1419 240 1538 292 ταῖς
1561 247 1775 299 προφη-
1823 250 1845 283 b

164 326 343 379 τικαῖς
373 308 774 386 προρρήσεσιν,
816 308 958 369 ὥστε
996 307 1099 368 οῦκ
1137 308 1346 383 ἄδηλον
1378 309 1522 367 εἶναι
1551 313 1644 367 καὶ
1674 310 1777 382 τὴν

165 402 355 453 αἰτίαν
385 390 461 452 δι’
494 391 566 467 ἣν
594 400 835 468 πατρίδα
864 393 967 468 τὴν
995 396 1252 468 Βηθλεὲμ
1284 393 1645 469 ἐπεγράψατο.
1688 399 1773 452 46.

167 477 304 537 ἀλλὰ
335 480 428 536 καὶ
459 482 521 537 ἐν
551 478 824 553 Ναζάροις
854 476 1190 552 ἀνατραφεὶς
1221 482 1453 552 λέγεται,
1486 481 1578 535 καὶ
1608 477 1777 536 πάλιν

122 586 146 619 5
169 571 493 638 Ναζωραῖος
522 561 923 636 κληθήσεσθαι.
969 565 1150 621 ἰστέον
1179 554 1281 620 οὖν
1310 560 1395 620 ὅτι
1418 564 1509 619 καὶ
1540 560 1600 620 τὸ
1631 570 1777 632 ναζι-

166 661 327 722 ραῖον
356 645 530 721 ὄνομα
551 645 841 722 Ἑβραῖκόν
869 646 1130 722 τυγχάνει
1161 649 1222 704 ἐν
1252 652 1524 723 Λευιτικῷ
1558 649 1647 704 ἐπὶ
1677 651 1779 704 τοῦ

166 738 460 806 χρίσματος
500 734 598 789 τοῦ
636 729 770 805 παρ’
814 729 1000 799 αὐτοῖς
1039 734 1279 805 χριστοῦ.
1348 723 1419 802 ἧν
1461 732 1520 788 δὲ
1559 723 1717 797 οὗτος
1746 730 1775 788 ὁ

166 812 354 890 ἅρχων
392 812 515 873 κατ’
559 814 748 873 εἰκόνα
784 819 888 872 τοῦ
925 814 1169 888 μεγάλου
1201 817 1294 871 καὶ
1322 811 1547 888 ἀληθῶς
1590 813 1776 889 ἀρχιε-
1800 839 1888 883 [217]

165 902 304 973 ρέως
334 905 432 956 τοῦ
445 902 688 975 Χριστοῦ
708 902 810 956 τοῦ
836 904 1006 971 θεοῦ,
1039 897 1249 972 σκιώδη
1267 897 1391 963 τινᾲ
1421 901 1513 956 καὶ
1543 899 1776 957 τυπικὸν

103 1006 144 1039 10
168 982 408 1058 Χριστὸν
441 981 849 1057 ἐπιφερόμενος,
905 986 989 1039 47.
1026 986 1085 1040 ἐν
1116 989 1198 1050 οἱς
1227 987 1372 1088 γοῦν
1397 991 1608 1092 εἴρηται
1639 983 1776 1041 κατὰ
1800 1020 1818 1042 e

164 1066 293 1134 τούς
326 1064 708 1140 ἑβδομήκοντα
738 1068 865 1141 περὶ
896 1070 994 1124 τοῦ
1023 1066 1320 1142 ἀρχιερέως
1361 1063 1476 1124 καὶ
1506 1064 1572 1124 ού
1605 1075 1778 1139 βεβη-

165 1149 332 1208 λώσει
360 1148 456 1208 τὸν
485 1149 823 1224 ἡγιασμένον
863 1154 964 1208 τοῦ
991 1155 1133 1209 θεοῦ
1165 1147 1366 1224 αὑτοῦ,
1411 1149 1497 1208 ὅτι
1525 1148 1586 1208 τὸ
1618 1150 1778 1224 α’γιον

167 1240 352 1292 ἔλαιον
392 1233 615 1308 χριστὸν
653 1237 753 1292 τοῦ
789 1238 930 1293 θεοῦ
971 1233 1178 1293 αὐτοῦ.>
1260 1235 1320 1292 τὸ
1360 1259 1463 1308 μεν
1484 1234 1778 1309 Εβραῑκόν

158 1315 280 1376 “gn
309 1319 468 1391 ναζὲρ
501 1324 686 1376 ἔλαιον
716 1317 1018 1393 περιέχει·”
1082 1315 1110 1376 6
1146 1319 1208 1376 δὲ
1230 1317 1464 1386 Ἀκύλας
1485 1318 1605 1377 “gn
1637 1317 1778 1423 ἀφό-

103 1427 144 1460 15
167 1420 362 1476 ρισμα,
394 1409 579 1460 ε”λαιον
608 1399 938 1475 ἀλείμματος
968 1407 1108 1460 θεοῦ
1140 1400 1313 1460 αὐτοῦ
1356 1402 1440 1461 ἐπ’
1487 1400 1661 1480 αὐτῷ
1688 1402 1776 1460 ’ὁ

586 1481 651 1503 “Pl

168 1487 230 1543 δὲ
261 1483 562 1559 Σύμμαχος
621 1509 705 1542 οτι
734 1484 968 1543 ἄθικτον
999 1493 1186 1544 ἔλαιον
1213 1490 1315 1543 τοῦ
1352 1492 1648 1559 χρίσματος
1678 1491 1777 1543 τοῦ

165 1577 306 1628 θεοῦ
337 1568 508 1627 αὐτοῦ
542 1566 631 1626 ἐπ’
665 1568 839 1647 αὐτῷ·
846 1568 876 1589 ”
920 1568 950 1627 ὁ
970 1571 1030 1628 δε
1050 1566 1417 1627 Θεοδοτίων“
1424 1594 1507 1627 οτι
1537 1568 1597 1627 τὸ
1614 1573 1776 1643 ναζὲρ

167 1659 355 1711 ἔλαιον
383 1653 443 1710 τὸ
474 1653 695 1727 χριστὸν
726 1651 874 1728 παρὰ
903 1658 1042 1712 θεοῦ
1074 1652 1249 1711 αὐτοῦ
1297 1651 1382 1710 ἐπ’
1418 1652 1585 1730 αὐτῷ.
1598 1652 1625 1672 ”
1688 1659 1775 1711 48.

166 1735 307 1797 ὥστε
330 1737 473 1794 εἶναι
495 1736 555 1794 τὸ
577 1738 738 1811 ναζὲρ
759 1735 896 1795 κατὰ
917 1738 1019 1810 μὲν
1043 1737 1170 1804 τοὺς
1195 1736 1577 1810 ἑβδομήκοντα
1597 1736 1776 1810 ἅγιον,

101 1847 144 1879 20
167 1845 304 1880 κατα
335 1823 396 1879 δὲ
425 1820 521 1879 τὸν
544 1819 784 1879 Ἀκύλαν
812 1820 1122 1895 ἀφόρισμα,
1155 1846 1293 1878 κατα
1324 1822 1385 1878 δε
1413 1819 1510 1879 τὸν
1541 1821 1780 1896 Σύμμα-

167 1930 267 1979 χον
295 1903 548 1977 αθικτον,
581 1925 722 1963 ωστε
753 1909 812 1963 ἐκ
840 1905 1040 1963 τούτου
1070 1905 1131 1963 τὸ
1161 1913 1443 1977 ναζιραῖον
1473 1904 1646 1979 ὄνομα
1678 1926 1781 2005 ση-

167 1995 388 2062 μαίνειν
428 1987 546 2061 ἤτοι
576 1989 674 2047 τὸν
703 1987 890 2063 ἅγιον,
933 1987 967 2062 ἢ
1007 1988 1105 2048 τὸν
1143 1988 1564 2064 ἀφωρισμένον,
1608 1987 1642 2064 ἢ
1682 1989 1780 2047 τὸν

167 2071 416 2132 αθικτον.
487 2072 606 2130 ἀλλ’
645 2077 702 2131 οἱ
736 2099 838 2147 μεν
867 2073 1036 2131 παλαι
1078 2079 1243 2147 ἱερεῖς
1288 2073 1360 2131 δι’
1399 2077 1587 2132 ἐλαίου
1619 2092 1826 2131 ‹nav-d

168 2161 368 2230 αστοῦ,
399 2160 498 2214 τοῦ
528 2151 681 2232 παρὰ
707 2166 912 2219 Μωσεῖ
945 2159 1106 2233 ναζὲρ
1138 2159 1513 2232 καλουμένου,
1556 2158 1779 2232 χριόμε-

101 2265 147 2298 25
168 2265 285 2314 νοι,
303 2239 657 2315 παραγώγως
687 2239 793 2299 ἀπὸ
824 2246 923 2300 τοῦ
961 2243 1122 2315 ναζὲρ
1164 2245 1463 2300 ἐκαλοῦντο
1493 2250 1777 2316 ναζιραῖοι.

167 2329 252 2381 49.
284 2321 314 2382 ὃ
335 2320 410 2382 ’δὲ
439 2324 619 2398 σωτὴρ
651 2327 742 2382 καὶ
775 2325 962 2399 κύριος
992 2325 1148 2400 ἡμῶν
1178 2325 1316 2384 κατὰ
1347 2324 1522 2399 φύσιν
1547 2332 1688 2398 ἔχων
1718 2324 1776 2381 τὸ

168 2403 327 2479 ἅγιον
356 2411 450 2466 καὶ
492 2407 552 2466 τὸ
591 2407 824 2468 ἄθικτον
864 2412 955 2467 καὶ
983 2409 1045 2467 τὸ
1074 2407 1496 2483 ἀφωρισμένον,
1541 2407 1609 2465 οὐ
1656 2407 1781 2465 δεό-

170 2491 333 2563 μενός
362 2513 420 2553 τε
450 2497 743 2566 χρίσματος
772 2491 1169 2567 ἀνθρωπίνου,
1200 2491 1347 2566 ὅμως
1377 2495 1472 2564 τῆς
1502 2495 1599 2549 τοῦ
1630 2499 1778 2560 ναζι·

172 2579 335 2647 ραίου
365 2581 733 2649 προσηγορίας
763 2577 895 2646 παρ’·
932 2574 1252 2650 ἀνθρώποις
1285 2581 1504 2649 ἔτυχεν,
1536 2572 1638 2633 οὐκ
1669 2573 1777 2632 ἀπὸ

106 2680 150 2712 30
172 2663 269 2715 τοῦ
300 2660 645 2730 καλουμένου
663 2663 823 2734 ναζέρ
845 2664 1031 2718 ἐλαίου
1057 2667 1332 2734 ναζιραῖος
1355 2657 1616 2732 γεγονώς,
1647 2657 1773 2715 ἀλλ’

292 2852 342 2890 12
374 2851 525 2893 Levit.
548 2852 616 2903 ⁶21,
644 2853 709 2891 ιι).
