1992 3186
253 161 359 213 406
946 143 1197 204 EUsEBu

254 280 454 351 μένους
498 274 564 334 οὐ
607 276 778 349 μόνον
822 275 950 342 τούς
982 274 1208 335 πάντων
1238 276 1560 351 ἀνθρώπων
1594 283 1864 336 δεισιδαι-

141 387 227 428 [1803]
255 359 622 435 μονεστοὲτους
648 367 1012 433 Αἰγυπτίους,
1043 359 1184 417 ἄλλα
1206 363 1299 418 καὶ
1321 362 1448 428 τοὺς
1471 361 1695 429 λοιποὺς
1726 362 1863 420 πάν-

254 470 348 511 τας
398 443 734 515 ἀνθρώπους
787 445 963 517 μηδὲν
1015 443 1296 503 δύνασθαι
1335 451 1542 519 τολμᾶν
1592 446 1728 504 κατὰ
1767 452 1863 520 τῆς

138 533 354 595 (300yv013
394 534 636 602 σωτῆρος
674 528 832 602 ἡμῶν
878 532 1168 601 ἐκκλησίας
1211 536 1540 603 δυσφημεῖν.
1610 535 1695 588 22.
1729 531 1864 604 μετὰ

252 617 425 670 ταῦτα
464 612 870 686 προφητεύεται
909 612 1122 679 τούτοις
1162 617 1282 686 ἑξῆς
1317 613 1698 688 σκοτεινότεροὲ
1738 641 1863 673 τινα
1887 642 1905 673 5

254 699 345 754 καὶ
389 694 465 753 δι’
513 697 852 771 αἰνιγμάτων
893 700 1231 771 μακροτέρας
1281 701 1372 755 καὶ
1415 702 1732 773 βαθυτέρας
1770 704 1865 772 τῆς

253 782 392 838 κατὰ
421 789 787 855 τροπολογίαν
821 781 1054 855 δεόμενα
1088 785 1406 856 ἑρμηνείας,
1449 780 1484 839 α’
1515 781 1583 856 δὴ
1623 787 1711 840 ἐπὶ
1742 803 1866 857 σχο-

254 870 350 939 λῆς
371 864 508 922 κατὰ
527 865 624 924 τὸν
646 865 995 941 προσήκοντα
1007 866 1200 940 καιρὸν
1220 874 1316 939 τῆς
1338 866 1724 941 προσηκούσης
1746 868 1867 925 τεύ-

253 955 399 1019 ξεται
434 949 766 1023 διηγήσεως,
802 951 939 1008 ἐπὰν
970 951 1077 1008 σὺν
1095 955 1212 1029 θεῷ
1235 950 1331 1009 τὸν
1356 955 1481 1025 περὶ
1507 955 1618 1009 τῶν
1638 955 1865 1024 ἐπαγγε-

254 1040 390 1093 λιῶν
418 1032 801 1108 αποδῶσωμεν
839 1035 1016 1108 λόγον.

823 1202 951 1262 ’And
982 1209 1080 1260 τοῦ
1114 1202 1303 1260 αὐτοῦ.
1894 1217 1930 1248 10

204 1352 222 1373 c
384 1327 504 1376 XXI.
552 1312 965 1389 τεΕὐφράνθητι
997 1322 1192 1390 ἕρημος
1227 1320 1473 1389 διψῶσα,
1506 1314 1867 1388 ἄγαλλιοὲσθω

256 1407 482 1472 ἔρημος,
526 1402 617 1455 καὶ
658 1397 903 1456 ἄνθείτω
946 1399 1017 1467 ῶς
1059 1406 1285 1472 κρίνον,
1327 1402 1418 1457 καὶ
1451 1399 1745 1472 ἐξανθήσει
1777 1405 1867 1456 καὶ

255 1482 646 1555 ἀγαλλιάσεται
676 1482 741 1541 τοὶ
773 1491 947 1557 ἔρημα
976 1487 1076 1542 τοῦ
1091 1483 1391 1558 Ἰορδάνου.
1436 1486 1526 1541 καὶ
1553 1483 1585 1557 ἡ
1613 1483 1744 1553 δόξα
1771 1488 1870 1542 τοῦ

255 1567 510 1639 Λιβάνου
544 1567 716 1640 ἐδόθη
749 1565 889 1644 αὐτῇ
927 1571 1015 1625 καὶ
1059 1567 1092 1640 ἡ
1123 1567 1250 1642 τιμὴ
1281 1573 1380 1626 τοῦ
1411 1568 1745 1643 Καρμήλου,
1777 1571 1868 1626 καὶ

253 1652 282 1708 ὁ
316 1651 444 1720 λαός
474 1677 582 1725 μου
611 1651 801 1721 ὄψεται
832 1653 934 1725 τὴν
966 1652 1132 1721 δόξαν
1162 1659 1360 1727 κυρίου
1391 1657 1482 1710 καὶ
1505 1654 1565 1710 τὸ
1597 1650 1737 1721 ὕψος
1770 1656 1870 1710 τοῦ
1893 1677 1932 1708 15

254 1743 409 1794 θεοῦ.
474 1736 736 1809 ἰσχύσατε
769 1753 946 1811 χεῖρες
977 1736 1288 1811 ἀνειμέναι,
1331 1740 1421 1794 καὶ
1451 1736 1658 1810 γόνατα
1688 1760 1869 1809 παρα-

256 1823 529 1894 λελυμένα
578 1826 1010 1895 παρακαλέσατε.
1095 1827 1152 1878 οἱ
1178 1820 1499 1894 ὀλιγόψυχοι
1537 1825 1604 1896 τῇ
1647 1826 1868 1895 διανοίᾳ

258 1904 545 1978 ἰσχύσατε,
587 1904 661 1978 μὴ
702 1912 1003 1978 φοβεῖσθε,
1058 1904 1181 1962 ίδού
1222 1903 1250 1961 ὁ
1291 1903 1421 1970 θεὸς
1473 1903 1633 1978 ἡμῶν
1684 1912 1869 1978 κρίσιν

255 1987 693 2061 ἀνταποδίδωσι,
726 1992 814 2046 καὶ
850 1987 1250 2060 ἆνταποδῶσει,
1285 1985 1447 2054 αὐτὸς
1466 1988 1600 2062 ἥξει,
1634 1991 1726 2046 καὶ
1758 1987 1866 2045 σῶν

209 2094 229 2125 d
258 2089 342 2127 σει
373 2069 527 2144 ἡμᾶς.
588 2073 710 2129 τότε
741 2072 1169 2147 ἀνοιχθήσονται
1203 2071 1486 2146 ὀφθαλμοὶ
1516 2078 1747 2147 τυφλῶν
1778 2075 1869 2130 καὶ
1891 2097 1932 2127 20

259 2148 371 2212 ῶτα
401 2160 609 2228 κωφῶν
648 2156 993 2215 ἀκούσονται.
1066 2157 1187 2215 τότε
1227 2156 1437 2214 ἁλεῖται
1479 2156 1552 2223 ῶς
1599 2163 1800 2230 ἔλαφος
1839 2154 1868 2214 ὃ

258 2237 459 2312 χωλὸς,
502 2242 593 2295 καὶ
623 2243 795 2311 τρανὴ
827 2247 978 2297 ἔσται
1008 2247 1232 2312 γλῶσσα
1272 2240 1612 2313 μογιλαλων,
1657 2265 1746 2298 οτε
1780 2245 1869 2315 ε’ρ-

258 2323 398 2396 ράγη
433 2327 492 2380 ἐν
530 2329 597 2398 τῇ
643 2323 824 2400 ἐρήμω
865 2323 1020 2396 υδωρ
1062 2327 1154 2380 καὶ
1183 2323 1399 2398 φαραγξ
1433 2328 1491 2381 ἐν
1521 2327 1592 2423 γῇ
1624 2323 1868 2397 διψωση

259 2410 350 2464 καὶ
394 2414 544 2465 ἔσται
583 2405 615 2479 ἡ
656 2406 897 2480 ανυδρος
940 2415 1016 2475 είς
1057 2412 1184 2480 ελη,
1225 2411 1315 2464 καὶ
1358 2414 1434 2473 εἰς
1473 2407 1573 2480 τὴν
1616 2413 1869 2475 διψῶσαν

258 2495 366 2564 γῆν
396 2491 542 2564 πηγὴ
571 2490 772 2558 ὕδατος
803 2499 968 2549 ἔσται
980 2489 1011 2510 ”
1891 2513 1932 2545 25

387 2581 435 2633 2.
480 2575 791 2634 Κάνταῦθα
825 2575 1132 2650 διαρρήδην
1162 2580 1301 2633 θεοῦ
1331 2574 1513 2649 ἄφιξις
1550 2581 1869 2644 θεσπίζεται

261 2659 526 2734 σωτήριος
577 2663 667 2718 καὶ
708 2664 929 2718 πολλῶν
969 2659 1202 2732 ἀγαθῶν
1251 2666 1423 2717 αἰτία·
1483 2674 1689 2732 κωφοῖς
1730 2662 1870 2731 γοῦν

263 2752 405 2807 ἰάσις
447 2747 536 2799 καὶ
579 2753 807 2816 τυφλοῖς
848 2736 1177 2818 ἀνάβλεψις,
1212 2747 1431 2817 προσέτι
1462 2768 1519 2800 τε
1551 2751 1746 2816 χωλοῖς
1778 2744 1868 2798 καὶ

379 2909 426 2945 11
462 2902 537 2945 Es.
562 2911 628 2958 35),
656 2911 691 2946 1.
