1992 3186
590 122 899 165 DEMONST.
930 122 1151 164 EVANG.
1182 122 1238 162 x.
1269 125 1308 164 3.
1629 122 1731 173 641

1698 237 1727 257 ’9

119 238 244 297 ἀντὶ
275 237 510 311 ἆγαθων
541 239 633 294 καὶ
673 251 832 311 μῖσος
866 235 991 295 ἀντὶ
1020 242 1116 310 τῆς
1146 234 1474 310 ἀγαπήσεως
1498 235 1690 310 αὐτοῦ,

119 321 212 382 ὅτε
252 321 470 396 πονηρὰ
513 324 848 380 διετέθειντο
887 319 984 379 τὸν
1027 325 1247 394 σωτῆρα
1298 323 1389 378 καὶ
1438 319 1733 397 εὐεργέτην

121 410 214 465 καὶ
257 405 622 479 διδάσκαλον,
666 413 867 480 μυρίας
907 403 1040 473 ὅσας
1081 405 1254 473 ἰάσεις
1293 401 1732 481 καὶ-θεραπείας

122 491 304 564 λόγων
332 516 391 549 τε
423 497 783 558 διδασκαλίας
815 493 907 547 καὶ
937 497 1202 557 παντοίας
1242 487 1512 563 ωφελείας
1543 488 1730 557 αὐτοῖς
1758 515 1780 547 d

77 603 98 634 5
123 579 554 650 παρεσχημένον.
630 581 710 633 13.
754 574 886 632 ἀνθ’
934 572 1056 669 ὠν
1061 571 1380 652 ”ἐπειδήπερ
1431 575 1570 632 κακὰ
1609 572 1733 634 ἀντὶ

120 658 353 733 ἆγαθῶν
385 667 579 718 ἔθεντο
611 656 733 717 κατ’
769 657 942 717 αὐτοῦ
980 650 1072 716 ’καὶ
1102 673 1260 732 μῖσος
1306 657 1430 717 αντὶ
1468 664 1564 733 τῆς
1595 657 1733 732 ἀγα-

121 743 339 817 πήσεως
363 742 569 817 αύτοῦ,’
574 742 836 811 ἐἰκότως
862 742 1145 816 ἐπιλέγει“
1154 742 1499 817 κατάστησον
1525 741 1614 802 ἐπ’
1635 743 1733 801 αύ-

119 828 216 887 τόν
246 825 590 903 ἁμαρτωλὸν,
623 831 716 886 καὶ
748 828 1004 901 διάβολος
1034 826 1211 901 στήτω
1236 831 1294 885 ἐκ
1325 832 1522 897 δεξιῶν
1546 825 1730 886 αὐτοῦ.

121 918 182 972 ἐν
212 917 290 991 τῷ
311 919 603 988 κρίνεσθαι
627 912 797 971 αὐτὸν
817 917 1028 981 ἐξέλθοι
1052 916 1607 986 καταδεδικασμένος,
1640 915 1733 970 καὶ

57 995 154 1071 ιοὴ
186 999 464 1071 προσευχὴ
496 997 668 1055 αὐτοῦ
698 997 990 1071 γενηθήτω
1023 1004 1101 1064 εἰς
1134 994 1423 1072 ἁμαρτίαν.
1486 997 1734 1070 γενηθή-

119 1100 305 1140 τωσαν
345 1088 407 1139 αἱ
458 1079 657 1156 ἡμέραι
699 1080 872 1140 αὐτοῦ
918 1080 1100 1154 ὀλίγαι
1149 1084 1242 1138 καὶ
1280 1080 1382 1154 τὴν
1426 1082 1733 1154 ἐπισκοπὴν

120 1166 293 1224 αὐτοῦ
324 1168 536 1239 λαβέτω
568 1163 806 1241 ἔτερος.”
851 1170 930 1223 14.
954 1163 989 1222 ὁὶ
1019 1168 1110 1223 καὶ
1136 1163 1276 1230 αὐτὰ
1304 1162 1504 1223 ὁποίαν
1535 1174 1732 1239 εἴληφε

118 1251 221 1324 τὴν
273 1258 502 1324 ἔκβασιν
554 1250 582 1309 ὁ
626 1252 773 1325 ἱερὸς
825 1248 1125 1317 ἀπόστολος
1173 1253 1386 1324 Πέτρος
1435 1250 1733 1323 προλαβών

124 1335 493 1409 διεσάφησεν,
527 1333 614 1393 ἐπ’
649 1333 817 1393 αὐτὸν
846 1334 943 1392 τὸν
973 1334 1253 1407 προδότην
1266 1334 1598 1409 ’ἐφαρμόσας
1629 1333 1731 1407 τὴν

59 1447 99 1479 15
121 1419 362 1495 γραφήν.
433 1422 526 1477 καὶ
569 1422 656 1477 σοὶ
694 1421 754 1477 δὲ
794 1418 942 1496 αὐτῷ
985 1418 1215 1493 πάρεστι
1232 1422 1530 1520 συνορᾶν,
1574 1426 1625 1476 εἰ
1660 1420 1734 1493 μὴ

120 1507 456 1562 καθέσταται
488 1507 577 1562 ἐπὶ
616 1504 676 1562 τὸ
703 1502 988 1562 Ἰουδαίων
1030 1511 1194 1570 ἔθνος
1226 1501 1412 1576 ἅρχων
1443 1506 1535 1560 καὶ
1565 1502 1736 1576 ἡγού-

120 1613 283 1673 μενος
312 1585 650 1662 αμαρτωλός,
683 1582 726 1665 ᾦ
749 1589 885 1662 μετὰ
907 1612 972 1644 τα
1002 1589 1349 1695 τολμηθέντα
1378 1584 1566 1654 αὐτοῖς
1597 1612 1733 1645 κατα

119 1677 220 1731 τοῦ
266 1678 510 1748 σωτῆρος
551 1670 708 1747 ἡμῶν
747 1671 1176 1746 παρεδόθησαν,
1230 1671 1354 1729 ἀντὶ
1403 1697 1515 1729 των
1565 1670 1735 1729 παλαι

120 1765 344 1815 οἰκείων
367 1760 460 1815 καὶ
482 1763 770 1830 θεοφιλῶν
791 1755 1078 1831 ἀρχόντων
1099 1753 1432 1829 ἀλλοφύλοις
1457 1758 1548 1813 καὶ
1575 1762 1731 1814 είδω-
1755 1781 1845 1823 (477)

57 1866 98 1899 20
122 1841 410 1916 λολάτραις
444 1841 734 1900 δουλεύειν
763 1844 1287 1914 κατηναγκασμένοι.
1333 1845 1412 1899 15.
1446 1847 1527 1908 τίς
1553 1839 1603 1897 δ’
1629 1840 1735 1910 ,οὐκ

124 1922 195 1983 ἂν
225 1925 535 2000 θαυμάσειε
551 1930 646 1999 τῆς
669 1925 1025 2000 προρρήσεως
1042 1923 1101 1982 τὸ
1118 1924 1490 1998 ἀποτέλεσμα;
1523 1924 1734 1998 φήσαν-

122 2034 212 2077 τος
253 2008 358 2083 γὰρ
399 2015 497 2068 τοῦ
538 2010 708 2083 λόγου
741 2006 1182 2083 “γενηθήτωσαν
1225 2016 1286 2066 αἱ
1323 2008 1518 2083 ἡμέραι
1560 2008 1734 2067 αὐτοῦ

122 2091 342 2167 ὀλίγαι”
379 2095 553 2168 σαφὲς
595 2093 744 2162 ὅπως
766 2093 975 2169 βραχὺς
995 2093 1024 2152 ὁ
1049 2098 1154 2192 πᾶς
1180 2097 1455 2166 διεγένετο
1476 2094 1611 2168 μετὰ
1634 2092 1736 2166 τὴν

123 2203 259 2236 κατα
275 2203 373 2236 του
391 2183 633 2254 σωτῆρος
653 2179 812 2253 ἡμων
839 2173 1142 2281 ἐπιβουλὴν
1162 2176 1348 2236 αὐτων
1371 2178 1584 2253 χρόνος,
1600 2177 1728 2236 καθ’

57 2286 100 2320 25
123 2288 189 2322 ον
219 2267 415 2331 ἔδοξαν
447 2268 747 2337 διαμένειν,
778 2261 910 2336 μεθ’
943 2262 1010 2321 ὃν
1039 2262 1142 2335 τὴν
1156 2260 1401 2335 ὑστατην
1430 2260 1736 2335 υπέμειναν

123 2355 449 2422 πολιορκίαν
487 2352 579 2405 καὶ
620 2348 723 2421 τὴν
762 2351 1007 2418 παντελῆ
1046 2353 1407 2420 καθαίρεσιν,
1455 2345 1541 2418 ἐφ’
1577 2347 1611 2419 ᾑ
1644 2348 1735 2402 καὶ

123 2430 224 2502 τὴν
256 2431 560 2504 ἐπισκοπὴν
602 2431 788 2488 αὐτῶν
830 2438 1029 2502 ἔλαβεν
1060 2434 1268 2503 ε’τερος,
1309 2426 1337 2486 ὁ
1373 2427 1463 2486 δια
1493 2435 1734 2500 Χριστοῦ

125 2517 527 2589 συγκροτηθεὶς
557 2514 701 2581 λαός.
769 2519 847 2571 16.
881 2516 973 2571 καὶ
1002 2511 1068 2571 τὰ
1097 2512 1262 2571 λοιπα
1293 2514 1354 2570 δὲ
1384 2519 1482 2571 τοῦ
1503 2518 1735 2586 Ψαλμοῦ

127 2595 313 2666 αὐτοῖς
350 2597 562 2665 τούτοις
602 2596 952 2671 καταλλήλως
994 2596 1363 2670 νοήσεις·τά
1405 2599 1464 2654 δὲ
1509 2600 1629 2671 ἑξῆς
1661 2596 1733 2664 ὡς
1756 2623 1778 2656 b

64 2706 105 2739 30
130 2688 263 2756 περί
297 2707 468 2741 τινων
497 2688 638 2745 υἱῶν
676 2687 775 2741 τοῦ
801 2679 979 2740 Ἰούδα
1022 2681 1291 2755 λεγόμενα
1335 2686 1395 2740 ἐν
1433 2680 1544 2758 τῷ
1570 2705 1736 2754 γενη-

126 2766 395 2839 θήτωσαν
433 2792 485 2824 οι
524 2771 639 2825 υιοὶ
670 2764 844 2825 αὐτου
883 2764 1179 2842 ὀρφανοί,”
1213 2769 1305 2824 καὶ
1348 2792 1414 2824 τα
1443 2766 1736 2841 παραπλή-

127 2869 248 2923 σια,
290 2849 536 2924 αναγοιτ’
581 2877 652 2910 αν
696 2854 788 2909 καὶ
829 2850 914 2909 ἐπ’
961 2849 1131 2909 αὐτὸν
1169 2876 1271 2925 μεν
1309 2853 1736 2925 προηγουμένως

211 2958 438 2987 EUSEBIUS
456 2961 543 3005 ¹111.
1396 2945 1462 2995 41
