1992 3186
563 125 872 167 DEMONST.
904 124 1130 167 EVANG.
1151 123 1252 167 vn.
1286 127 1323 164 1.
1640 121 1746 175 455

132 268 277 315 εται,
322 248 418 299 ἐπί
457 247 516 298 τέ
544 247 612 315 τῇ
646 246 723 307 εἰς
754 237 1093 314 ἀνθρώπους
1124 235 1298 296 αὐτοῦ
1328 239 1547 312 γενέσει
1579 261 1745 313 πυρι-

131 326 402 392 καύστους
443 323 734 397 ἐθελήσειν
778 331 1010 382 ἔσεσθαι
1053 323 1182 390 τοὺς
1223 325 1312 381 ἐπὶ
1351 327 1418 398 τῇ
1464 319 1540 380 δι’
1574 321 1752 380 αὐτοῦ

130 414 402 485 γενομένῃ
435 415 679 485 σωτηρίᾳ
707 413 820 466 τῶν
853 411 1037 466 ἐθνῶν
1064 409 1604 483 διαφθονουμένους,
1637 415 1748 465 εἴτε

135 501 401 569 δαίμονας
431 492 707 567 πονηροὺς
740 503 848 551 εἴτε
878 495 970 549 καὶ
1000 489 1221 564 ἀσεβεῖς
1251 490 1478 567 ανδρας,
1509 494 1637 566 περὶ
1668 484 1749 549 ῶν

90 599 307 689 5φησιν
346 578 430 636 ὅτι
464 575 685 635 “πόισαν
731 575 933 650 στολὴν
979 579 1426 650 ἐπισυνηγμένην
1467 575 1613 653 ὃόλω
1655 578 1748 633 καὶ

135 662 351 738 ἷματιον
380 661 514 737 μετὰ
544 665 888 734 καταλλαγῆς
918 659 1260 719 ἀποτίσουσι.
1270 659 1302 680 ”
1367 666 1481 717 141.
1514 666 1662 727 τίνες
1686 660 1748 717 δε

133 746 240 820 ἄρα
269 740 412 821 ἦσαν
451 748 604 805 οὗτοι
644 743 678 818 ἢ
719 748 845 819 περὶ
886 737 965 803 ῶν
994 742 1238 817 αλλαχοῦ
1271 747 1324 813 ἐξ
1371 744 1543 803 αὐτοῦ
1574 763 1749 818 προσ-

135 831 291 890 ῶπου
343 838 440 890 τοῦ
481 834 724 904 σωτῆρος
763 829 922 903 ἡμῶν
975 839 1186 902 εἴρηται
1218 825 1641 903 “διεμερίσαντο
1682 828 1749 885 τὰ

114 915 322 989 -ίμοέτιοὶ
360 941 467 990 μου
500 918 718 981 ἑαυτοῖς
756 916 847 971 καὶ
881 915 970 970 ε’πὶ
1014 911 1112 971 τὸν
1154 912 1445 987 ἱματισμόν
1475 937 1583 987 μου
1615 919 1749 986 ἔβα-

70 1027 111 1061 ιο
135 1009 233 1059 λον
264 997 535 1075 κλῆρον;”
578 1004 637 1056 οἵ
669 1022 729 1056 τε
768 1001 864 1070 τῆς
906 996 1119 1055 τούτων
1147 1001 1364 1072 μέτοχοι
1396 1004 1747 1070 δυσσεβείας,

133 1092 190 1142 οἳ
216 1087 308 1142 καὶ
348 1083 684 1156 θελήσουσι,
724 1082 826 1155 τὴν
866 1086 1028 1155 σφῶν
1069 1079 1256 1139 αὐτῶν
1297 1088 1483 1156 κρίσιν
1512 1081 1748 1155 ὕστερόν

133 1190 266 1226 ποτε
295 1167 588 1242 ὀψόμενοι,
621 1173 672 1225 εἰ
700 1165 806 1240 πρὸ
836 1171 932 1239 τῆς
962 1165 1221 1238 ἀσεβείας
1252 1165 1441 1224 αὐτῶν
1473 1164 1748 1239 ἐγεγόνει-

134 1271 240 1310 σαν
281 1260 676 1356 πυρίκαυστοι,
729 1253 864 1326 πρὶν
903 1248 936 1324 ἢ
985 1249 1083 1309 τὸν
1121 1255 1216 1324 τῆς
1255 1250 1496 1325 μεγαλης
1540 1255 1749 1323 βουλῆς

134 1337 369 1409 αγγελον
418 1335 554 1411 πρὸς
603 1336 790 1394 αὐτῶν
839 1334 1206 1408 ἆσεβηθῆναι.
1283 1340 1399 1393 142.
1433 1337 1525 1393 καὶ
1567 1334 1638 1393 σύ
1687 1335 1749 1392 δε

73 1445 113 1478 ι5
136 1419 284 1493 παρα
326 1424 511 1497 σαυτῷ
547 1423 746 1489 σκέψαι
788 1426 839 1477 εἰ
874 1421 948 1493 μὴ
988 1417 1318 1493 ὑπερβαίνει
1348 1426 1535 1478 πᾶσαν
1573 1419 1750 1493 φύσιν

135 1503 458 1578 ἀνθρώπων
487 1504 547 1562 τὸ
576 1504 651 1578 μὴ
682 1507 834 1571 τέλος
877 1510 1023 1577 ἔχειν
1051 1502 1154 1576 τὴν
1186 1503 1416 1578 εἰρήνην
1455 1504 1629 1562 αὐτοῦ
1659 1506 1751 1561 λέ-

135 1600 338 1661 γεσθαι
368 1592 459 1646 καὶ
489 1587 550 1646 τὸ
580 1591 789 1663 πατέρα
818 1586 1189 1662 ὀνομάζεσθαι
1219 1594 1436 1655 αἰῶνος.
1492 1590 1584 1645 καὶ
1615 1585 1750 1644 αὐτὸ

139 1674 199 1730 δὲ
229 1673 288 1730 τὸ
320 1681 608 1733 καλεῖσθαι
640 1670 809 1731 αὐτὸν
838 1671 940 1746 οὐχ
970 1671 1158 1738 ἁπλῶς
1189 1671 1452 1745 ἄγγελον,
1485 1670 1625 1730 ἄλλα
1655 1674 1751 1744 τῆς

135 1757 374 1830 μεγάλης
404 1761 610 1830 βουλῆς
641 1755 879 1829 ἄγγελον
921 1759 1011 1813 καὶ
1043 1757 1182 1814 θεὸν
1213 1756 1471 1830 ἰσχυρὸν,
1514 1759 1606 1814 καὶ
1646 1755 1750 1814 ὅσα

70 1865 113 1899 20
135 1839 346 1907 τούτοις
377 1847 840 1914 συγκατείλεκται.
882 1847 962 1898 ἔτι
995 1843 1059 1898 δέ
1077 1863 1216 1914 φησι
1240 1839 1314 1898 δι’
1352 1838 1526 1898 αὐτοῦ
1558 1865 1748 1914 κατορ-

135 1924 509 1997 θωθήσεσθαι
548 1924 651 1998 τὴν
694 1930 792 1983 τοῦ
823 1928 1012 1998 Δαβὶδ
1050 1931 1370 1998 βασιλείαν,
1411 1921 1442 1982 ὃ
1481 1927 1572 1982 καὶ
1616 1923 1750 1982 αὐτὸ

136 2012 334 2067 τοῦτον
378 2008 597 2082 νοήσεις
642 2009 738 2067 τὸν
768 2008 989 2083 τρόπον.
1069 2014 1184 2067 143.
1218 2017 1471 2067 πλεῖσται
1514 2008 1640 2067 ὅσαι
1674 2012 1752 2085 τῷ

138 2095 328 2165 Δαβὶδ
372 2093 669 2166 γεγόνασιν
714 2096 1062 2167 ἐπαγγελίαι,
1123 2096 1182 2151 ἐν
1227 2091 1315 2160 αἶς
1361 2093 1629 2167 εἴρηται
1635 2092 1750 2151 ‘mxl

137 2176 383 2251 θήσομαι
417 2180 477 2235 ἐν
506 2177 764 2250 θαλασσῃ
807 2191 963 2251 χεῖρα
1009 2175 1212 2249 αὐτοῦ,
1259 2180 1352 2235 καὶ
1394 2182 1456 2236 ἐν
1485 2192 1750 2252 ποταμοῖς

74 2284 117 2317 25
141 2261 326 2330 δεξιὰν
357 2259 554 2320 αὐτοῦ
610 2259 774 2329 αὐτὸς
806 2265 1189 2320 ἐπικαλέσεταί
1212 2286 1309 2335 με,
1354 2261 1533 2334 πατήρ
1564 2287 1672 2336 μου
1705 2263 1757 2320 εἴ

140 2345 229 2416 σύ,
261 2345 391 2412 θεός
414 2370 522 2419 μου
546 2349 637 2403 καὶ
660 2343 1009 2420 ἄντιλήπτωρ
1033 2354 1129 2419 τῆς
1152 2353 1425 2420 σωτηρίας
1449 2371 1575 2420 μου,
1601 2345 1752 2418 κᾶγῶ

141 2428 490 2500 πρωτότοκον
517 2430 762 2503 θήσομαι
792 2428 991 2503 αὐτὸν,
1021 2427 1239 2502 ὑψηλὸν
1268 2428 1418 2504 παρὰ
1446 2445 1559 2497 τοῖς
1590 2437 1753 2502 βασι-

144 2516 300 2568 λεῦσι
329 2517 425 2584 τῆς
455 2517 577 2593 γῇς·
627 2521 705 2580 εἰς
735 2512 831 2572 τὸν
861 2520 1038 2571 αἰῶνα
1068 2512 1295 2587 φυλάξω
1327 2511 1477 2589 αὐτῷ
1507 2511 1568 2570 τὸ
1601 2513 1751 2580 ἔλεός

143 2619 269 2667 μου,
301 2599 393 2652 καὶ
422 2595 718 2671 ἡδιαθήκη
740 2622 847 2666 μου
878 2597 1042 2669 πιστὴ
1075 2594 1254 2673 αὐτῷ,
1286 2599 1377 2654 καὶ
1401 2596 1645 2670 θήσομαι
1671 2604 1751 2664 εἰς

77 2699 122 2732 30
145 2676 241 2736 τὸν
270 2682 446 2736 αἰῶνα
474 2684 575 2738 τοῦ
604 2685 805 2750 αἰῶνος
833 2681 894 2739 τὸ
924 2684 1141 2755 σπέρμα
1170 2678 1341 2738 αὐτοῦ
1371 2683 1464 2738 καὶ
1493 2679 1589 2739 τὸν
1611 2681 1751 2756 θρό-

258 2873 283 2912 8
314 2872 389 2912 Ps.
410 2873 477 2922 22,
504 2871 570 2913 18.
742 2874 797 2913 24
827 2875 902 2914 ps.
923 2875 992 2925 89,
1014 2875 1083 2914 25.

1771 1110 1862 1151 (338)
