<?xml version="1.0" encoding="UTF-8"?>
<!DOCTYPE html PUBLIC "-//W3C//DTD XHTML 1.0 Transitional//EN"
    "http://www.w3.org/TR/xhtml1/DTD/xhtml1-transitional.dtd">
<html xmlns="http://www.w3.org/1999/xhtml" xml:lang="en" lang="en">
 <head>
  <title>
</title>
<meta http-equiv="Content-Type" content="text/html;charset=utf-8" />
  <meta name='ocr-system' content='tesseract 3.04.00' />
  <meta name='ocr-capabilities' content='ocr_page ocr_carea ocr_par ocr_line ocrx_word'/>
</head>
<body>
  <div class='ocr_page' id='page_1' title='image "./operaeusebius03euseuoft_0535.png"; bbox 0 0 1992 3186; ppageno 0'>
   <div class='ocr_carea' id='block_1_1' title="bbox 574 88 1747 141">
    <p class='ocr_par' dir='ltr' id='par_1_1' title="bbox 574 88 1747 141">
     <span class='ocr_line' id='line_1_1' title="bbox 574 88 1747 141; baseline 0.004 -13"><span class='ocrx_word' id='word_1_1' title='bbox 574 88 878 130; x_wconf 88' lang='lat' dir='ltr'><strong>DEMONST.</strong></span> <span class='ocrx_word' id='word_1_2' title='bbox 911 88 1132 133; x_wconf 85' lang='lat' dir='ltr'><strong>EVANG.</strong></span> <span class='ocrx_word' id='word_1_3' title='bbox 1167 89 1288 130; x_wconf 91' lang='lat' dir='ltr'>VIII.</span> <span class='ocrx_word' id='word_1_4' title='bbox 1319 91 1357 129; x_wconf 80' lang='lat'><strong><em>2.</em></strong></span> <span class='ocrx_word' id='word_1_5' title='bbox 1648 89 1747 141; x_wconf 75' lang='lat'><strong><em>511</em></strong></span> 
     </span>
    </p>
   </div>
   <div class='ocr_carea' id='block_1_2' title="bbox 68 200 1861 2624">
    <p class='ocr_par' dir='ltr' id='par_1_2' title="bbox 142 200 1753 531">
     <span class='ocr_line' id='line_1_2' title="bbox 143 200 1753 277; baseline 0 -15"><span class='ocrx_word' id='word_1_6' title='bbox 143 200 444 277; x_wconf 82' lang='grc' dir='ltr'><strong><em>ἡγούμενοι</em></strong></span> <span class='ocrx_word' id='word_1_7' title='bbox 485 207 586 261; x_wconf 80' lang='grc' dir='ltr'><strong><em>τοῦ</em></strong></span> <span class='ocrx_word' id='word_1_8' title='bbox 610 202 894 262; x_wconf 80' lang='grc' dir='ltr'><em>Ἰουδαίων</em></span> <span class='ocrx_word' id='word_1_9' title='bbox 925 208 1155 277; x_wconf 84' lang='grc' dir='ltr'><strong><em>ἒθνους,</em></strong></span> <span class='ocrx_word' id='word_1_10' title='bbox 1202 201 1543 276; x_wconf 69' lang='grc' dir='ltr'><strong><em>κατέστησαν</em></strong></span> <span class='ocrx_word' id='word_1_11' title='bbox 1572 229 1630 262; x_wconf 89' lang='grc' dir='ltr'><strong><em>τε</em></strong></span> <span class='ocrx_word' id='word_1_12' title='bbox 1663 208 1753 262; x_wconf 80' lang='grc' dir='ltr'><strong><em>ἐπὶ</em></strong></span> 
     </span>
     <span class='ocr_line' id='line_1_3' title="bbox 144 285 1748 362; baseline 0.001 -17"><span class='ocrx_word' id='word_1_13' title='bbox 144 291 387 361; x_wconf 82' lang='grc' dir='ltr'><em>κεφαλῆς</em></span> <span class='ocrx_word' id='word_1_14' title='bbox 418 286 604 346; x_wconf 84' lang='grc' dir='ltr'><strong><em>αὐτῶν</em></strong></span> <span class='ocrx_word' id='word_1_15' title='bbox 627 285 886 362; x_wconf 74' lang='grc' dir='ltr'><strong><em>ἄρχοντες</em></strong></span> <span class='ocrx_word' id='word_1_16' title='bbox 913 291 1115 360; x_wconf 90' lang='grc' dir='ltr'><strong><em>ἐθνῶν,</em></strong></span> <span class='ocrx_word' id='word_1_17' title='bbox 1150 294 1384 361; x_wconf 81' lang='grc' dir='ltr'><strong><em>ἔμπαλιν</em></strong></span> <span class='ocrx_word' id='word_1_18' title='bbox 1410 288 1469 344; x_wconf 75' lang='grc' dir='ltr'><strong><em>δὲ</em></strong></span> <span class='ocrx_word' id='word_1_19' title='bbox 1499 286 1565 345; x_wconf 70' lang='grc' dir='ltr'><strong><em>τοὶ</em></strong></span> <span class='ocrx_word' id='word_1_20' title='bbox 1590 294 1748 361; x_wconf 83' lang='grc' dir='ltr'><strong><em>ἔθνη,</em></strong></span> 
     </span>
     <span class='ocr_line' id='line_1_4' title="bbox 142 369 1749 446; baseline 0.001 -17"><span class='ocrx_word' id='word_1_21' title='bbox 142 370 238 430; x_wconf 81' lang='grc' dir='ltr'><strong><em>τὸν</em></strong></span> <span class='ocrx_word' id='word_1_22' title='bbox 268 370 508 446; x_wconf 84' lang='grc' dir='ltr'><strong><em>Χριστὸν</em></strong></span> <span class='ocrx_word' id='word_1_23' title='bbox 540 370 832 444; x_wconf 79' lang='grc' dir='ltr'><strong><em>ἐπιγνόντα</em></strong></span> <span class='ocrx_word' id='word_1_24' title='bbox 855 376 952 430; x_wconf 85' lang='grc' dir='ltr'><strong><em>τοῦ</em></strong></span> <span class='ocrx_word' id='word_1_25' title='bbox 975 376 1133 444; x_wconf 82' lang='grc' dir='ltr'><strong><em>θεοῦ,</em></strong></span> <span class='ocrx_word' id='word_1_26' title='bbox 1167 369 1337 429; x_wconf 81' lang='grc' dir='ltr'><strong><em>αὐτὸν</em></strong></span> <span class='ocrx_word' id='word_1_27' title='bbox 1369 371 1749 446; x_wconf 75' lang='grc' dir='ltr'><strong><em>ἐπεγράψαντο</em></strong></span> 
     </span>
     <span class='ocr_line' id='line_1_5' title="bbox 143 455 1750 531; baseline 0 -18"><span class='ocrx_word' id='word_1_28' title='bbox 143 459 364 531; x_wconf 85' lang='grc' dir='ltr'><strong><em>σωτῆρα</em></strong></span> <span class='ocrx_word' id='word_1_29' title='bbox 394 458 485 513; x_wconf 85' lang='grc' dir='ltr'><strong><em>καὶ</em></strong></span> <span class='ocrx_word' id='word_1_30' title='bbox 517 462 872 530; x_wconf 82' lang='grc' dir='ltr'><strong><em>προσδοκίαν.</em></strong></span> <span class='ocrx_word' id='word_1_31' title='bbox 939 460 1024 513; x_wconf 77' lang='grc'><strong><em>72,</em></strong></span> <span class='ocrx_word' id='word_1_32' title='bbox 1054 455 1188 529; x_wconf 76' lang='grc' dir='ltr'><strong><em>μετὰ</em></strong></span> <span class='ocrx_word' id='word_1_33' title='bbox 1220 457 1387 512; x_wconf 79' lang='grc' dir='ltr'><strong><em>ταῦτα</em></strong></span> <span class='ocrx_word' id='word_1_34' title='bbox 1419 455 1599 514; x_wconf 75' lang='grc' dir='ltr'><strong><em>πάντα</em></strong></span> <span class='ocrx_word' id='word_1_35' title='bbox 1633 459 1750 513; x_wconf 82' lang='grc' dir='ltr'><strong><em>ἐπι-</em></strong></span> 
     </span>
    </p>

    <p class='ocr_par' dir='ltr' id='par_1_3' title="bbox 98 538 1801 946">
     <span class='ocr_line' id='line_1_6' title="bbox 98 538 1748 614; baseline 0.001 -18"><span class='ocrx_word' id='word_1_36' title='bbox 98 569 118 602; x_wconf 85' lang='grc'>5</span> <span class='ocrx_word' id='word_1_37' title='bbox 142 542 357 613; x_wconf 89' lang='grc' dir='ltr'><strong><em>λέγεται</em></strong></span> <span class='ocrx_word' id='word_1_38' title='bbox 389 538 719 614; x_wconf 80' lang='grc' dir='ltr'><strong><em>“δεσμευ’ων</em></strong></span> <span class='ocrx_word' id='word_1_39' title='bbox 759 540 894 613; x_wconf 87' lang='grc' dir='ltr'><strong><em>πρὸς</em></strong></span> <span class='ocrx_word' id='word_1_40' title='bbox 935 538 1182 613; x_wconf 76' lang='grc' dir='ltr'><strong><em>ἄμπελον</em></strong></span> <span class='ocrx_word' id='word_1_41' title='bbox 1211 538 1308 596; x_wconf 81' lang='grc' dir='ltr'><strong><em>τὸν</em></strong></span> <span class='ocrx_word' id='word_1_42' title='bbox 1338 543 1525 597; x_wconf 83' lang='grc' dir='ltr'><strong><em>πῶλον</em></strong></span> <span class='ocrx_word' id='word_1_43' title='bbox 1556 539 1748 613; x_wconf 78' lang='grc' dir='ltr'><strong><em>αὑτοῦ,</em></strong></span> 
     </span>
     <span class='ocr_line' id='line_1_7' title="bbox 140 620 1750 699; baseline 0.001 -18"><span class='ocrx_word' id='word_1_44' title='bbox 140 627 232 681; x_wconf 82' lang='grc' dir='ltr'><strong><em>καὶ</em></strong></span> <span class='ocrx_word' id='word_1_45' title='bbox 261 627 330 699; x_wconf 80' lang='grc' dir='ltr'><strong><em>τῇ</em></strong></span> <span class='ocrx_word' id='word_1_46' title='bbox 357 622 504 697; x_wconf 76' lang='grc' dir='ltr'><strong><em>ἤλικι</em></strong></span> <span class='ocrx_word' id='word_1_47' title='bbox 534 622 594 681; x_wconf 80' lang='grc' dir='ltr'><strong><em>τὸ</em></strong></span> <span class='ocrx_word' id='word_1_48' title='bbox 625 622 926 696; x_wconf 79' lang='grc' dir='ltr'><strong><em>ὑποζύγιον</em></strong></span> <span class='ocrx_word' id='word_1_49' title='bbox 955 628 1049 696; x_wconf 82' lang='grc' dir='ltr'><strong><em>τῆς</em></strong></span> <span class='ocrx_word' id='word_1_50' title='bbox 1080 621 1213 681; x_wconf 78' lang='grc' dir='ltr'><strong><em>ὄνου</em></strong></span> <span class='ocrx_word' id='word_1_51' title='bbox 1238 620 1428 696; x_wconf 77' lang='grc' dir='ltr'><strong><em>αὐτοῦ,</em></strong></span> <span class='ocrx_word' id='word_1_52' title='bbox 1460 632 1660 681; x_wconf 81' lang='grc' dir='ltr'><strong><em>πλυνεῖ</em></strong></span> <span class='ocrx_word' id='word_1_53' title='bbox 1691 629 1750 682; x_wconf 91' lang='grc' dir='ltr'><strong><em>ἐν</em></strong></span> 
     </span>
     <span class='ocr_line' id='line_1_8' title="bbox 139 706 1749 785; baseline 0 -20"><span class='ocrx_word' id='word_1_54' title='bbox 139 718 273 785; x_wconf 75' lang='grc' dir='ltr'><strong><em>οἴνῳ</em></strong></span> <span class='ocrx_word' id='word_1_55' title='bbox 303 707 406 780; x_wconf 86' lang='grc' dir='ltr'><strong><em>τὴν</em></strong></span> <span class='ocrx_word' id='word_1_56' title='bbox 436 706 637 780; x_wconf 84' lang='grc' dir='ltr'><strong><em>στολὴν</em></strong></span> <span class='ocrx_word' id='word_1_57' title='bbox 669 706 868 780; x_wconf 80' lang='grc' dir='ltr'><strong><em>αὐτοῦ,</em></strong></span> <span class='ocrx_word' id='word_1_58' title='bbox 901 710 992 764; x_wconf 84' lang='grc' dir='ltr'><strong><em>καὶ</em></strong></span> <span class='ocrx_word' id='word_1_59' title='bbox 1025 711 1084 764; x_wconf 89' lang='grc' dir='ltr'><strong><em>ἐν</em></strong></span> <span class='ocrx_word' id='word_1_60' title='bbox 1118 711 1304 780; x_wconf 79' lang='grc' dir='ltr'><strong><em>αἵματι</em></strong></span> <span class='ocrx_word' id='word_1_61' title='bbox 1336 714 1617 780; x_wconf 79' lang='grc' dir='ltr'><strong><em>σταφυλῆς</em></strong></span> <span class='ocrx_word' id='word_1_62' title='bbox 1647 707 1749 781; x_wconf 85' lang='grc' dir='ltr'><strong><em>τὴν</em></strong></span> 
     </span>
     <span class='ocr_line' id='line_1_9' title="bbox 137 788 1801 865; baseline 0.001 -16"><span class='ocrx_word' id='word_1_63' title='bbox 137 790 439 865; x_wconf 85' lang='grc' dir='ltr'><strong><em>περιβολὴν</em></strong></span> <span class='ocrx_word' id='word_1_64' title='bbox 470 791 655 849; x_wconf 83' lang='grc' dir='ltr'><strong><em>αὑτοῦ.</em></strong></span> <span class='ocrx_word' id='word_1_65' title='bbox 726 793 1008 865; x_wconf 82' lang='grc' dir='ltr'><strong><em>χαροποιοὶ</em></strong></span> <span class='ocrx_word' id='word_1_66' title='bbox 1042 797 1099 848; x_wconf 75' lang='grc' dir='ltr'><strong><em>οἱ</em></strong></span> <span class='ocrx_word' id='word_1_67' title='bbox 1122 788 1404 863; x_wconf 82' lang='grc' dir='ltr'><strong><em>ὀφθαλμοὶ</em></strong></span> <span class='ocrx_word' id='word_1_68' title='bbox 1437 790 1609 848; x_wconf 78' lang='grc' dir='ltr'><strong><em>αὐτοῦ</em></strong></span> <span class='ocrx_word' id='word_1_69' title='bbox 1638 790 1744 849; x_wconf 79' lang='grc' dir='ltr'><strong><em>ἀπὸ</em></strong></span> <span class='ocrx_word' id='word_1_70' title='bbox 1782 828 1801 850; x_wconf 76' lang='lat'>0</span> 
     </span>
     <span class='ocr_line' id='line_1_10' title="bbox 138 870 1471 946; baseline -0.001 -13"><span class='ocrx_word' id='word_1_71' title='bbox 138 886 296 934; x_wconf 75' lang='grc' dir='ltr'><strong><em>οἴνου</em></strong></span> <span class='ocrx_word' id='word_1_72' title='bbox 327 878 418 932; x_wconf 83' lang='grc' dir='ltr'><strong><em>καὶ</em></strong></span> <span class='ocrx_word' id='word_1_73' title='bbox 450 878 637 933; x_wconf 84' lang='grc' dir='ltr'><strong><em>λευκοὶ</em></strong></span> <span class='ocrx_word' id='word_1_74' title='bbox 669 880 724 933; x_wconf 82' lang='grc' dir='ltr'><strong><em>οἱ</em></strong></span> <span class='ocrx_word' id='word_1_75' title='bbox 750 874 974 942; x_wconf 80' lang='grc' dir='ltr'><strong><em>ὀδόντες</em></strong></span> <span class='ocrx_word' id='word_1_76' title='bbox 1007 872 1177 932; x_wconf 81' lang='grc' dir='ltr'><strong><em>αὐτοῦ</em></strong></span> <span class='ocrx_word' id='word_1_77' title='bbox 1208 870 1244 946; x_wconf 73' lang='grc' dir='ltr'><em>ἢ</em></span> <span class='ocrx_word' id='word_1_78' title='bbox 1275 873 1471 946; x_wconf 77' lang='grc' dir='ltr'><strong><em>γάλα.”</em></strong></span> 
     </span>
    </p>

    <p class='ocr_par' dir='ltr' id='par_1_4' title="bbox 75 957 1861 1370">
     <span class='ocr_line' id='line_1_11' title="bbox 75 957 1748 1033; baseline 0.001 -18"><span class='ocrx_word' id='word_1_79' title='bbox 75 991 116 1023; x_wconf 84' lang='lat'><strong><em>10</em></strong></span> <span class='ocrx_word' id='word_1_80' title='bbox 270 964 349 1017; x_wconf 75' lang='lat'><strong><em>73.</em></strong></span> <span class='ocrx_word' id='word_1_81' title='bbox 394 966 757 1017; x_wconf 88' lang='grc' dir='ltr'><strong><em>Αἰνίττεσθαι</em></strong></span> <span class='ocrx_word' id='word_1_82' title='bbox 790 960 852 1015; x_wconf 76' lang='grc' dir='ltr'><strong><em>δὲ</em></strong></span> <span class='ocrx_word' id='word_1_83' title='bbox 882 957 1121 1032; x_wconf 81' lang='grc' dir='ltr'><strong><em>ἡγοῦμαι</em></strong></span> <span class='ocrx_word' id='word_1_84' title='bbox 1156 957 1247 1014; x_wconf 75' lang='grc' dir='ltr'><strong><em>διὰ</em></strong></span> <span class='ocrx_word' id='word_1_85' title='bbox 1279 957 1490 1017; x_wconf 79' lang='grc' dir='ltr'><strong><em>τούτων</em></strong></span> <span class='ocrx_word' id='word_1_86' title='bbox 1520 957 1616 1016; x_wconf 84' lang='grc' dir='ltr'><strong><em>τὸν</em></strong></span> <span class='ocrx_word' id='word_1_87' title='bbox 1646 961 1748 1033; x_wconf 76' lang='grc' dir='ltr'><strong><em>μὲν</em></strong></span> 
     </span>
     <span class='ocr_line' id='line_1_12' title="bbox 136 1040 1749 1144; baseline 0 -44"><span class='ocrx_word' id='word_1_88' title='bbox 136 1047 325 1102; x_wconf 91' lang='grc' dir='ltr'><strong><em>πῶλον</em></strong></span> <span class='ocrx_word' id='word_1_89' title='bbox 365 1041 533 1101; x_wconf 79' lang='grc' dir='ltr'><strong><em>αὐτὸν</em></strong></span> <span class='ocrx_word' id='word_1_90' title='bbox 575 1042 670 1100; x_wconf 81' lang='grc' dir='ltr'><strong><em>τὸν</em></strong></span> <span class='ocrx_word' id='word_1_91' title='bbox 710 1048 823 1100; x_wconf 91' lang='grc' dir='ltr'><strong><em>τῶν</em></strong></span> <span class='ocrx_word' id='word_1_92' title='bbox 862 1040 1186 1100; x_wconf 76' lang='grc' dir='ltr'><strong><em>ἀποστόλων</em></strong></span> <span class='ocrx_word' id='word_1_93' title='bbox 1228 1045 1321 1099; x_wconf 80' lang='grc' dir='ltr'><strong><em>καὶ</em></strong></span> <span class='ocrx_word' id='word_1_94' title='bbox 1351 1048 1622 1144; x_wconf 85' lang='grc' dir='ltr'><strong><em>μαθητῶν</em></strong></span> <span class='ocrx_word' id='word_1_95' title='bbox 1652 1050 1749 1100; x_wconf 83' lang='grc' dir='ltr'><strong><em>τοῦ</em></strong></span> 
     </span>
     <span class='ocr_line' id='line_1_13' title="bbox 137 1119 1761 1201; baseline 0.001 -17"><span class='ocrx_word' id='word_1_96' title='bbox 137 1131 381 1201; x_wconf 84' lang='grc' dir='ltr'><strong><em>σωτῆρος</em></strong></span> <span class='ocrx_word' id='word_1_97' title='bbox 411 1123 568 1201; x_wconf 82' lang='grc' dir='ltr'><strong><em>ἡμῶν</em></strong></span> <span class='ocrx_word' id='word_1_98' title='bbox 599 1125 782 1201; x_wconf 84' lang='grc' dir='ltr'><strong><em>χορὸν,</em></strong></span> <span class='ocrx_word' id='word_1_99' title='bbox 814 1125 916 1199; x_wconf 81' lang='grc' dir='ltr'><strong><em>τὴν</em></strong></span> <span class='ocrx_word' id='word_1_100' title='bbox 943 1127 1003 1184; x_wconf 89' lang='grc' dir='ltr'><strong><em>δε</em></strong></span> <span class='ocrx_word' id='word_1_101' title='bbox 1027 1125 1273 1200; x_wconf 88' lang='grc' dir='ltr'><strong><em>αμπελον</em></strong></span> <span class='ocrx_word' id='word_1_102' title='bbox 1305 1130 1366 1183; x_wconf 90' lang='grc' dir='ltr'><strong><em>ἐν</em></strong></span> <span class='ocrx_word' id='word_1_103' title='bbox 1389 1119 1425 1200; x_wconf 81' lang='grc' dir='ltr'><em>ᾗ</em></span> <span class='ocrx_word' id='word_1_104' title='bbox 1441 1126 1537 1183; x_wconf 87' lang='grc' dir='ltr'><strong><em>τὸν</em></strong></span> <span class='ocrx_word' id='word_1_105' title='bbox 1561 1126 1761 1185; x_wconf 87' lang='grc' dir='ltr'><strong><em>πῶλον</em></strong></span> 
     </span>
     <span class='ocr_line' id='line_1_14' title="bbox 134 1208 1861 1286; baseline 0 -19"><span class='ocrx_word' id='word_1_106' title='bbox 134 1215 443 1285; x_wconf 80' lang='grc' dir='ltr'><strong><em>προσέδησε</em></strong></span> <span class='ocrx_word' id='word_1_107' title='bbox 487 1211 590 1283; x_wconf 85' lang='grc' dir='ltr'><strong><em>τὴν</em></strong></span> <span class='ocrx_word' id='word_1_108' title='bbox 630 1217 831 1269; x_wconf 84' lang='grc' dir='ltr'><strong><em>ἔνθεον</em></strong></span> <span class='ocrx_word' id='word_1_109' title='bbox 872 1213 962 1268; x_wconf 83' lang='grc' dir='ltr'><strong><em>καὶ</em></strong></span> <span class='ocrx_word' id='word_1_110' title='bbox 1002 1208 1239 1286; x_wconf 89' lang='grc' dir='ltr'><strong><em>αόρατον</em></strong></span> <span class='ocrx_word' id='word_1_111' title='bbox 1280 1209 1452 1268; x_wconf 79' lang='grc' dir='ltr'><strong><em>αὐτοῦ</em></strong></span> <span class='ocrx_word' id='word_1_112' title='bbox 1488 1209 1744 1285; x_wconf 81' lang='grc' dir='ltr'><strong><em>δύναμιν,</em></strong></span> <span class='ocrx_word' id='word_1_113' title='bbox 1770 1233 1861 1276; x_wconf 77' lang='lat'>[2361</span> 
     </span>
     <span class='ocr_line' id='line_1_15' title="bbox 135 1291 1749 1370; baseline -0.001 -17"><span class='ocrx_word' id='word_1_114' title='bbox 135 1291 206 1368; x_wconf 78' lang='grc' dir='ltr'><strong><em>ἢν</em></strong></span> <span class='ocrx_word' id='word_1_115' title='bbox 236 1293 401 1362; x_wconf 86' lang='grc' dir='ltr'><strong><em>αυτὸς</em></strong></span> <span class='ocrx_word' id='word_1_116' title='bbox 443 1316 709 1370; x_wconf 88' lang='grc' dir='ltr'><strong><em>παριστας</em></strong></span> <span class='ocrx_word' id='word_1_117' title='bbox 752 1299 1010 1352; x_wconf 86' lang='grc' dir='ltr'><strong><em>ἐδίδασκε</em></strong></span> <span class='ocrx_word' id='word_1_118' title='bbox 1049 1291 1263 1368; x_wconf 60' lang='grc' dir='ltr'><strong><em>λέγων“</em></strong></span> <span class='ocrx_word' id='word_1_119' title='bbox 1268 1291 1399 1367; x_wconf 62' lang='grc' dir='ltr'><strong><em>’ἐγώ</em></strong></span> <span class='ocrx_word' id='word_1_120' title='bbox 1430 1301 1540 1368; x_wconf 83' lang='grc' dir='ltr'><strong><em>εἰμι</em></strong></span> <span class='ocrx_word' id='word_1_121' title='bbox 1577 1294 1609 1367; x_wconf 70' lang='grc' dir='ltr'><em>ἡ</em></span> <span class='ocrx_word' id='word_1_122' title='bbox 1643 1321 1749 1369; x_wconf 88' lang='grc' dir='ltr'><strong><em>αμ-</em></strong></span> 
     </span>
    </p>

    <p class='ocr_par' dir='ltr' id='par_1_5' title="bbox 70 1375 1747 1780">
     <span class='ocr_line' id='line_1_16' title="bbox 70 1375 1725 1453; baseline 0 -17"><span class='ocrx_word' id='word_1_123' title='bbox 70 1411 111 1443; x_wconf 82' lang='lat'><strong><em>15</em></strong></span> <span class='ocrx_word' id='word_1_124' title='bbox 136 1387 299 1445; x_wconf 86' lang='grc' dir='ltr'><strong><em>πελος</em></strong></span> <span class='ocrx_word' id='word_1_125' title='bbox 343 1376 376 1452; x_wconf 76' lang='grc' dir='ltr'>ἡ</span> <span class='ocrx_word' id='word_1_126' title='bbox 417 1376 687 1452; x_wconf 72' lang='grc' dir='ltr'><strong><em>ἀληθινὴ,</em></strong></span> <span class='ocrx_word' id='word_1_127' title='bbox 740 1375 767 1435; x_wconf 83' lang='grc' dir='ltr'>ὁ</span> <span class='ocrx_word' id='word_1_128' title='bbox 821 1378 998 1451; x_wconf 87' lang='grc' dir='ltr'><strong><em>πατήρ</em></strong></span> <span class='ocrx_word' id='word_1_129' title='bbox 1037 1403 1145 1452; x_wconf 92' lang='grc' dir='ltr'><strong><em>μου</em></strong></span> <span class='ocrx_word' id='word_1_130' title='bbox 1186 1378 1214 1435; x_wconf 85' lang='grc' dir='ltr'>ὁ</span> <span class='ocrx_word' id='word_1_131' title='bbox 1255 1378 1497 1453; x_wconf 85' lang='grc' dir='ltr'><strong><em>γεωργός</em></strong></span> <span class='ocrx_word' id='word_1_132' title='bbox 1540 1378 1725 1437; x_wconf 41' lang='grc' dir='ltr'><strong><em>ἐστιν)</em></strong></span> 
     </span>
     <span class='ocr_line' id='line_1_17' title="bbox 134 1459 1748 1537; baseline 0 -17"><span class='ocrx_word' id='word_1_133' title='bbox 134 1466 245 1532; x_wconf 79' lang='grc' dir='ltr'><strong><em>ε’λιξ</em></strong></span> <span class='ocrx_word' id='word_1_134' title='bbox 288 1463 349 1520; x_wconf 93' lang='grc' dir='ltr'><strong><em>δε</em></strong></span> <span class='ocrx_word' id='word_1_135' title='bbox 389 1468 483 1537; x_wconf 84' lang='grc' dir='ltr'><strong><em>τῆς</em></strong></span> <span class='ocrx_word' id='word_1_136' title='bbox 523 1463 771 1537; x_wconf 80' lang='grc' dir='ltr'><strong><em>ἀμπέλου</em></strong></span> <span class='ocrx_word' id='word_1_137' title='bbox 812 1466 908 1535; x_wconf 82' lang='grc' dir='ltr'><strong><em>τῆς</em></strong></span> <span class='ocrx_word' id='word_1_138' title='bbox 939 1460 1313 1535; x_wconf 80' lang='grc' dir='ltr'><strong><em>ἀποδοθείσης</em></strong></span> <span class='ocrx_word' id='word_1_139' title='bbox 1357 1472 1441 1536; x_wconf 80' lang='grc' dir='ltr'><strong><em>εἴη</em></strong></span> <span class='ocrx_word' id='word_1_140' title='bbox 1487 1488 1556 1521; x_wconf 90' lang='grc' dir='ltr'><strong><em>αν</em></strong></span> <span class='ocrx_word' id='word_1_141' title='bbox 1587 1459 1619 1536; x_wconf 81' lang='grc' dir='ltr'><strong><em>ἡ</em></strong></span> <span class='ocrx_word' id='word_1_142' title='bbox 1650 1466 1748 1520; x_wconf 78' lang='grc' dir='ltr'><strong><em>τοῦ</em></strong></span> 
     </span>
     <span class='ocr_line' id='line_1_18' title="bbox 133 1544 1746 1620; baseline 0 -16"><span class='ocrx_word' id='word_1_143' title='bbox 133 1553 274 1605; x_wconf 81' lang='grc' dir='ltr'><strong><em>θεοῦ</em></strong></span> <span class='ocrx_word' id='word_1_144' title='bbox 316 1545 482 1619; x_wconf 91' lang='grc' dir='ltr'><strong><em>λόγου</em></strong></span> <span class='ocrx_word' id='word_1_145' title='bbox 528 1552 886 1620; x_wconf 81' lang='grc' dir='ltr'><strong><em>διδασκαλία,</em></strong></span> <span class='ocrx_word' id='word_1_146' title='bbox 936 1549 995 1604; x_wconf 87' lang='grc' dir='ltr'><strong><em>ἐν</em></strong></span> <span class='ocrx_word' id='word_1_147' title='bbox 1035 1548 1070 1620; x_wconf 74' lang='grc' dir='ltr'><em>ᾖ</em></span> <span class='ocrx_word' id='word_1_148' title='bbox 1110 1545 1206 1603; x_wconf 86' lang='grc' dir='ltr'><strong><em>τὸν</em></strong></span> <span class='ocrx_word' id='word_1_149' title='bbox 1250 1550 1438 1604; x_wconf 88' lang='grc' dir='ltr'><strong><em>πῶλον</em></strong></span> <span class='ocrx_word' id='word_1_150' title='bbox 1477 1550 1572 1619; x_wconf 84' lang='grc' dir='ltr'><strong><em>τῆς</em></strong></span> <span class='ocrx_word' id='word_1_151' title='bbox 1612 1544 1746 1604; x_wconf 91' lang='grc' dir='ltr'><strong><em>όνου</em></strong></span> 
     </span>
     <span class='ocr_line' id='line_1_19' title="bbox 134 1629 1746 1703; baseline -0.001 -16"><span class='ocrx_word' id='word_1_152' title='bbox 134 1629 492 1703; x_wconf 80' lang='grc' dir='ltr'><strong><em>κατεδήσατο,</em></strong></span> <span class='ocrx_word' id='word_1_153' title='bbox 523 1629 620 1687; x_wconf 85' lang='grc' dir='ltr'><strong><em>τὸν</em></strong></span> <span class='ocrx_word' id='word_1_154' title='bbox 648 1633 779 1703; x_wconf 79' lang='grc' dir='ltr'><strong><em>νέον</em></strong></span> <span class='ocrx_word' id='word_1_155' title='bbox 811 1633 864 1698; x_wconf 84' lang='grc' dir='ltr'><strong><em>ἐξ</em></strong></span> <span class='ocrx_word' id='word_1_156' title='bbox 886 1634 1070 1688; x_wconf 84' lang='grc' dir='ltr'><strong><em>ἐθνῶν</em></strong></span> <span class='ocrx_word' id='word_1_157' title='bbox 1093 1629 1246 1703; x_wconf 87' lang='grc' dir='ltr'><strong><em>λαὸν,</em></strong></span> <span class='ocrx_word' id='word_1_158' title='bbox 1279 1635 1525 1703; x_wconf 85' lang='grc' dir='ltr'><strong><em>γέννημα</em></strong></span> <span class='ocrx_word' id='word_1_159' title='bbox 1548 1654 1746 1703; x_wconf 88' lang='grc' dir='ltr'><strong><em>τυγχα-</em></strong></span> 
     </span>
     <span class='ocr_line' id='line_1_20' title="bbox 132 1698 1744 1780; baseline -0.001 -9"><span class='ocrx_word' id='word_1_160' title='bbox 132 1739 303 1772; x_wconf 88' lang='grc' dir='ltr'><strong><em>νοντα</em></strong></span> <span class='ocrx_word' id='word_1_161' title='bbox 333 1718 444 1771; x_wconf 86' lang='grc' dir='ltr'><strong><em>τῶν</em></strong></span> <span class='ocrx_word' id='word_1_162' title='bbox 474 1698 797 1772; x_wconf 72' lang='grc' dir='ltr'><strong><em>ἀποστόλων</em></strong></span> <span class='ocrx_word' id='word_1_163' title='bbox 828 1713 1017 1772; x_wconf 78' lang='grc' dir='ltr'><strong><em>αὐτοῦ.</em></strong></span> <span class='ocrx_word' id='word_1_164' title='bbox 1083 1719 1163 1771; x_wconf 76' lang='lat'><strong><em>74.</em></strong></span> <span class='ocrx_word' id='word_1_165' title='bbox 1199 1724 1342 1771; x_wconf 78' lang='grc' dir='ltr'><strong><em>εἴποι</em></strong></span> <span class='ocrx_word' id='word_1_166' title='bbox 1376 1712 1426 1769; x_wconf 85' lang='grc' dir='ltr'><strong><em>δ’</em></strong></span> <span class='ocrx_word' id='word_1_167' title='bbox 1463 1711 1533 1771; x_wconf 75' lang='grc' dir='ltr'><strong><em>ἄν</em></strong></span> <span class='ocrx_word' id='word_1_168' title='bbox 1549 1738 1628 1780; x_wconf 92' lang='grc' dir='ltr'><strong><em>τις</em></strong></span> <span class='ocrx_word' id='word_1_169' title='bbox 1654 1716 1744 1770; x_wconf 77' lang='grc' dir='ltr'><strong><em>καὶ</em></strong></span> 
     </span>
    </p>

    <p class='ocr_par' dir='ltr' id='par_1_6' title="bbox 70 1796 1796 2209">
     <span class='ocr_line' id='line_1_21' title="bbox 70 1796 1796 1873; baseline 0.001 -18"><span class='ocrx_word' id='word_1_170' title='bbox 70 1830 112 1862; x_wconf 85' lang='lat'><strong><em>20</em></strong></span> <span class='ocrx_word' id='word_1_171' title='bbox 135 1796 270 1873; x_wconf 82' lang='grc' dir='ltr'><strong><em>πρὸς</em></strong></span> <span class='ocrx_word' id='word_1_172' title='bbox 301 1800 448 1866; x_wconf 81' lang='grc' dir='ltr'><strong><em>λέξιν</em></strong></span> <span class='ocrx_word' id='word_1_173' title='bbox 487 1802 662 1856; x_wconf 78' lang='grc' dir='ltr'><strong><em>ταῦτα</em></strong></span> <span class='ocrx_word' id='word_1_174' title='bbox 699 1800 890 1866; x_wconf 90' lang='grc' dir='ltr'><strong><em>τέλους</em></strong></span> <span class='ocrx_word' id='word_1_175' title='bbox 920 1801 1309 1871; x_wconf 84' lang='grc' dir='ltr'><strong><em>τετυχηκέναι,</em></strong></span> <span class='ocrx_word' id='word_1_176' title='bbox 1354 1796 1443 1854; x_wconf 80' lang='grc' dir='ltr'><strong><em>ὅτε</em></strong></span> <span class='ocrx_word' id='word_1_177' title='bbox 1484 1797 1620 1854; x_wconf 80' lang='grc' dir='ltr'><strong><em>κατὰ</em></strong></span> <span class='ocrx_word' id='word_1_178' title='bbox 1650 1796 1747 1856; x_wconf 82' lang='grc' dir='ltr'><strong><em>τὸν</em></strong></span> <span class='ocrx_word' id='word_1_179' title='bbox 1772 1823 1796 1856; x_wconf 85' lang='lat' dir='ltr'><strong>d</strong></span> 
     </span>
     <span class='ocr_line' id='line_1_22' title="bbox 134 1878 1744 1957; baseline -0.001 -18"><span class='ocrx_word' id='word_1_180' title='bbox 134 1891 438 1940; x_wconf 81' lang='grc' dir='ltr'><strong><em>Ματθαῖον</em></strong></span> <span class='ocrx_word' id='word_1_181' title='bbox 471 1882 628 1939; x_wconf 80' lang='grc' dir='ltr'><strong><em>εἶπεν</em></strong></span> <span class='ocrx_word' id='word_1_182' title='bbox 658 1881 685 1939; x_wconf 87' lang='grc' dir='ltr'>ὁ</span> <span class='ocrx_word' id='word_1_183' title='bbox 718 1881 906 1957; x_wconf 83' lang='grc' dir='ltr'><strong><em>κύριος</em></strong></span> <span class='ocrx_word' id='word_1_184' title='bbox 937 1896 1050 1948; x_wconf 80' lang='grc' dir='ltr'><strong><em>τοῖς</em></strong></span> <span class='ocrx_word' id='word_1_185' title='bbox 1083 1885 1281 1939; x_wconf 81' lang='grc' dir='ltr'><strong><em>ἑαυτοῦ</em></strong></span> <span class='ocrx_word' id='word_1_186' title='bbox 1313 1892 1588 1955; x_wconf 77' lang='grc' dir='ltr'><strong><em>μαθηταῖς</em></strong></span> <span class='ocrx_word' id='word_1_187' title='bbox 1611 1878 1744 1938; x_wconf 64' lang='lat' dir='ltr'><strong><em>“eto-</em></strong></span> 
     </span>
     <span class='ocr_line' id='line_1_23' title="bbox 134 1964 1746 2041; baseline -0.001 -18"><span class='ocrx_word' id='word_1_188' title='bbox 134 1965 370 2041; x_wconf 81' lang='grc' dir='ltr'><strong><em>ρεύεσθε</em></strong></span> <span class='ocrx_word' id='word_1_189' title='bbox 403 1972 480 2032; x_wconf 87' lang='grc' dir='ltr'><strong><em>εἰς</em></strong></span> <span class='ocrx_word' id='word_1_190' title='bbox 511 1965 613 2039; x_wconf 81' lang='grc' dir='ltr'><strong><em>τὴν</em></strong></span> <span class='ocrx_word' id='word_1_191' title='bbox 642 1969 933 2024; x_wconf 83' lang='grc' dir='ltr'><strong><em>κατέναντι</em></strong></span> <span class='ocrx_word' id='word_1_192' title='bbox 963 1966 1124 2039; x_wconf 81' lang='grc' dir='ltr'><strong><em>ὑμῶν</em></strong></span> <span class='ocrx_word' id='word_1_193' title='bbox 1156 1964 1376 2039; x_wconf 51' lang='grc' dir='ltr'><strong><em>κῶμηνή</em></strong></span> <span class='ocrx_word' id='word_1_194' title='bbox 1409 1967 1500 2022; x_wconf 81' lang='grc' dir='ltr'><strong><em>καὶ</em></strong></span> <span class='ocrx_word' id='word_1_195' title='bbox 1536 1964 1746 2032; x_wconf 78' lang='grc' dir='ltr'><strong><em>εὐθέως</em></strong></span> 
     </span>
     <span class='ocr_line' id='line_1_24' title="bbox 135 2047 1742 2124; baseline -0.001 -17"><span class='ocrx_word' id='word_1_196' title='bbox 135 2048 398 2123; x_wconf 79' lang='grc' dir='ltr'><strong><em>εὑρήσετε</em></strong></span> <span class='ocrx_word' id='word_1_197' title='bbox 442 2048 575 2108; x_wconf 76' lang='grc' dir='ltr'><strong><em>ὄνον</em></strong></span> <span class='ocrx_word' id='word_1_198' title='bbox 623 2054 956 2124; x_wconf 87' lang='grc' dir='ltr'><strong><em>δεδεμένην,</em></strong></span> <span class='ocrx_word' id='word_1_199' title='bbox 1013 2053 1104 2107; x_wconf 79' lang='grc' dir='ltr'><strong><em>καὶ</em></strong></span> <span class='ocrx_word' id='word_1_200' title='bbox 1150 2053 1338 2107; x_wconf 89' lang='grc' dir='ltr'><strong><em>πῶλον</em></strong></span> <span class='ocrx_word' id='word_1_201' title='bbox 1382 2047 1498 2122; x_wconf 84' lang='grc' dir='ltr'><strong><em>μετ’</em></strong></span> <span class='ocrx_word' id='word_1_202' title='bbox 1548 2047 1742 2121; x_wconf 82' lang='grc' dir='ltr'><strong><em>αὐτῆς·</em></strong></span> 
     </span>
     <span class='ocr_line' id='line_1_25' title="bbox 133 2130 1744 2209; baseline -0.001 -18"><span class='ocrx_word' id='word_1_203' title='bbox 133 2133 400 2200; x_wconf 81' lang='grc' dir='ltr'><strong><em>λύσαντες</em></strong></span> <span class='ocrx_word' id='word_1_204' title='bbox 430 2132 666 2207; x_wconf 72' lang='grc' dir='ltr'><strong><em>ἀγάγετέ</em></strong></span> <span class='ocrx_word' id='word_1_205' title='bbox 692 2132 838 2207; x_wconf 85' lang='grc' dir='ltr'><strong><em>μοι.”</em></strong></span> <span class='ocrx_word' id='word_1_206' title='bbox 918 2139 998 2192; x_wconf 82' lang='lat'><strong><em>75.</em></strong></span> <span class='ocrx_word' id='word_1_207' title='bbox 1034 2136 1125 2191; x_wconf 84' lang='grc' dir='ltr'><strong><em>καὶ</em></strong></span> <span class='ocrx_word' id='word_1_208' title='bbox 1169 2139 1282 2191; x_wconf 82' lang='grc' dir='ltr'><strong><em>ἔστι</em></strong></span> <span class='ocrx_word' id='word_1_209' title='bbox 1319 2157 1383 2205; x_wconf 92' lang='grc' dir='ltr'><strong><em>γε</em></strong></span> <span class='ocrx_word' id='word_1_210' title='bbox 1413 2130 1637 2205; x_wconf 73' lang='grc' dir='ltr'><strong><em>ἀληθῶς</em></strong></span> <span class='ocrx_word' id='word_1_211' title='bbox 1669 2137 1744 2209; x_wconf 78' lang='grc' dir='ltr'><strong><em>τῷ</em></strong></span> 
     </span>
    </p>

    <p class='ocr_par' dir='ltr' id='par_1_7' title="bbox 68 2215 1746 2624">
     <span class='ocr_line' id='line_1_26' title="bbox 68 2215 1746 2295; baseline -0.001 -20"><span class='ocrx_word' id='word_1_212' title='bbox 68 2247 110 2280; x_wconf 80' lang='lat'><strong><em>25</em></strong></span> <span class='ocrx_word' id='word_1_213' title='bbox 134 2217 279 2295; x_wconf 79' lang='grc' dir='ltr'><strong><em>λόγῳ</em></strong></span> <span class='ocrx_word' id='word_1_214' title='bbox 321 2217 687 2292; x_wconf 86' lang='grc' dir='ltr'><strong><em>ἐπιστήσαντα</em></strong></span> <span class='ocrx_word' id='word_1_215' title='bbox 737 2215 1133 2292; x_wconf 74' lang='grc' dir='ltr'><strong><em>ἀποθαυμάσαι</em></strong></span> <span class='ocrx_word' id='word_1_216' title='bbox 1173 2215 1276 2290; x_wconf 82' lang='grc' dir='ltr'><strong><em>τὴν</em></strong></span> <span class='ocrx_word' id='word_1_217' title='bbox 1314 2223 1412 2274; x_wconf 85' lang='grc' dir='ltr'><strong><em>τοῦ</em></strong></span> <span class='ocrx_word' id='word_1_218' title='bbox 1457 2215 1746 2290; x_wconf 79' lang='grc' dir='ltr'><strong><em>προφήτου</em></strong></span> 
     </span>
     <span class='ocr_line' id='line_1_27' title="bbox 132 2298 1746 2380; baseline -0.001 -22"><span class='ocrx_word' id='word_1_219' title='bbox 132 2301 473 2377; x_wconf 89' lang='grc' dir='ltr'><strong><em>πρόρρησιν,</em></strong></span> <span class='ocrx_word' id='word_1_220' title='bbox 505 2307 580 2380; x_wconf 79' lang='grc' dir='ltr'><strong><em>τῷ</em></strong></span> <span class='ocrx_word' id='word_1_221' title='bbox 610 2309 750 2379; x_wconf 76' lang='grc' dir='ltr'><strong><em>θείῳ</em></strong></span> <span class='ocrx_word' id='word_1_222' title='bbox 782 2301 1056 2376; x_wconf 80' lang='grc' dir='ltr'><strong><em>πνεύματι</em></strong></span> <span class='ocrx_word' id='word_1_223' title='bbox 1087 2299 1632 2377; x_wconf 82' lang='grc' dir='ltr'><strong><em>προτεθεωρηκότος,</em></strong></span> <span class='ocrx_word' id='word_1_224' title='bbox 1663 2298 1746 2356; x_wconf 80' lang='grc' dir='ltr'><strong><em>ὅτι</em></strong></span> 
     </span>
     <span class='ocr_line' id='line_1_28' title="bbox 134 2383 1746 2462; baseline -0.002 -20"><span class='ocrx_word' id='word_1_225' title='bbox 134 2385 202 2457; x_wconf 83' lang='grc' dir='ltr'><strong><em>δὴ</em></strong></span> <span class='ocrx_word' id='word_1_226' title='bbox 243 2385 500 2459; x_wconf 88' lang='grc' dir='ltr'><strong><em>μελλήσει</em></strong></span> <span class='ocrx_word' id='word_1_227' title='bbox 541 2386 569 2444; x_wconf 81' lang='grc' dir='ltr'><em>ὃ</em></span> <span class='ocrx_word' id='word_1_228' title='bbox 602 2386 1084 2462; x_wconf 85' lang='grc' dir='ltr'><strong><em>προφητευόμενος</em></strong></span> <span class='ocrx_word' id='word_1_229' title='bbox 1126 2383 1225 2458; x_wconf 77' lang='grc' dir='ltr'><strong><em>οὐχ</em></strong></span> <span class='ocrx_word' id='word_1_230' title='bbox 1256 2383 1347 2442; x_wconf 75' lang='grc' dir='ltr'><strong><em>οἷοὶ</em></strong></span> <span class='ocrx_word' id='word_1_231' title='bbox 1384 2409 1463 2451; x_wconf 88' lang='grc' dir='ltr'><strong><em>τις</em></strong></span> <span class='ocrx_word' id='word_1_232' title='bbox 1498 2386 1746 2450; x_wconf 83' lang='grc' dir='ltr'><strong><em>ἐπίδοξος</em></strong></span> 
     </span>
     <span class='ocr_line' id='line_1_29' title="bbox 135 2462 1746 2544; baseline -0.002 -18"><span class='ocrx_word' id='word_1_233' title='bbox 135 2471 196 2526; x_wconf 88' lang='grc' dir='ltr'><strong><em>ἐν</em></strong></span> <span class='ocrx_word' id='word_1_234' title='bbox 225 2467 544 2544; x_wconf 76' lang='grc' dir='ltr'><strong><em>ἀνθρώποις</em></strong></span> <span class='ocrx_word' id='word_1_235' title='bbox 576 2469 837 2542; x_wconf 70' lang='grc' dir='ltr'><strong><em>βασιλεὺς</em></strong></span> <span class='ocrx_word' id='word_1_236' title='bbox 872 2469 963 2543; x_wconf 81' lang='grc' dir='ltr'><strong><em>ἐφ’</em></strong></span> <span class='ocrx_word' id='word_1_237' title='bbox 1000 2467 1260 2543; x_wconf 73' lang='grc' dir='ltr'><strong><em>ἁρμάτων</em></strong></span> <span class='ocrx_word' id='word_1_238' title='bbox 1283 2469 1374 2524; x_wconf 80' lang='grc' dir='ltr'><strong><em>καὶ</em></strong></span> <span class='ocrx_word' id='word_1_239' title='bbox 1396 2473 1583 2523; x_wconf 81' lang='grc' dir='ltr'><strong><em>ἵππων</em></strong></span> <span class='ocrx_word' id='word_1_240' title='bbox 1613 2462 1746 2538; x_wconf 85' lang='grc' dir='ltr'><strong><em>όχή-</em></strong></span> 
     </span>
     <span class='ocr_line' id='line_1_30' title="bbox 135 2549 1745 2624; baseline -0.002 -15"><span class='ocrx_word' id='word_1_241' title='bbox 135 2563 364 2624; x_wconf 82' lang='grc' dir='ltr'><strong><em>σεσθαι,</em></strong></span> <span class='ocrx_word' id='word_1_242' title='bbox 398 2549 537 2609; x_wconf 75' lang='grc' dir='ltr'><strong><em>ἄλλα</em></strong></span> <span class='ocrx_word' id='word_1_243' title='bbox 569 2556 658 2611; x_wconf 86' lang='grc' dir='ltr'><strong><em>ἐπὶ</em></strong></span> <span class='ocrx_word' id='word_1_244' title='bbox 688 2551 822 2611; x_wconf 75' lang='grc' dir='ltr'><strong><em>ὄνου</em></strong></span> <span class='ocrx_word' id='word_1_245' title='bbox 854 2556 945 2611; x_wconf 87' lang='grc' dir='ltr'><strong><em>καὶ</em></strong></span> <span class='ocrx_word' id='word_1_246' title='bbox 977 2551 1194 2623; x_wconf 83' lang='grc' dir='ltr'><strong><em>πῶλου,</em></strong></span> <span class='ocrx_word' id='word_1_247' title='bbox 1239 2549 1328 2607; x_wconf 73' lang='grc' dir='ltr'><strong><em>οἷοὶ</em></strong></span> <span class='ocrx_word' id='word_1_248' title='bbox 1358 2574 1438 2617; x_wconf 90' lang='grc' dir='ltr'><strong><em>τις</em></strong></span> <span class='ocrx_word' id='word_1_249' title='bbox 1468 2554 1579 2607; x_wconf 90' lang='grc' dir='ltr'><strong><em>τῶν</em></strong></span> <span class='ocrx_word' id='word_1_250' title='bbox 1610 2557 1745 2606; x_wconf 91' lang='grc' dir='ltr'><strong><em>πολ-</em></strong></span> 
     </span>
    </p>
   </div>
   <div class='ocr_carea' id='block_1_3' title="bbox 0 2630 1745 2712">
    <p class='ocr_par' dir='ltr' id='par_1_8' title="bbox 0 2630 1745 2712">
     <span class='ocr_line' id='line_1_31' title="bbox 0 2630 1745 2712; baseline -0.005 -14"><span class='ocrx_word' id='word_1_251' title='bbox 0 2643 9 2702; x_wconf 61' lang='grc' dir='ltr'><em>ῗ</em></span> <span class='ocrx_word' id='word_1_252' title='bbox 68 2665 109 2698; x_wconf 82' lang='lat'><strong><em>30</em></strong></span> <span class='ocrx_word' id='word_1_253' title='bbox 134 2642 248 2694; x_wconf 86' lang='grc' dir='ltr'><strong><em>λῶν</em></strong></span> <span class='ocrx_word' id='word_1_254' title='bbox 279 2636 458 2703; x_wconf 83' lang='grc' dir='ltr'><strong><em>κοινὸς</em></strong></span> <span class='ocrx_word' id='word_1_255' title='bbox 490 2635 631 2712; x_wconf 76' lang='grc' dir='ltr'><strong><em>ἀνὴρ</em></strong></span> <span class='ocrx_word' id='word_1_256' title='bbox 663 2640 755 2694; x_wconf 85' lang='grc' dir='ltr'><strong><em>καὶ</em></strong></span> <span class='ocrx_word' id='word_1_257' title='bbox 786 2640 970 2710; x_wconf 87' lang='grc' dir='ltr'><strong><em>πένης.</em></strong></span> <span class='ocrx_word' id='word_1_258' title='bbox 1030 2642 1108 2692; x_wconf 75' lang='grc'><strong><em>76.</em></strong></span> <span class='ocrx_word' id='word_1_259' title='bbox 1140 2638 1300 2692; x_wconf 86' lang='grc' dir='ltr'><strong><em>τοῦτο</em></strong></span> <span class='ocrx_word' id='word_1_260' title='bbox 1332 2633 1435 2707; x_wconf 76' lang='grc' dir='ltr'><strong><em>γὰρ</em></strong></span> <span class='ocrx_word' id='word_1_261' title='bbox 1461 2635 1551 2690; x_wconf 80' lang='grc' dir='ltr'><strong><em>καὶ</em></strong></span> <span class='ocrx_word' id='word_1_262' title='bbox 1582 2630 1745 2701; x_wconf 72' lang='grc' dir='ltr'><strong><em>ἄλλος</em></strong></span> 
     </span>
    </p>
   </div>
   <div class='ocr_carea' id='block_1_4' title="bbox 141 2759 308 2764">
    <p class='ocr_par' dir='ltr' id='par_1_9' title="bbox 141 2759 308 2764">
     <span class='ocr_line' id='line_1_32' title="bbox 141 2759 308 2764; baseline 0 0"><span class='ocrx_word' id='word_1_263' title='bbox 141 2759 308 2764; x_wconf 95' lang='lat' dir='ltr'><strong><em> </em></strong></span> 
     </span>
    </p>
   </div>
   <div class='ocr_carea' id='block_1_5' title="bbox 247 2827 1665 2880">
    <p class='ocr_par' dir='ltr' id='par_1_10' title="bbox 247 2827 1665 2880">
     <span class='ocr_line' id='line_1_33' title="bbox 247 2827 1665 2880; baseline -0.003 -11"><span class='ocrx_word' id='word_1_264' title='bbox 247 2831 272 2869; x_wconf 81' lang='grc'>5</span> <span class='ocrx_word' id='word_1_265' title='bbox 304 2829 418 2870; x_wconf 80' lang='lat' dir='ltr'><strong>Gen.</strong></span> <span class='ocrx_word' id='word_1_266' title='bbox 439 2831 506 2880; x_wconf 75' lang='lat'><strong><em>49,</em></strong></span> <span class='ocrx_word' id='word_1_267' title='bbox 535 2831 598 2868; x_wconf 86' lang='lat'><strong><em>11.</em></strong></span> <span class='ocrx_word' id='word_1_268' title='bbox 776 2830 829 2868; x_wconf 75' lang='lat'><strong><em>14</em></strong></span> <span class='ocrx_word' id='word_1_269' title='bbox 858 2829 930 2870; x_wconf 83' lang='lat' dir='ltr'><strong><em>Jo.</em></strong></span> <span class='ocrx_word' id='word_1_270' title='bbox 955 2829 1021 2876; x_wconf 83' lang='lat'><strong><em>15,</em></strong></span> <span class='ocrx_word' id='word_1_271' title='bbox 1048 2831 1084 2870; x_wconf 92' lang='lat'><strong><em>1.</em></strong></span> <span class='ocrx_word' id='word_1_272' title='bbox 1261 2829 1312 2867; x_wconf 79' lang='lat'><strong><em>22</em></strong></span> <span class='ocrx_word' id='word_1_273' title='bbox 1344 2827 1509 2868; x_wconf 80' lang='lat' dir='ltr'><strong>Matth.</strong></span> <span class='ocrx_word' id='word_1_274' title='bbox 1536 2827 1600 2875; x_wconf 78' lang='lat'><strong><em>21,</em></strong></span> <span class='ocrx_word' id='word_1_275' title='bbox 1626 2828 1665 2865; x_wconf 78' lang='lat'><strong><em>2.</em></strong></span> 
     </span>
    </p>
   </div>
  </div>
 </body>
</html>
