1992 3186
136 132 143 144 “
207 126 312 178 542
891 125 1139 168 EUSEBII

213 245 271 301 ἐν
302 241 441 320 ἁγίῳ
482 244 574 298 καὶ
614 244 756 299 θεοῦ
787 239 921 316 ἀξίῳ
951 239 1125 317 τόπῳ·
1183 237 1305 298 οὐδ’
1342 237 1412 298 ἂν
1451 242 1579 309 τοὺς
1611 240 1815 316 ἀγορά-

211 334 399 397 ζοντας
439 328 530 382 καὶ
570 323 982 399 πιπράσκοντας
1024 328 1251 393 ἐξωθιόν
1291 332 1444 398 ἔλεγε
1477 323 1816 401 “γέγραπται

208 410 292 468 ὅτι
330 407 358 467 ὁ
400 408 547 474 οἶκός
585 434 693 482 μου
731 409 878 477 οἶκος
909 413 1218 483 προσευχῆς
1249 408 1614 483 κληθήσεται,
1657 410 1816 485 ὑμεῖς

211 497 272 552 δὲ
297 493 465 551 αὐτὸν
488 508 693 552 ποιεῖτε
717 492 990 566 σπήλαιον
1014 491 1290 567 λῃστῶν,”
1317 496 1408 551 καὶ
1431 487 1818 568 αὖθις“ἄρατε

207 585 379 637 ταῦτα
411 582 697 650 ἐντεῦθεν,
729 581 820 635 καὶ
851 578 924 652 μὴ
949 593 1154 636 ποιεῖτε
1183 578 1280 636 τὸν
1302 579 1457 636 οἶκον
1486 585 1583 636 τοῦ
1613 579 1817 654 πατρός
1840 603 1860 636 5

206 688 313 736 μου
343 662 499 721 οἷκον
541 660 891 736 ἐμπορείου,”
927 668 978 720 εἰ
1015 663 1088 737 μὴ
1131 670 1209 721 ἔτι
1250 669 1432 736 τίμιον
1461 666 1652 735 σαφῶς
1698 669 1818 721 δεῖν

163 773 183 806 d
209 747 454 821 ἐνόμιζεν
492 745 911 820 ὑπολαμβάνειν
950 747 1094 805 εἶναι
1132 747 1229 805 τὸν
1267 745 1450 806 τόπον.
1523 753 1638 804 116.
1680 744 1819 805 ἀλλὰ

207 831 311 906 γὰρ
371 831 773 905 πλησιαζούσης
826 831 1012 889 αὐτῶν
1062 836 1157 906 τῆς
1210 831 1438 936 ἐσχάτης
1490 837 1819 904 δυσσεβείας

204 940 339 990 μετα
381 922 554 974 ταῦτα
599 916 779 974 πάντα
817 915 1140 991 ἀπεφηνατο
1185 914 1403 974 εἰπών
1407 915 1556 975 ἰδοὺ
1595 913 1819 990 ἀφίεται

205 998 339 1075 ὑμῖν
380 1000 409 1059 ὁ
450 1001 597 1069 οἶκος
637 998 796 1076 ὑμῶν
837 1007 1062 1075 ἔρημος,
1113 999 1142 1059 ὃ
1183 1004 1275 1058 καὶ
1317 1000 1450 1059 αὐτὸ
1493 1004 1815 1102 ἐπληρουτο,
1842 1027 1880 1060 ιο

204 1109 295 1143 οτε
325 1085 605 1152 παθόντος
646 1086 819 1144 αὐτοῦ
858 1084 918 1143 τὸ
959 1088 1347 1159 καταπέτασμα
1375 1090 1474 1144 τοῦ
1517 1089 1659 1144 ναοῦ
1687 1083 1818 1143 ὅλον

206 1168 280 1227 δι’
317 1167 449 1228 ολου
478 1173 649 1243 μέσον
689 1169 922 1247 ἐρράγη,
967 1169 1252 1246 καθήρητό
1289 1195 1347 1228 τε
1381 1173 1434 1238 ἐξ
1466 1174 1683 1228 ἐκείνου
1716 1175 1818 1228 δυ-

205 1253 366 1328 νάμει
396 1251 429 1327 ἡ
462 1255 742 1329 προσηνὴς
787 1261 861 1332 τῷ
893 1261 1009 1332 θεῷ
1041 1254 1177 1312 κατὰ
1215 1254 1316 1327 τὴν
1357 1260 1456 1312 τοῦ
1487 1253 1662 1328 νόμου
1691 1253 1818 1313 διά-

204 1342 358 1407 ταξιν
398 1346 575 1397 θυσία
617 1342 709 1396 καὶ
751 1338 995 1412 σπονδὴ,
1042 1332 1106 1413 ῆς
1150 1337 1421 1414 ἀρθείσης
1471 1342 1564 1396 καὶ
1593 1337 1652 1396 τὸ
1685 1343 1813 1412 βδέ-

204 1432 386 1497 λυγμα
409 1429 505 1496 τῆς
535 1423 863 1497 ἐρημώσεως
895 1423 1032 1481 κατὰ
1055 1422 1158 1496 τῆν
1192 1427 1252 1481 ἐν
1286 1427 1438 1498 χερσὶ
1475 1431 1817 1499 προφητείαν
1842 1449 1881 1482 15

205 1507 622 1614 ἐπηκολούθησε
651 1533 727 1586 τῳ
757 1507 925 1586 τόπῳ.
990 1513 1105 1566 117.
1141 1514 1190 1565 εἰ
1220 1509 1280 1566 δε
1304 1511 1396 1565 καὶ
1421 1511 1512 1566 ἐπί
1539 1533 1661 1566 τινα
1693 1506 1816 1582 χρό-

203 1617 303 1650 νον
334 1594 674 1666 παραμένειν
705 1596 858 1661 ἔδοξε
879 1591 945 1651 τὰ
967 1596 1062 1665 τῆς
1089 1596 1149 1650 ἐν
1169 1598 1246 1670 τῷ
1269 1591 1418 1680 τόπῳ
1450 1599 1815 1668 λειτουργίας,

202 1674 324 1734 ἄλλ
359 1676 543 1736 οὐκέτι
574 1701 637 1750 γε
665 1681 838 1735 ταῦτα
867 1676 1072 1751 ἀρεστὰ
1094 1702 1170 1756 τῳ
1194 1684 1312 1755 θεῳ
1343 1669 1432 1750 ῆν,
1465 1675 1700 1752 ακρίτως
1723 1681 1814 1734 καὶ

90 1785 177 1826 (402)
204 1760 270 1818 οὐ
302 1787 438 1820 κατα
477 1761 650 1836 νόμον
692 1761 1105 1836 επιτελούμενα.
1171 1767 1288 1833 118.
1323 1780 1506 1835 ωσπερ
1547 1787 1651 1835 γαρ
1682 1760 1812 1836 πρό-

201 1853 371 1903 παλαι
403 1848 898 1921 ἐξολοθρευθέντος
928 1851 1027 1904 τοῦ
1058 1853 1379 1920 χρίσματος,
1411 1848 1504 1903 καὶ
1531 1849 1644 1902 των
1675 1843 1811 1902 κατὰ
1835 1869 1874 1902 20

203 1931 468 2004 διαδοχὴν
509 1939 761 2005 νομίμων
800 1929 1103 2005 ἀρχιερέων
1147 1931 1518 2003 πεπαυμένων
1563 1926 1670 1987 ἀπὸ
1717 1932 1813 2002 τῆς

191 2010 460 2086 θΥρκανοῦ
490 2019 776 2086 τελευτῆς,
809 2020 866 2070 οἱ
891 2014 1025 2087 μετὰ
1055 2019 1225 2071 ταῦτα
1249 2013 1538 2087 παριόντες
1568 2011 1812 2081 ἀτάκτως

201 2100 294 2154 καὶ
323 2097 654 2171 παρανόμως
697 2096 930 2155 ἐδόκουν
968 2101 1071 2171 μέν
1101 2122 1152 2154 τι
1183 2113 1391 2170 ποιεῖν,
1438 2097 1503 2156 οὐ
1534 2098 1645 2172 μὴν
1675 2098 1812 2156 κατὰ

199 2182 327 2248 τούς
358 2184 667 2255 πρέποντας
699 2189 967 2256 ἔπραττον
996 2182 1268 2255 θεσμοὺς,
1303 2179 1379 2239 δι’
1425 2180 1521 2249 οὓς
1551 2185 1642 2241 καὶ
1674 2189 1812 2256 ἔφα-

200 2285 333 2324 σκεν
377 2265 410 2340 ῆ
455 2272 764 2341 προφητεία
807 2265 1382 2339 “ἐξολοθρευθῆσεται
1431 2281 1662 2341 χρῖσμα,
1719 2270 1810 2324 καὶ
1832 2291 1874 2324 25

200 2357 367 2424 κρίμα
397 2347 500 2408 οὐκ
524 2357 673 2408 ἔστιν
695 2354 755 2408 ἐν
779 2347 976 2427 αὐτῳ,”
1015 2350 1076 2408 τὸ
1108 2349 1334 2425 ἄκριτον
1365 2354 1456 2408 καὶ
1487 2350 1810 2425 παράνομον

198 2431 384 2501 αὐτῶν
417 2433 818 2508 διαβάλλουσα·
866 2434 1009 2492 οὕτω
1041 2433 1110 2508 δὴ
1142 2437 1232 2492 καὶ
1265 2438 1352 2492 ἐπὶ
1371 2439 1464 2510 τῆς
1486 2442 1693 2502 θυσίας
1717 2438 1808 2493 καὶ

151 2524 292 2592 ὴτῆς
338 2526 583 2592 σπονδῆς
628 2521 1039 2593 συμβεβηκέναι
1083 2519 1305 2592 φήσεις,
1352 2518 1538 2594 ὀρθῶς
1582 2521 1685 2593 μὲν
1715 2523 1806 2577 καὶ

199 2602 335 2660 κατὰ
367 2603 537 2677 νόμον
567 2604 673 2677 πρὸ
712 2607 811 2661 τοῦ
843 2603 1062 2670 πάθους
1091 2607 1190 2661 τοῦ
1228 2609 1471 2678 σωτῆρος
1500 2601 1657 2678 ἡμῶν
1688 2608 1807 2662 ἐπι-

198 2693 530 2761 τελουμένης
574 2688 664 2745 διὰ
703 2687 805 2760 τὴν
838 2690 1002 2746 εἰσέτι
1031 2687 1151 2746 τότε
1182 2688 1248 2745 τὰ
1276 2692 1387 2746 τῶν
1416 2685 1591 2761 ἁγίων
1620 2688 1805 2746 τόπων
1827 2714 1869 2746 30

311 2881 335 2919 2
367 2880 531 2923 Matth.
555 2882 621 2930 21,
648 2882 711 2921 13.
884 2883 910 2921 4
941 2881 1012 2922 Jo.
1037 2883 1076 2934 2,
1101 2884 1168 2923 16.
1344 2884 1368 2922 9
1399 2882 1563 2925 Matth.
1586 2884 1652 2930 23,
1675 2882 1744 2924 38.
