1946 3158
207 131 277 185 62
882 129 1134 173 EUSEBII

209 271 310 316 πος
344 253 555 314 δίκαιος
584 245 719 322 μετὰ
747 246 849 320 τὴν
878 249 990 303 τῶν
1020 250 1239 302 παίδων
1268 248 1489 317 γένεσιν
1511 244 1677 319 μόνος
1707 245 1815 322 σὺν

207 347 322 400 τοῖς
353 339 574 400 οἰκείοις
608 336 667 389 ἐν
689 338 755 406 τῇ
785 335 897 388 τῶν
930 332 1018 387 ἐπὶ
1048 334 1148 403 γῆς
1178 328 1442 388 ἁπάντων
1465 335 1656 406 φθορᾷ
1690 336 1812 387 δια-

209 421 434 487 σωθεὶς,
467 423 741 481 πλείστοις
772 412 906 488 μετὰ
936 417 1107 471 ταῦτα
1139 413 1389 487 ἐπιβιοὺς
1414 422 1610 484 ἔτεσιν,
1642 414 1810 472 οὐδα-

206 506 320 574 μῶς
362 501 637 574 εἰσάγεται
675 505 878 566 παῖδας
908 498 1259 572 κτησάμενος.
1322 502 1535 571 λέγεται
1569 501 1629 556 δὲ
1660 502 1751 556 καὶ
1783 495 1812 557 ὃ

200 584 384 644 Ἰσαάκ
417 590 475 642 ἐκ
505 590 630 658 μιᾶς
663 587 900 658 γαμετῆς
933 583 1172 657 διδύμου
1211 587 1378 656 γονῆς
1427 582 1606 656 πατὴρ
1652 607 1812 656 γεγο-
1834 607 1855 640 5

205 668 316 737 νως
361 673 519 743 μέχρι
562 668 760 726 τούτου
814 672 1009 741 στῆσαι
1049 667 1152 740 τῆν
1204 666 1340 740 πρὸς
1395 667 1637 741 γαμετὴν
1688 667 1813 741 ὁμι-

207 761 349 812 λίαν.
412 756 503 811 καὶ
534 750 817 826 ὁἸωσὴφ,
850 755 941 810 καὶ
971 756 1143 810 ταῦτα
1173 751 1307 823 παρ’
1349 759 1676 825 Αἰγυπτίοις
1715 752 1811 818 τὰς

207 838 492 912 διατριβὰς
532 843 927 911 πεποιημένος,
971 835 1038 894 οὐ
1075 843 1247 894 πλείω
1291 836 1394 893 δύο
1444 842 1665 894 παίδων
1718 861 1812 894 κα-

205 924 365 996 τέστη
410 923 619 996 πατὴρ,
672 929 806 996 μίαν
847 921 950 994 τὴν
1001 921 1214 979 τούτων
1264 923 1470 994 μητέρα
1524 919 1807 993 ἀγόμενος.

207 1011 288 1064 18.
323 1009 415 1064 καὶ
441 1006 606 1074 αὐτός
631 1031 695 1079 γε
734 1010 939 1079 Μωσῆς
969 1003 1000 1063 δ’
1030 1029 1088 1063 τε
1111 1004 1311 1063 τούτου
1330 1004 1570 1077 ἀδελφὸς
1598 1002 1810 1077 Ἀαρών
1834 1031 1874 1063 10

163 1124 181 1146 c
204 1089 311 1166 πρὸ
341 1092 443 1165 μὲν
473 1095 567 1165 τῆς
597 1095 696 1150 τοῦ
723 1095 864 1149 θεοῦ
888 1095 1212 1192 ἐπιφανείας
1240 1096 1589 1162 ἱστοροῦνται
1613 1096 1814 1148 παιδο-

205 1179 594 1250 πεποιημένοι,
636 1176 771 1250 μετὰ
815 1177 875 1233 δε
916 1174 1044 1241 τούς
1084 1182 1277 1240 θείους
1318 1193 1594 1248 χρησμους
1625 1172 1810 1232 οὐκέτι

205 1266 356 1318 ἔστιν
396 1259 584 1328 αὐτοῖς
623 1266 826 1327 παῖδας
870 1256 1058 1334 ευρεΐν
1098 1263 1553 1332 γεγεννημένους.
1631 1264 1710 1316 19.
1757 1267 1812 1316 τί

202 1344 305 1448 χρὴ
337 1348 519 1418 λέγειν
555 1348 682 1418 περὶ
727 1346 1103 1417 Μελχισεδέκ;
1143 1345 1208 1402 οὐ
1250 1343 1508 1411 καθαπαξ
1551 1342 1618 1399 οὐ
1659 1357 1808 1416 παῖς,

201 1428 268 1486 οὐ
299 1432 477 1502 γένος,
510 1429 577 1486 οὐ
612 1428 842 1503 διαδοχὴ
873 1432 1127 1501 φέρεται,
1161 1427 1280 1486 οὐδ’
1315 1426 1494 1501 Ἰησοῦ
1533 1453 1630 1485 του
1674 1437 1808 1485 Μω-
1834 1452 1874 1486 15

202 1516 339 1580 σε’ως
396 1514 680 1588 διαδόχου,
734 1513 870 1571 οὐδὲ
920 1519 1197 1571 πλείστων
1243 1511 1429 1569 ἄλλων
1487 1516 1805 1584 προφητῶν.

199 1602 285 1655 20.
320 1603 652 1672 ζητουμένης
679 1600 740 1655 δε
770 1604 864 1671 τῆς
896 1622 1032 1654 κατα
1071 1597 1170 1655 τὸν
1200 1596 1447 1670 Ἀβραὰμ
1488 1600 1579 1654 καὶ
1614 1591 1808 1668 Ἰακωβ

199 1689 571 1756 παιδοποιίας,
608 1687 667 1741 ἐν
700 1685 903 1757 ἑτέροις
933 1682 1030 1740 τὸν
1073 1682 1238 1754 λόγον
1278 1688 1635 1754 σχολαίτερον
1674 1704 1808 1739 απο-

202 1766 551 1841 δεδωκαμεν,
607 1771 667 1825 ἐν
706 1765 788 1834 οἷς
835 1770 961 1840 περὶ
1001 1770 1097 1838 τῆς
1149 1771 1262 1822 τῶν
1311 1764 1480 1821 παλαι
1520 1769 1808 1836 θεοφιλων

197 1850 424 1925 ανδρων
447 1858 792 1924 πολυγαμίας
821 1875 880 1908 τε
913 1853 1005 1907 καὶ
1029 1854 1399 1916 πολυπαιδίας
1426 1850 1806 1923 διειλήφαμεν,
1829 1874 1871 1907 20

202 1935 289 2008 ἐφ’
327 1933 361 1991 ἃ
393 1939 486 1992 καὶ
515 1939 622 1993 νῦν
651 1935 780 2001 τοὺς
804 1942 1136 2007 φιλομαθεῖς
1169 1931 1584 2007 οἷναπέμπομεν,
1617 1939 1807 1991 τοσοῦ-

198 2043 296 2077 τον
337 2018 834 2093 ἐπισημηνάμενοι,
879 2017 961 2075 ὅτι
1002 2022 1093 2075 καὶ
1133 2018 1269 2075 κατὰ
1310 2019 1437 2084 τοὺς
1475 2022 1571 2091 τῆς
1613 2023 1806 2092 καινῆς

201 2103 472 2177 διαθήκης
512 2103 718 2178 νόμους
769 2100 836 2161 οὗ
879 2103 1109 2176 πάμπαν
1162 2100 1538 2176 ἀπηγόρευται
1587 2103 1654 2160 τὰ
1698 2107 1805 2175 ’τῆς

155 2212 178 2243 (ι
205 2195 585 2260 παιδοποιίας,
630 2186 771 2244 ἀλλά
815 2186 921 2244 κάν
963 2186 1139 2265 τούτῳ
1182 2187 1248 2244 τὰ
1297 2188 1651 2261 παραπλήσια
1691 2202 1804 2255 τοῖς

199 2274 367 2330 πάλαι
429 2276 755 2347 θεοφιλέσιν
808 2273 1163 2329 διατέτακται.
1264 2280 1461 2345 χρῆναι
1523 2272 1630 2344 γάρ
1693 2297 1804 2344 φη·
1826 2296 1867 2329 25

200 2377 290 2416 σιν
320 2357 348 2415 ὁ
381 2356 541 2430 λόγος
571 2359 670 2415 τὸν
718 2361 1018 2414 ἐπίσκοπον
1049 2360 1339 2429 γεγονέναι
1371 2362 1497 2430 μιᾶς
1539 2357 1802 2428 γυναικὸς

197 2440 395 2517 ἄνδρα.
459 2448 542 2499 21.
578 2441 724 2514 πλὴν
755 2440 893 2498 ἄλλα
923 2457 1036 2508 τοῖς
1069 2445 1387 2513 ιερωμε’νοις
1418 2443 1508 2498 καὶ
1541 2443 1665 2508 περὶ
1698 2465 1802 2513 την

196 2531 298 2584 τοῦ
350 2530 490 2584 θεοῦ
526 2534 842 2630 θεραπείαν
882 2524 1306 2599 ασχολουμένοις
1347 2523 1565 2597 ανέχειν
1605 2524 1802 2582 λοιπὸν

199 2632 343 2684 σφας
375 2608 574 2677 αὐτοὺς
607 2612 872 2684 προσήκει
902 2617 1000 2683 τῆς
1031 2614 1263 2683 γαμικῆς
1295 2609 1533 2681 ὁμιλίας·
1585 2608 1704 2666 ὅσοι
1740 2611 1800 2666 δὲ

195 2695 270 2768 μὴ
300 2700 397 2767 τῆς
427 2695 694 2769 τοσαύτης
740 2693 1000 2769 ἠξίωνται
1034 2700 1368 2770 ιερουργίας,
1400 2693 1610 2760 τούτοις
1642 2691 1672 2750 ὁ
1705 2692 1866 2751 λό-Βο

252 2889 306 2929 25
339 2892 361 2929 1
393 2889 510 2931 Tim.
541 2892 580 2939 3,
611 2891 653 2930 2.
