1992 3186
239 136 342 188 298
918 138 1163 180 EUSEBII

238 251 342 326 γὰρ
373 250 481 326 ἤδη
512 256 672 311 τοῦτο
713 259 946 310 οἰκεῖον
1004 254 1096 309 καὶ
1140 252 1241 311 δύο
1272 251 1326 326 γ’
1376 251 1445 311 ἂν
1476 251 1650 320 οὕτως
1681 251 1847 327 ἀγέν-

238 361 377 410 νητα
419 338 559 408 εἷεν,
611 330 671 394 τὸ
712 335 1090 410 προβεβληκὸς
1134 340 1224 394 καὶ
1265 338 1324 395 τὸ
1371 341 1842 412 προβεβλημένον.

239 424 331 478 καὶ
361 428 440 485 τίς
472 422 543 493 ἠν
573 419 901 486 κατάστασις
933 427 1226 492 κρείττων;
1269 414 1376 494 ἆρα
1405 418 1439 496 ἡ
1463 423 1568 496 πρὸ
1599 427 1694 495 τῆς
1724 447 1841 497 τρο·

194 529 213 561 b
239 510 342 578 πῆς
373 511 467 576 τῆς
499 529 635 561 κατα
664 503 765 577 τὴν
796 504 1077 578 προβολὴν
1112 504 1476 576 διαστάσεως;
1529 505 1736 564 οὔκουν
1770 506 1843 574 ὡς

236 592 397 662 μέρος
437 585 470 661 ἢ
511 591 671 662 μέλος
726 586 1041 662 αγεννήτως
1091 588 1380 662 ἡνωμένον
1429 589 1514 648 ἀεὶ
1555 590 1886 664 πρότερον,5

237 680 422 730 ἒπειτα
455 674 515 730 δε
548 673 778 731 ὃιαστὰν
808 676 899 730 καὶ
925 675 1092 748 χωρὶς
1116 672 1419 747 γενόμενον
1440 678 1542 733 τοῦ
1564 671 1717 747 ὅλου,
1748 675 1845 733 τὸν

235 756 362 815 υἱὸν
392 754 499 814 ἀπὸ
530 762 628 815 τοῦ
671 756 876 829 πατρὸς
917 756 1038 815 οἱόν
1077 782 1133 815 τε
1177 762 1437 816 ἐπινοεῖν.
1509 763 1588 816 14.
1636 757 1844 833 ἄρρητα

234 866 338 915 γαρ
370 844 462 898 καὶ
492 839 754 916 ἄντικρυς
785 839 963 915 ἀσεβῆ
991 846 1185 915 ταῦτα,
1217 840 1353 916 ύλης
1383 868 1485 916 μεν
1507 841 1640 900 ὄντα
1665 843 1844 917 σωμά-

233 950 346 983 των
376 932 572 998 οἰκεῑα,
605 931 699 999 τῆς
733 927 794 983 δὲ
824 923 1118 999 ἀσωμάτου
1149 929 1240 984 καὶ
1272 924 1450 985 ἆῦλου
1480 926 1702 1000 φύσεως
1744 926 1846 984 ἀλ-

236 1009 438 1083 λότρια.
513 1009 597 1068 διὸ
639 1009 776 1068 κατὰ
821 1010 1016 1082 κάιρὸν
1070 1010 1290 1078 εἰκότως
1343 1009 1413 1069 ἄν
1464 1037 1544 1078 τις
1599 1015 1843 1069 ἐνταῦθα
1869 1037 1908 1067 10

233 1093 403 1151 πάλιν
414 1093 472 1151 τὸ
491 1093 631 1167 “τὴν
650 1098 870 1168 γένεσιν
892 1094 1063 1153 αὐτοῦ
1085 1101 1166 1161 τίς
1192 1094 1535 1168 ὃιηγήσεται;
1561 1093 1843 1168 ἀναφθέγ-

233 1181 382 1246 ξαιτο
413 1176 506 1236 ἅν·
582 1184 660 1237 15.
711 1177 902 1251 ἐπειδὴ
946 1181 1038 1236 καὶ
1068 1179 1168 1251 τὴν
1211 1183 1470 1238 ἐναντίαν
1513 1184 1703 1238 ἐλθεῖν
1742 1179 1844 1238 οὐκ

192 1301 208 1323 c
232 1260 557 1335 ἀκίνδυνον,
591 1265 681 1320 καὶ
713 1262 900 1331 ἁπλαῖς
931 1260 1104 1330 οὕτως
1137 1267 1190 1331 ἐξ
1222 1262 1326 1320 οὐκ
1356 1262 1536 1321 ὄντων
1571 1265 1843 1337 γεννητὸν

231 1344 328 1404 τὸν
358 1346 485 1404 υἱὸν
515 1361 627 1414 τοῖς
651 1355 863 1413 λοιποῖς
886 1362 1171 1420 γεννητοῖς
1195 1346 1394 1421 ὁμοίως
1420 1346 1837 1421 ἀποφήνασθαι·

233 1428 370 1503 ἄλλη
403 1431 506 1504 γὰρ
537 1435 666 1489 υἱοῦ
707 1434 920 1504 γένεσις
961 1435 1052 1489 καὶ
1091 1430 1228 1504 ἄλλη
1259 1428 1292 1505 ἡ
1327 1431 1418 1490 διὰ
1448 1439 1546 1490 τοῦ
1577 1437 1705 1490 υἱοῦ
1741 1438 1840 1506 δη-
1866 1457 1904 1489 15

230 1524 505 1589 μιουργία.
579 1522 658 1573 16.
707 1514 846 1572 ἀλλὰ
885 1514 991 1588 γὰρ
1031 1513 1214 1590 ὥσπερ
1256 1514 1289 1589 ἡ
1331 1523 1462 1574 θεία
1502 1516 1688 1591 γραφὴ
1720 1519 1839 1575 τοτὲ

230 1600 332 1672 μὲν
364 1599 712 1671 πρωτότοκον
743 1600 920 1674 πάσης
948 1607 1175 1667 κτίσεως
1214 1599 1312 1658 τὸν
1353 1601 1480 1660 υἱὸν
1511 1598 1842 1675 ἀναγορεύει

994 1685 1004 1702 ἱ
1047 1681 1075 1704 ee

233 1687 284 1751 ἐξ
326 1682 499 1741 αὐτοῦ
549 1684 894 1758 πρωσώπου,
953 1709 1013 1742 το
1096 1684 1285 1758 κύριος
1338 1687 1520 1742 ἐκτισέ
1557 1709 1626 1758 με
1666 1683 1843 1758 ἀρχὴν

561 1766 616 1789 η’,

228 1766 379 1825 ὁδῶν
410 1794 582 1826 αυτου
646 1769 968 1842 φάσκουσα,
1014 1793 1135 1826 τοτε
1160 1769 1222 1826 δε
1244 1771 1492 1842 γέννημα
1515 1773 1612 1825 τοῦ
1636 1769 1839 1841 πατρὸς

810 1850 881 1872 RQ(

233 1852 371 1909 εἶναι
413 1856 559 1923 λέγει
601 1854 737 1910 κατὰ
767 1878 827 1910 το
890 1851 995 1923 πρὸ
1029 1853 1088 1908 δε
1129 1851 1355 1909 πάντων
1397 1857 1620 1923 βουνῶν
1664 1858 1838 1940 γεννᾷ
1863 1876 1904 1909 20

229 1933 344 2008 με,”
406 1942 484 1994 17.
533 1936 704 2011 ταύτῃ
737 1939 826 1993 καὶ
859 1933 992 2008 ἡμῖν
1024 1938 1258 1993 ἕπεσθαι
1289 1936 1459 2007 ὑγιῶς
1490 1933 1560 1993 οὶν
1585 1944 1716 2010 ἔχοι,
1749 1941 1839 1995 καὶ

228 2020 287 2076 τὸ
319 2018 424 2092 πρὸ
465 2019 691 2077 πάντων
731 2019 954 2077 αἰώνων
997 2020 1138 2077 εἶναι
1180 2019 1346 2092 λόγον
1384 2018 1515 2078 ὄντα
1556 2028 1697 2078 θεοῦ
1741 2027 1840 2094 δη-

182 2129 205 2162 d
227 2103 552 2175 μιουργικὸν
582 2106 670 2160 καὶ
704 2103 763 2160 τὸ
795 2106 959 2176 πατρὶ
991 2117 1273 2177 συνεῖναι,
1316 2108 1590 2178 μονογενῆ
1619 2129 1677 2162 τε
1707 2105 1834 2162 υἱὸν

230 2187 372 2244 εἶναι
402 2191 500 2243 τοῦ
531 2192 643 2245 τῶν
672 2186 818 2245 ὅλων
848 2192 1018 2259 θεοῦ,
1051 2186 1339 2260 ὑπουργόν
1363 2212 1421 2245 τε
1449 2192 1540 2246 καὶ
1565 2189 1838 2262 συνεργὸν

228 2274 306 2346 τῷ
336 2274 500 2343 πατρὶ
531 2277 626 2343 τῆς
657 2275 769 2328 τῶν
799 2271 945 2329 ὅλων
977 2270 1289 2339 ουσιώσειός
1321 2297 1379 2329 τε
1410 2275 1501 2330 καὶ
1536 2273 1838 2346 διακοσμή-
1859 2294 1901 2326 25

229 2374 366 2422 σεως
407 2359 814 2429 γεγεννημένον
852 2354 1159 2429 ὁμολογεῖν.
1234 2362 1312 2412 18.
1365 2363 1414 2413 εἰ
1452 2356 1556 2429 γὰρ
1599 2358 1702 2413 οὐν
1744 2359 1835 2413 καὶ

227 2436 359 2496 ἄλλο
400 2464 451 2496 τι
496 2438 736 2512 ἄρρητον
778 2442 868 2496 καὶ
909 2438 1295 2511 ἀκαταληπτον
1335 2438 1470 2511 ἡμῖν
1511 2444 1570 2497 ἐν
1609 2443 1676 2514 τῇ
1723 2464 1836 2497 των

227 2521 372 2581 όλων
425 2522 813 2581 ἀπολέλειπται
866 2523 1064 2596 φύσει,
1134 2530 1305 2595 μυρία
1361 2524 1420 2580 δε
1471 2548 1536 2580 τα
1588 2530 1834 2596 τοιαῦτα,

227 2605 391 2664 ὁποῖα
421 2611 512 2664 καὶ
542 2608 607 2664 τὰ
636 2622 751 2675 τοῖς
782 2610 1107 2680 θεοφιλέσιν
1139 2610 1517 2679 ἐπηγγελμένα
1555 2632 1832 2681 τυγχανει,

218 2687 289 2746 “a
320 2689 608 2764 ὀφθαλμὸς
639 2690 741 2750 οὐκ
773 2692 924 2750 εἶδεν
956 2694 1046 2748 καὶ
1077 2692 1174 2756 οὐς
1207 2689 1310 2747 οὐκ
1339 2689 1571 2763 ἤκουσε,
1621 2695 1710 2748 καὶ
1745 2694 1831 2748 ἐπὶ
1857 2713 1897 2745 30

344 2885 397 2923 30
431 2886 450 2922 1
478 2883 577 2924 Cor.
601 2887 639 2934 2,
666 2886 705 2926 9.
