1992 3186
581 117 888 159 DEMONST.
910 117 1131 159 EVANG.
1155 117 1235 158 IX.
1262 119 1327 158 17.
1646 116 1750 168 617

140 234 423 305 θυγατέρα
454 235 549 304 τῆς
582 235 918 304 ἐπουρανίου
950 230 1106 289 Σιών
1145 227 1178 303 ἢ
1219 234 1311 289 καὶ
1351 236 1444 304 τῆς
1483 235 1751 304 προτέρας

142 321 471 390 συναγωγῆς
511 313 805 387 άποκαλεῐ,
860 315 952 373 διὰ
993 314 1052 373 τό
1092 314 1300 383 πάντας
1347 312 1486 390 ἡμᾶς
1527 315 1654 383 τοῦς
1697 320 1750 385 ἐξ

142 405 331 459 ἐθνῶν
362 407 438 468 εἰς
468 398 566 458 τὸν
595 399 836 474 Χριστὸν
865 403 965 458 τοῦ
991 404 1134 459 θεοῦ
1171 399 1598 468 πεπιστευκότας
1628 426 1750 475 γεν-

139 484 355 559 νήματα
387 486 530 543 εἷναι
559 487 652 542 καὶ
684 488 850 542 τέκνα
880 488 1124 556 Χριστοῦ
1162 489 1254 542 καὶ
1284 489 1396 543 τῶν
1426 483 1748 544 ἀποστόλων
1772 508 1860 553 [2851

99 595 120 628 5
143 567 342 641 αὐτοῦ,
385 567 474 628 οἷα
507 573 566 627 ἐκ
595 569 797 643 μητρὸς
827 572 923 642 τῆς
966 573 1077 627 τῶν
1111 566 1395 628 Ἰουδαίων
1426 576 1751 645 συναγωγῆς

141 653 534 728 προελθόντας.
606 658 685 710 13.
735 656 827 710 καὶ
867 652 927 710 τὸ
961 657 1083 726 ἑξῆς
1117 654 1178 710 δὲ
1220 657 1522 727 ἐπληροῦτο
1566 658 1653 713 ἐπὶ
1683 660 1751 730 τῇ

139 743 238 796 τοῦ
279 742 523 811 σωτῆρος
577 735 732 811 ἡμῶν
771 745 1065 813 παρουσίᾳ.
1155 742 1234 796 14.
1285 739 1476 812 εἰρήνη
1515 745 1656 812 γοῦν
1698 743 1751 808 ἐξ

141 827 329 881 ε’θνῶν
358 824 588 896 γέγονεν
617 820 725 879 ἀπὸ
765 828 879 880 τῶν
917 820 1133 896 χρόνων
1175 829 1270 895 τῆς
1302 820 1540 896 ἀφίξεως
1581 820 1754 882 αὐτοῦ

138 912 229 965 οἵα
260 904 641 965 οὕδεπώποτε’
716 903 900 964 οὐκέτι
929 911 1069 979 γοῦν
1099 905 1284 975 πόλεις
1315 908 1560 978 πόλεσιν,
1594 907 1666 975 ὡς
1693 907 1752 966 τὸ

79 1017 120 1048 10
143 994 296 1066 πρὶν,
328 997 693 1065 πολεμοῦσιν,
735 990 869 1049 οὐδὲ
900 998 1039 1064 ἔθνη
1081 998 1274 1050 ἔθνεσι
1319 991 1752 1064 συρράσσουσιν,

139 1074 261 1134 οὐδ’
299 1075 372 1142 ὦς
401 1074 460 1133 τὸ
492 1075 727 1134 παλαιὸν
755 1072 785 1133 ὁ
816 1080 928 1134 τῶν
956 1073 1276 1148 ἀνθρώπων
1306 1083 1427 1149 βίος
1450 1074 1752 1134 ἀκαταστα-

139 1174 242 1232 τεῖ,
273 1157 400 1218 οὐδ’
442 1157 728 1234 Ἀθηναῖοι
765 1162 867 1233 μὲν
906 1167 1366 1233 Λακεδαιμονίοις
1399 1159 1751 1235 ἐπιστρατεῦ-

141 1269 315 1316 ονται,
350 1244 527 1318 Σύροι
561 1247 621 1303 δὲ
654 1249 932 1318 Φοίνιξιν,
970 1243 1211 1319 Ἀράβιοι
1245 1247 1306 1303 δὲ
1336 1253 1751 1319 Παλαιστίνοις,

141 1332 234 1386 καὶ
267 1329 564 1403 Αἰγύπτιοι
604 1343 718 1396 τοῖς
750 1329 1166 1404 πλησιοχώροις.
1239 1335 1319 1388 15.
1367 1330 1573 1404 ἥνωται
1606 1332 1666 1388 δὲ
1698 1334 1752 1399 ἐξ

76 1437 118 1470 15
143 1418 359 1472 ἐκείνου
390 1412 498 1472 σῦν
526 1418 647 1491 θεῷ
675 1412 741 1471 τά
772 1413 981 1486 πάντα,
1023 1417 1115 1472 καὶ
1155 1411 1379 1486 άληθῶς
1425 1419 1639 1488 πλῆθος
1680 1421 1753 1473 εἰ-

141 1498 313 1571 ρήνης
347 1502 399 1567 ἐξ
426 1502 612 1556 ἐθνῶν
634 1502 688 1567 ἐξ
713 1502 931 1557 ἐκείνου
959 1501 1050 1556 καὶ
1074 1506 1152 1565 εἰς
1176 1502 1343 1569 δεῦρο
1366 1502 1597 1572 γέγονεν
1627 1496 1753 1556 άκο-

140 1581 362 1649 λούθως
403 1589 469 1658 τῇ
509 1591 842 1659 προφητεία·
911 1583 1076 1655 μόνος
1118 1585 1179 1641 δὲ
1215 1580 1422 1655 Ἰησοῦς
1458 1586 1549 1641 καὶ
1594 1580 1622 1641 ὁ
1672 1582 1745 1640 δι’

142 1666 316 1724 αὐτοῦ
347 1671 648 1741 κηρυχθεὶς
688 1671 783 1740 τῆς
816 1665 1170 1742 εῦαγγελικῆς
1202 1673 1561 1734 διδασκαλίας
1593 1666 1753 1741 λόγος

141 1743 308 1850 ἦρξεν
347 1776 460 1808 των
502 1749 608 1809 άπὸ
649 1751 936 1824 θαλάσσης
979 1755 1080 1817 ε’ως
1133 1751 1419 1825 θαλάσσης
1474 1752 1613 1829 ἑωας
1658 1754 1751 1809 καὶ

76 1859 118 1892 20
139 1839 235 1908 τῆς
266 1860 403 1893 κατα
435 1835 708 1909 δυόμενον
749 1835 934 1909 ἥλιον,
980 1839 1071 1894 και
1110 1833 1216 1893 άπὸ
1259 1860 1518 1910 ποταμων
1551 1843 1627 1903 εἰς
1656 1861 1752 1904 τας

143 1920 432 1992 διεκβολας
462 1926 558 1993 τῆς
588 1925 719 1994 γῆς,
762 1917 1086 1987 ἀκολούθως
1126 1937 1239 1992 τοῖς
1281 1925 1341 1978 ἐν
1380 1946 1456 1978 τω
1495 1919 1751 1996 προφήτῃ

142 2008 611 2077 προλελεγμένοις.
687 2010 767 2063 16
825 2004 964 2078 ἅπερ
1005 2007 1096 2062 καὶ
1137 2003 1165 2062 ὁ
1201 2003 1441 2072 Ἀκύλας
1483 1997 1594 2064 ωδέ
1636 2028 1752 2073 πως

140 2087 494 2162 ἡρμήνευσεν
547 2087 719 2148 εἰπων
765 2085 894 2147 “noel
953 2089 1178 2162 λαλήσει
1232 2089 1462 2163 εἰρήνην
1523 2093 1582 2147 ἐν
1638 2104 1753 2156 τοις

143 2180 363 2246 ἔθνεσι,
403 2176 495 2231 καὶ
525 2173 560 2247 ἡ
594 2178 811 2243 ἐξουσία
843 2173 1014 2232 αὐτοῦ
1044 2173 1151 2232 ἀπὸ
1181 2173 1471 2247 θαλάσσης
1512 2178 1613 2242 ἕως
1643 2184 1754 2231 θα-

78 2281 119 2314 25
143 2256 378 2331 λάσσης,
430 2260 522 2315 καὶ
562 2256 669 2315 άπὸ
711 2262 972 2332 ποταμῶν
1010 2263 1111 2326 ἕως
1152 2258 1409 2328 περάτων
1459 2263 1555 2330 τῆς
1605 2255 1751 2331 γῆς.”

140 2346 312 2399 ταῦτα
345 2343 406 2399 δὲ
435 2357 548 2410 τοῖς
581 2347 641 2401 ἐν
662 2347 738 2419 τῷ
762 2347 972 2418 Ψαλμςό
995 2342 1296 2415 σῦγκρινον
1319 2349 1394 2418 τῷ
1421 2346 1750 2414 ἐπιγεγραμ-

140 2427 289 2500 μένω
322 2432 400 2492 εἰς
431 2431 738 2499 Σολομῶνα
768 2432 895 2500 περὶ
925 2432 1022 2484 τοῦ
1051 2430 1180 2484 υἱοῦ
1208 2431 1307 2484 τοῦ
1337 2428 1623 2498 βασιλέως,
1658 2430 1753 2499 δη-

144 2507 286 2580 λαδὴ
325 2512 424 2567 τοῦ
465 2513 524 2566 ἐκ
554 2512 859 2584 σπέρματος
891 2515 1222 2583 Σολομῶνος
1252 2511 1751 2583 προελευσομένου,

144 2595 484 2666 λεγομένοις,
533 2597 659 2667 περὶ
699 2586 768 2652 οῦ
805 2611 977 2667 φησιν
1015 2593 1042 2651 ὃ
1083 2593 1307 2667 Ψαλμός
1331 2590 1361 2613 “
1377 2597 1470 2651 καὶ
1509 2618 1753 2651 κατακυ-

79 2700 121 2734 30
144 2678 353 2751 ριεύσει
383 2675 490 2734 ἀπὸ
520 2676 806 2750 θαλάσσης
836 2682 937 2744 ἕως
966 2677 1282 2751 θαλάσσης,
1323 2681 1415 2735 καὶ
1445 2675 1552 2735 άπὸ
1584 2701 1754 2735 ποτα-

144 2767 266 2835 μσόν
290 2765 390 2828 ἕως
415 2761 668 2832 περάτων
691 2766 784 2835 τῆς
808 2760 1183 2835 οἰκουμένης.”
1214 2769 1290 2820 17.
1313 2770 1567 2836 σημαίνει
1583 2764 1642 2820 δὲ
1661 2764 1753 2819 καὶ

144 2844 246 2918 τὴν
279 2849 525 2904 ἐνταῦθα
544 2850 893 2921 δηλουμένην
917 2846 1145 2921 εἰρήνην
1165 2845 1194 2905 ὁ
1219 2844 1383 2915 αὐτὸς
1402 2847 1626 2921 Ψαλμὸς
1643 2845 1755 2921 φά-

1775 1184 1864 1227 (458)
