1992 3186
252 107 356 159 630
924 109 1172 150 EUSEBII

253 242 359 281 σαν
399 221 548 300 αὐτῷ
589 222 882 295 τριάκοντα
923 220 1176 296 ἀργύρια.
1246 226 1337 281 καὶ
1380 222 1487 282 ἀπὸ
1526 222 1647 282 τότε
1687 224 1858 298 ἐζήτει

254 305 560 381 εὐκαιρίαν,
592 313 685 365 ίνα
716 305 887 365 αὐτὸν
917 311 1147 384 παραδῷ
1179 306 1382 374 αυτοῖς
1382 305 1413 328 ”
1473 304 1501 366 ὁ
1534 309 1596 366 δε
1626 311 1858 381 Μάρκος

152 463 154 465 ¹
206 416 231 450 d
261 391 377 449 καὶ
403 390 613 458 Ἰούδας
653 389 681 448 6
715 389 1064 464 Ἰσκαριώτης
1104 389 1181 459 εἷς
1212 396 1325 450 τῶν
1356 392 1573 450 δώδεκα
1601 390 1858 466 ἀπῆλθεν

252 476 388 550 πρὸς
438 475 567 542 τοὺς
618 474 918 550 ἀρχιερεῖς,
977 481 1071 534 ἵνα
1129 474 1300 534 αὐτὸν
1357 483 1588 554 παραδῷ
1647 477 1852 547 αὐτοῖς.

249 565 333 617 28.
388 565 446 617 οἱ
483 561 544 617 δὲ
583 558 918 628 ἀκούσαντες
958 559 1263 635 ἐχάρησαν,
1316 563 1408 618 καὶ
1461 565 1900 635 ἐπηγγείλαντοῡ

250 643 400 722 αὐτῷ
441 642 710 719 ἀργύριον
753 649 973 703 δοῦναι·
1046 649 1137 702 καὶ
1181 644 1352 718 ἐζήτει
1393 650 1507 712 πῶς
1550 643 1724 704 αὐτὸν
1764 646 1858 706 εὐ-

250 735 456 799 καίρως
479 735 728 807 παραδῶ
729 727 759 750 ”
794 726 822 787 ὁ
849 731 909 787 δε
930 734 1150 798 Λουκᾶς
1171 730 1374 805 γράφει
1396 727 1603 803 λέγων
1608 727 1714 788 εἰσ
1681 737 1859 803 σῆλθε

254 814 314 871 δε
344 812 373 871 6
406 817 664 881 Σατανᾶς
713 820 791 882 εἰς
814 813 1034 872 Ἰούδαν
1076 813 1172 873 τὸν
1215 815 1653 888 ἐπικαλούμενον
1687 812 1858 874 Ἰσκα-

246 897 473 973 ριώτην,
504 896 638 956 ὄντα
672 901 730 957 ἐκ
759 903 857 957 τοῦ
887 898 1134 974 ἀριθμοῦ
1163 905 1275 958 τῶν
1305 899 1542 972 δωδεκα,
1574 901 1666 957 καὶ
1689 897 1859 958 ἀπελ-

248 982 375 1040 θὼν
415 983 758 1057 συνελάλησε
799 997 911 1051 τοῖς
951 982 1270 1059 ἀρχιερεῦσι
1322 987 1414 1042 καὶ
1457 989 1856 1058 γραμματεῦσι,
1881 1011 1922 1043 ιο

250 1069 340 1124 καὶ
387 1081 501 1134 τοῖς
540 1084 864 1143 στρατηγοῖς
906 1073 1005 1127 τοῦ
1036 1074 1218 1143 ἱεροῦ,
1267 1074 1360 1126 ἴνα
1410 1067 1584 1127 αὐτὸν
1626 1072 1862 1146 παραδῷ

249 1150 457 1225 αὐτοῖς,
489 1155 579 1210 καὶ
606 1152 907 1227 ἐχάρησαν,
948 1156 1039 1210 καὶ
1071 1157 1378 1212 συνέθεντο
1409 1151 1562 1230 αὐτῷ
1590 1152 1860 1226 ἀργύριον

250 1241 462 1294 δοῦναι.
525 1240 616 1294 καὶ
650 1237 818 1310 ἐζήτει
852 1235 1142 1312 εὐκαιρίαν
1178 1240 1278 1295 τοῦ
1307 1241 1656 1307 παραδοῦναι
1688 1235 1860 1295 αὐτὸν

248 1320 438 1388 αὐτοῖς
477 1319 606 1395 ἄτερ
647 1319 861 1395 ὅχλου.”
927 1327 1011 1381 29.
1044 1327 1218 1380 ταῦτα
1250 1321 1318 1395 δὴ
1351 1314 1455 1379 οὖν
1486 1319 1626 1378 αὐτὰ
1655 1329 1860 1379 θεσπί-

248 1412 415 1474 ζουσα
444 1401 478 1478 ἡ
501 1404 635 1479 μετά
667 1420 853 1481 χεῖρας
883 1405 1186 1480 πρόρρησις
1219 1410 1456 1478 ἐπιλέγει
1478 1405 1609 1463 “nal
1641 1412 1690 1463 εἰ
1721 1413 1858 1464 εἰσε-
1883 1430 1923 1463 15

248 1488 511 1563 πορεύετο
551 1494 652 1548 τοῦ
692 1496 867 1564 ἰδεῖν,
908 1491 1086 1565 μάτην
1128 1490 1307 1548 ἐλάλει
1349 1490 1382 1563 ἡ
1426 1496 1626 1562 καρδία
1666 1488 1859 1563 αὐτοῦ,

134 1599 222 1641 (469)
248 1573 566 1647 συνήγαγεν
595 1572 833 1649 ἀνομίαν
858 1578 1052 1653 ἑαυτῷ.
1096 1575 1445 1650 ἐξεπορεύετο
1470 1579 1590 1648 ἔξω,
1623 1577 1714 1633 καὶ
1741 1574 1859 1632 ἐλά-

249 1667 332 1716 λει
374 1656 561 1717 ἐπὶ’τὸ
603 1657 752 1718 αύτό.
829 1659 949 1718 κατ’
999 1663 1133 1733 ἐμοῦ
1183 1659 1504 1733 ἐψιθύριζον
1554 1658 1756 1726 πάντες
1806 1664 1864 1717 oc

250 1747 444 1817 ἐχθροί
470 1741 627 1817 μου.”
699 1749 781 1802 30.
828 1743 857 1802 6
889 1748 1027 1818 γοῦν
1059 1744 1361 1818 Σύμμαχος
1385 1740 1413 1761 “
1435 1741 1856 1817 εἰσερχόμενος”

248 1827 456 1902 φησὶν“
462 1825 874 1903 ἐπισκοπῆσαι,
915 1828 1117 1902 μάταια
1159 1827 1338 1886 ἐλάλει
1367 1825 1401 1900 ἡ
1433 1834 1634 1901 καρδία
1664 1827 1856 1900 αὐτοῦ,
1880 1851 1922 1884 20

204 1911 507 1997 ἤθροιζεν
545 1912 771 1971 ἀδικίαν
811 1917 1004 1987 ἑαυτῇ
1069 1912 1418 1985 ἐξερχόμενος
1462 1912 1524 1968 δε
1563 1914 1665 1980 ἔξω
1698 1936 1859 1970 κατε-

204 1981 417 2053 λάλει.
478 1995 845 2069 ὁμοθυμαδὸν
877 1995 1200 2068 ἐψιθύριζον
1230 1994 1348 2053 κατ’
1397 1999 1530 2069 ἐμοῦ
1575 1994 1775 2064 πάντες
1806 2001 1861 2054 οἱ

250 2083 539 2152 μισοῦντές
568 2079 666 2153 με.’
754 2080 920 2152 μόνος
959 2105 1063 2153 μεν
1092 2081 1196 2137 οὐν
1236 2079 1308 2146 ὡς
1346 2077 1417 2136 ἂν
1460 2079 1734 2154 γνώριμος
1765 2083 1859 2138 καὶ

250 2161 502 2236 μαθητὴς
541 2162 689 2237 παρὰ
733 2163 1068 2222 διδάσκαλον
1120 2164 1310 2222 εἰσιτὸν
1359 2163 1711 2238 περιεσκόπει
1763 2167 1856 2222 καὶ

251 2247 701 2321 κατεμάνθανεν,
746 2254 910 2306 ἔνδον
942 2251 1030 2306 ἐπὶ
1069 2253 1163 2320 τῆς
1208 2251 1409 2306 ἑαυτοῦ
1451 2254 1680 2322 καρδίας
1722 2247 1919 2322 κρύ-εε

200 2358 224 2391 b
251 2355 404 2390 πτων
443 2331 544 2405 τὴν
585 2332 900 2406 ἐπιβουλήν.
972 2339 1055 2391 31.
1100 2331 1259 2401 ἐξιών
1311 2333 1372 2389 δὲ
1410 2331 1544 2406 μετὰ
1582 2332 1859 2391 πλειόνων

250 2412 617 2490 ὁμοθυμαδὸν
648 2420 738 2475 καὶ
771 2420 859 2476 ἐπὶ
891 2417 950 2476 τὸ
981 2415 1113 2476 αὐτὸ
1146 2415 1459 2491 κατελάλει,
1491 2431 1604 2484 τοῖς
1637 2420 1857 2491 ἐχθροῖς

252 2499 554 2571 προδιδούς
593 2500 689 2560 τὸν
728 2507 976 2576 σωτῆρα,
1018 2505 1109 2560 καὶ
1139 2501 1572 2575 συνταττόμενος
1601 2516 1715 2569 τοῖς
1744 2506 1859 2560 τῶν

246 2582 534 2643 Ἰουδαίων
571 2607 803 2661 αρχουσι
843 2586 1156 2660 λεληθότως
1197 2589 1324 2660 περὶ
1368 2611 1600 2660 ετερων,
1647 2582 1714 2643 ού
1745 2583 1858 2659 μὴν

253 2667 392 2726 ἀλλὰ
432 2672 522 2727 καὶ
565 2673 690 2744 περὶ
731 2695 843 2729 των
881 2670 1200 2746 χρημάτων,
1232 2668 1334 2745 ἐφ’
1381 2668 1464 2738 οἷς
1503 2669 1919 2744 παραδώσεινεο

369 2865 393 2902 3
424 2863 566 2906 Maro.
591 2866 657 2915 14,
683 2868 748 2906 10.
923 2869 945 2907 7
979 2867 1090 2907 Luc.
1114 2868 1182 2917 22,
1204 2869 1243 2907 3.
