1992 3186
248 157 353 211 562
931 159 1178 201 EUSEBII

252 273 480 334 ἄνωθεν
511 273 727 348 χρόνων
757 271 906 348 παρὰ
938 283 1142 332 Μωσεῖ
1171 270 1456 349 βοώμενυν
1484 279 1679 333 τοῦτον
1711 273 1852 334 ἱστό-

255 383 415 435 ρηται
445 357 542 415 τὸν
572 356 806 432 τρόπον·

752 524 885 584 Ἀπὸ
909 529 1021 584 τῶν
1047 522 1343 601 Ἀριθμῶν.

377 647 413 696 Ι.
465 640 679 710 Μωσῆς
722 642 781 696 ἐν
816 637 1102 713 Ἀριθμοῖς
1144 641 1270 713 περὶ
1313 642 1408 696 τοῦ
1449 641 1719 713 φανέντος
1762 643 1850 698 ἐπὶ

248 725 315 794 τῇ
358 724 572 793 γενέσει
613 726 710 779 τοῦ
752 727 996 795 σωτῆρος
1037 722 1197 797 ἡμῶν
1234 720 1461 797 ἀστέρος
1501 726 1639 798 φησὶ
1670 720 1854 799 “φησὶ

249 804 480 879 Βαλαὰμ
510 804 630 872 υίὸς
674 807 860 881 Βεὼρ,
902 811 1076 881 φησὶν
1116 807 1145 865 ὁ
1184 806 1482 883 ἅνθρωπος
1513 807 1542 865 ὁ
1573 807 1853 881 ἀληθινῶς
1876 833 1898 865 5

210 921 230 951 d
255 888 436 962 ὁρῶν,
478 889 701 948 ἀκούων
741 890 898 965 λόγια
939 898 1110 965 θεοῦ,
1153 891 1510 966 ἐπιστάμενος
1553 891 1856 966 ἐπιστήμην

250 970 522 1047 ὑψίστου,
567 977 660 1031 καὶ
691 975 887 1049 ὅρασιν
917 981 1015 1035 τοῦ
1046 981 1184 1034 θεοῦ
1218 975 1383 1049 ἰδών,
1426 981 1487 1034 ἐν
1515 975 1678 1054 ὕπνῳ
1718 974 1857 1034 ἀπο-

251 1061 657 1132 κεκαλυμμένοι
697 1066 754 1117 οἱ
788 1059 1070 1134 ὀφθαλμοὶ
1112 1058 1301 1118 αὐτοῦ.
1367 1064 1531 1130 δείξω
1563 1059 1730 1138 αὐτῷ,
1763 1065 1855 1119 καὶ

251 1139 375 1215 οὐχὶ
400 1146 528 1215 νῦν,
559 1153 857 1218 μακαρίζω,
883 1147 975 1202 καὶ
1000 1142 1103 1204 οὐκ
1129 1149 1339 1218 ἐγγίζει.
1374 1144 1632 1203 ἀνατελεϊ
1651 1144 1856 1218 ἄστρον

142 1255 228 1299 [260]
256 1230 309 1295 ἐξ
346 1224 566 1300 Ἰακώβ,
617 1231 709 1285 καὶ
756 1228 1125 1302 ἀναστήσεται
1174 1228 1486 1303 ἄνθρωπος’
1525 1234 1579 1298 ἐξ
1613 1229 1850 1303 Ἰσραὴλ,
1878 1254 1919 1285 10

251 1314 344 1369 καὶ
375 1311 615 1385 θραύσει
645 1312 771 1380 τοὺς
803 1313 1075 1388 ἀρχηγοὺς
1110 1313 1325 1386 Μωάβ,
1367 1317 1459 1370 καὶ
1489 1314 1857 1387 προνομεύσει

250 1394 460 1462 πάντας
516 1395 674 1464 υἱούς
720 1398 866 1470 Σήθ.
939 1400 1030 1455 καὶ
1083 1405 1234 1455 ἔσται
1277 1396 1457 1471 Ἐδώμ
1497 1404 1854 1472 κληρονομία,

251 1482 341 1537 καὶ
393 1487 542 1537 ἔσται
592 1488 931 1556 κληρονομία
968 1481 1140 1540 Ἠσαῦ
1190 1479 1219 1540 ὃ
1257 1481 1453 1556 εχθρὸς
1505 1479 1704 1554 αὐτοῦ,
1764 1485 1855 1539 καὶ

243 1561 459 1640 Ἰσραηλ
485 1569 743 1638 ἐποίησεν
769 1571 828 1625 έν
860 1566 1040 1641 ἰσχύϊ,
1081 1569 1173 1624 καὶ
1215 1566 1632 1640 ἐξεγερθήσεται
1664 1570 1716 1636 ἐξ
1751 1564 1858 1624 Ἰα-

249 1647 396 1722 κωβ,
439 1652 530 1706 καὶ
571 1649 770 1708 ἀπολεῖ
807 1652 1117 1725 σωζόμενον
1149 1655 1208 1708 ἐκ
1238 1648 1491 1718 πόλεως’
1877 1673 1918 1706 15

377 1738 424 1791 2.
451 1732 570 1791 Ἐπὶ
600 1734 770 1810 ταύτῃ
796 1739 933 1810 φησὶ
956 1761 1022 1811 τῃ
1045 1742 1352 1811 προφητεία
1377 1737 1708 1809 κινηθέντας
1730 1732 1856 1801 τοῦς

251 1817 544 1892 διαδόχους
574 1819 805 1895 Βαλαάμ
837 1821 1144 1895 (σεσῶσθαι
1175 1820 1278 1894 γὰρ
1311 1817 1512 1893 αὐτὴν,
1560 1843 1633 1885 ως
1664 1820 1756 1875 καὶ
1786 1819 1856 1891 ἠν

253 1902 424 1975 εἰκὸς,
479 1902 608 1979 παρ’
668 1902 884 1977 αὐτοῖς,
937 1901 1174 1977 ὁπηνίκα
1227 1908 1490 1960 συνεῖδον
1534 1905 1594 1960 ἐν
1633 1901 1857 1978 οὐρανω

252 1987 527 2055 ξενίζοντα
567 1984 693 2044 τινοῖ
741 1988 890 2062 παρὰ
939 1985 1069 2053 τοῦς
1120 1986 1387 2058 συνήθεις
1439 1985 1669 2061 ἀστέρα,
1720 1986 1856 2044 κατὰ

251 2075 528 2143 κορυφῆς,
565 2067 639 2137 ὡς
669 2069 739 2129 ἀν
764 2081 908 2129 εἴποι
931 2095 1038 2143 τις,
1070 2074 1158 2127 καὶ
1185 2069 1319 2127 κατά
1343 2069 1583 2128 κάθετον
1612 2069 1854 2144 τῆςἸου-
1877 2094 1919 2126 20

255 2159 413 2220 δαίας
465 2155 879 2229 ἐστηριγμένον)
934 2153 1187 2228 σπουδὴν
1239 2159 1577 2227 πεποιῆσθαι
1628 2158 1717 2212 ἐπὶ
1755 2153 1856 2228 τὴν

252 2244 643 2296 Παλαιστινῶν
673 2238 974 2312 ἀφικέσθαι
1005 2243 1138 2312 γῆν,
1173 2245 1414 2310 ἱστορίας
1441 2242 1602 2296 ἕνεκα
1631 2243 1730 2296 τοῦ
1765 2237 1854 2295 διὰ

140 2350 228 2392 (415)
252 2324 523 2400 φανέντος
554 2320 779 2397 ἀστέρος
811 2325 1218 2397 σημαινομένου
1248 2325 1534 2395 βασιλέως.

380 2410 428 2464 3.
478 2415 776 2482 Μαρτυρεῖ
812 2407 1023 2475 τούτοις
1066 2407 1094 2465 ὃ
1137 2405 1526 2480 εὐαγγελιστὴς
1558 2415 1854 2474 Ματθαῑος

253 2494 432 2563 λέγων
467 2488 605 2549 “τοῦ
646 2495 707 2551 δὲ
744 2490 922 2565 Ἰησοῦ
960 2495 1329 2564 γεννηθέντος
1373 2494 1432 2548 ἐν
1462 2491 1719 2564 Βηθλεὲμ
1758 2497 1853 2563 τῆς
1876 2513 1917 2546 25
1967 2531 1969 2534 ι

245 2573 542 2648 Ἰουδαίας,
600 2579 658 2635 ἐν
697 2575 924 2650 ἡμέραις
958 2573 1209 2651 ἹΙρεόδου
1254 2580 1351 2633 τοῦ
1391 2578 1687 2648 βασιλέως,
1729 2575 1854 2631 ἰδοῦ
1991 2575 1992 2579 ’

254 2659 416 2732 μάγοι
465 2658 569 2717 ἀπὸ
623 2661 909 2719 ἀνατολῶν
959 2662 1327 2734 παρεγένοντο
1377 2665 1453 2726 εἰς
1498 2656 1852 2731 Ἰερουσαλὴμ
1910 2661 1918 2663 ”

255 2747 539 2816 λέγοντες,
591 2748 699 2803 ποῦ
749 2748 896 2802 ἐστιν
937 2744 964 2802 ὁ
1005 2746 1221 2818 τεχθεὶς
1271 2743 1531 2816 βασιλεὺς
1564 2746 1684 2822 ’τῶν
1712 2739 1855 2800 ’Ἰου-

367 2912 393 2949 4
424 2911 554 2951 Num.
578 2913 644 2963 24,
670 2913 736 2953 15.
908 2912 961 2951 26
992 2910 1157 2954 Matth,
1181 2912 1220 2961 2,
1247 2911 1283 2950 1.
