1992 3186
235 1365 254 1395 d

169 2202 255 2240 (210,

276 141 379 193 292
949 141 1191 182 EUSEBH

1146 253 1226 275 ,Ἃ

279 260 341 316 δε
380 283 499 332 φως
530 255 662 315 αυτό
693 255 997 329 τυγχάνον,
1039 247 1077 330 ᾗ
1109 262 1141 312 δ
1195 281 1264 314 αν
1307 259 1514 330 ἐπέλθῃ
1547 260 1724 331 ψυχῇ,
1767 282 1882 316 και·

279 342 387 415 νὴν
417 347 749 415 παραχρῆμα
789 343 879 397 καὶ
923 339 1311 414 λαμπροτάτην
1353 341 1533 413 φωτὸς
1573 341 1785 415 ἡμέραν
1825 347 1885 401 ἐν

279 426 420 500 αὐτῇ
452 423 850 498 κατειργάζετο,
886 427 1284 496 διαυγεστέραν
1315 448 1374 482 τε
1404 427 1497 481 καὶ
1527 435 1885 500 θεωρητικω-

277 512 443 583 τέραν
474 509 616 567 πολὺ
648 512 818 566 πλέον
847 513 952 567 νῦν
982 506 1015 581 ἢ
1047 509 1316 582 πρότερον
1347 505 1520 582 αὐτὴν
1551 507 1720 582 αὐτῆς
1751 508 1883 570 άπο-

282 608 518 667 φαῖνον,
560 592 699 651 ω’στε
741 593 944 666 νήφειν
984 595 1076 651 καὶ
1120 596 1507 667 ἐγρηγορέναι,
1548 601 1794 670 συνορᾶν
1823 619 1918 654 τεῑ»

278 677 504 736 πάντων
553 676 787 751 μάλιστα
835 681 925 734 καὶ
987 684 1311 750 συγκρίνειν
1368 676 1436 734 τὰ
1497 677 1883 752 θεσπιζόμενα.

279 767 362 820 28.
411 760 541 835 παρ’
589 761 618 819 ὅ
661 786 751 835 μοι
785 765 1058 834 δοκουμεν
1101 787 1163 819 ευ
1206 763 1299 818 καὶ
1345 759 1572 834 ἀληθῶς
1603 763 1886 837 προφήτας

278 845 583 905 ἀποκαλεῖν
633 870 760 912 τους
808 845 1063 904 τοιουσδε
1115 869 1264 918 παρα
1312 845 1371 903 τὸ
1413 853 1747 919 προφαίνειν
1795 851 1886 906 καὶ

279 938 648 1032 προφωτίζειν
682 934 741 988 ἐν
772 930 962 998 αυτοῖς
991 930 1052 988 τὸ
1082 941 1245 988 θεῖον
1274 935 1492 1004 πνεῦμα
1523 929 1595 1003 μὴ
1621 930 1794 1003 μόνον
1822 932 1887 989 τὰ

281 1014 546 1088 παρόντα,
578 1013 717 1072 άλλά
748 1018 840 1072 καὶ
869 1039 982 1073 των
1004 1013 1320 1088 μελλόντων
1347 1012 1534 1086 άληθῆ
1563 1017 1655 1071 καὶ
1685 1012 1886 1089 άκριβῆ
1913 1042 1951 1073 ιο

279 1104 503 1172 γνῶσιν.
551 1104 636 1156 29.
670 1101 954 1167 σκέψασθε
989 1101 1048 1156 δε
1081 1105 1132 1156 εἰ
1158 1096 1232 1172 μὴ
1263 1097 1406 1155 πολύ
1437 1105 1700 1169 κρείττων
1725 1102 1881 1168 οὗτος

281 1185 372 1240 καὶ
414 1183 629 1256 ἀληθὴς
666 1182 694 1240 6
727 1182 913 1256 λόγος,
962 1183 1193 1256 φάσκων
1233 1188 1452 1255 πνεῦμα
1492 1193 1653 1240 θεῖον
1684 1198 1885 1258 ψυχαῖς

283 1271 573 1341 ἐπιφοιτᾶν
603 1271 1046 1340 κεκαθαρμέναις
1078 1270 1170 1324 καὶ
1201 1270 1280 1344 νῷ
1311 1271 1513 1343 λογικῷ
1545 1269 1638 1324 καὶ
1670 1273 1892 1342 διαυγεῖ

281 1353 416 1425 πρὸς
446 1349 730 1426 ὑποδοχὴν
759 1357 857 1409 τοῦ
887 1358 1053 1409 θείου
1076 1353 1640 1425 παρεσκευασμέναις,
1672 1347 1887 1425 ἢὸτῶν

285 1440 343 1493 ἐν
382 1435 579 1512 ἀψύχῳ
618 1434 727 1509 ὕλῃ
769 1439 861 1493 καὶ
901 1444 1138 1502 σκοτίοις
1177 1450 1371 1509 μυχοῖς
1415 1436 1886 1495 ἐναποκλειόντων
1910 1461 1949 1493 15

280 1518 339 1577 τὸ
379 1531 541 1578 θεῖον
584 1528 644 1578 ἔν
684 1544 743 1577 τε
773 1524 1059 1593 γυναικῶν
1099 1523 1190 1577 καὶ
1221 1519 1446 1594 ἀνδρῶν
1497 1519 1564 1579 οὐ
1612 1531 1886 1595 καθαραῖς

283 1618 512 1678 ψυχαῖς,
547 1603 654 1677 ἤδη
687 1606 747 1662 δὲ
778 1607 871 1662 καὶ
904 1608 992 1662 ἐπὶ
1023 1603 1260 1676 κόρακας
1290 1606 1382 1661 καὶ
1415 1605 1635 1677 ἱέρακας
1665 1608 1757 1662 καὶ
1788 1604 1885 1663 ἅλ-

283 1697 412 1755 λους
444 1689 706 1761 οἰωνοὺς,
751 1692 845 1746 ἐπί
869 1713 928 1746 τε
969 1691 1128 1762 αἶγας
1170 1691 1262 1747 καὶ
1293 1686 1430 1745 ἄλλα
1470 1693 1604 1764 ζῷα,
1651 1692 1745 1746 ναὶ
1774 1689 1882 1762 μὴν

283 1775 373 1830 καὶ
418 1777 505 1830 ε’πὶ
552 1772 776 1832 ὑδάτων
817 1773 1138 1844 συστάσεις,
1200 1781 1261 1830 ἔν
1319 1796 1377 1829 τε
1431 1768 1883 1845 ἦπατοσκοπίαις,

280 1860 371 1914 καὶ
403 1871 594 1931 αῖμασι
626 1877 886 1929 μυσερων
918 1861 1011 1914 καὶ
1043 1860 1315 1929 εἰδεχθῶν
1354 1855 1684 1929 κνωδάλων,
1728 1860 1884 1930 ἕρπε·
1908 1882 1949 1914 20

279 1946 392 1998 τῶν
420 1967 478 1999 τε
511 1940 747 2014 ἰοβόλων
779 1940 1047 2014 σώμασιν,
1079 1939 1198 1998 οἷον
1219 1938 1538 2013 δρακόντων
1575 1943 1665 1998 καὶ
1698 1948 1885 2014 γαλων

282 2032 379 2081 καί
423 2049 594 2082 τινων
642 2022 826 2081 άλλων
867 2024 1333 2096 τοιουτοτρόπων,
1390 2022 1454 2081 δι’
1514 2049 1592 2082 ων
1631 2024 1732 2097 τὴν
1772 2050 1884 2083 των

281 2107 595 2180 μελλόντων
626 2107 944 2181 πρόγνωσιν
983 2114 1040 2166 οι
1065 2108 1371 2182 θαυμάσιοι
1403 2107 1499 2166 τὸν
1540 2112 1628 2167 ἐπὶ
1659 2109 1885 2168 πάντων

282 2190 420 2249 θεὸν
463 2196 749 2266 ἐκφαίνειν
787 2191 1142 2265 ὑπειλήφασι.
1224 2198 1305 2248 30.
1364 2199 1527 2251 τοῦτο
1571 2194 1623 2250 δ’
1659 2193 1886 2267 ἀνδρῶν

280 2268 351 2348 ἦν
391 2277 462 2350 μὴ
506 2275 943 2348 συνεωρακότων
992 2281 1134 2334 θεοῦ
1174 2276 1376 2349 φύσιν,
1437 2281 1581 2350 μηδέ
1615 2301 1678 2350 γε
1721 2285 1885 2335 θείου
1908 2302 1948 2333 25

281 2360 592 2434 πνεύματος
646 2360 886 2434 δύναμιν
950 2359 1414 2433 ἐπινενοηκότων,
1476 2359 1733 2433 οὐδαμῶς
1783 2386 1884 2433 μεν

284 2450 773 2519 ἐμφιλοχωροῦσαν
803 2443 1034 2518 ἀψύχοις
1065 2441 1099 2517 ἢ
1131 2444 1348 2517 ἀλόγοις
1381 2445 1561 2522 ζςόοις,
1603 2443 1715 2501 ἀλλ’
1753 2443 1880 2503 ουδ’

284 2534 343 2586 ἐν
373 2538 614 2602 λογικοῖς
646 2527 871 2600 άπασιν,
907 2536 957 2586 εί
983 2529 1055 2603 μή
1088 2551 1219 2587 ποτε
1251 2528 1316 2558 '‘²“
1350 2528 1455 2603 άρα
1486 2525 1520 2602 ἢ
1559 2528 1744 2609 μόνων
1775 2543 1879 2597 ψυ-

282 2637 394 2685 χων
424 2617 515 2671 καὶ
558 2617 834 2686 ἐναρέτοις
867 2627 1096 2687 ψυχαῖς,
1138 2619 1289 2679 οἴους
1329 2610 1462 2687 ἡμῖν
1503 2613 1704 2686 ἀρτίως
1734 2613 1762 2670 ὁ
1797 2613 1884 2671 26-

281 2719 374 2769 γος
426 2696 554 2764 τούς
596 2697 868 2771 Ἐβραίων
915 2695 1200 2771 ὑπέγραψε
1251 2697 1560 2771 προφήτας·
1642 2694 1736 2764 οὓς
1785 2701 1947 2754 τού3ο

282 2787 444 2838 θείου
479 2781 789 2855 πνεύματος
820 2783 1003 2856 φαμὲν
1033 2781 1369 2854 ἀξιωθῆναι,
1402 2783 1658 2856 μεγάλων
1689 2785 1879 2839 ἕνεκεν

281 2865 617 2938 πραγμάτων
647 2870 972 2940 οἰκουμένης
1002 2863 1215 2939 ἁπάσης
1249 2865 1570 2940 ἀνθρώπων
1600 2866 1883 2939 βελτιώσει
