1946 3158
632 151 942 194 DEMONST.
973 151 1192 194 EVANG.
1225 152 1284 194 11.
1314 155 1355 194 2.
1729 150 1797 203 85

190 283 360 336 πτοῖς.
452 266 517 325 τά
549 264 652 325 ἀπ’
695 265 894 342 ἀρχῆς,
942 267 1094 340 ἰδοὺ,
1139 264 1367 341 ἥκασιν,
1400 266 1564 325 καινά
1615 265 1650 324 ἂ
1692 271 1799 326 νῦν

190 351 498 426 ἀναγγελῶ,
525 355 614 410 καὶ
645 352 750 426 πρὸ
782 356 882 409 τοῦ
912 350 1234 425 ἀναγγεῖλαι
1267 351 1526 425 ἐδηλώθη
1557 349 1736 426 ὑμῖν.”

664 492 763 550 κα’.
823 490 952 551 Ἀπὸ
983 497 1082 551 τοῦ
1115 489 1300 551 αὐτοῦ.

321 596 538 656 Λήλωσις
568 603 776 656 Χριστοῦ
802 600 883 643 καὶ
906 600 1134 656 γενέσεως
1155 601 1238 644 καὶ
1259 597 1467 657 κλήσεως
1489 596 1662 646 ἐθνῶν.

414 689 467 710 (Η

146 714 166 746 5
320 695 407 747 14.
465 691 759 749 Ακούσατέ
775 714 882 763 μου
896 694 1054 762 νῆσοι
1076 693 1166 747 καὶ
1190 693 1483 764 προσέχετε
1516 698 1676 763 ἔθνη,
1706 689 1796 747 διὰ

190 773 392 848 χρόνου
434 779 643 834 πολλοῦ
682 773 978 875 στήσεται,
1007 779 1153 847 λέγει
1199 774 1403 849 κύριος.
1477 779 1535 832 ἐκ
1588 780 1796 842 κοιλίας

188 859 390 933 μητρός
431 885 538 933 μου
582 859 806 918 ἐκάλεσε
848 858 908 916 τὸ
950 858 1124 933 ὄνομά
1175 884 1312 933 μου,
1357 862 1446 917 καὶ
1502 868 1674 934 ἔθηκε
1734 859 1796 917 τὸ

187 942 358 1018 στόμα
388 969 494 1017 μου
528 944 599 1012 ὡς
630 943 905 1018 μάχαιραν
934 942 1151 1018 ὀξεῖαν,
1184 946 1275 1001 καὶ
1305 943 1414 1002 ὑπὸ
1443 944 1546 1017 τὴν
1586 948 1798 1018 σκέπην

186 1034 282 1101 τῆς
340 1028 518 1102 χειρὸς
566 1028 735 1087 αὐτοῦ
782 1032 991 1101 ἔκρυψέ
1027 1053 1121 1103 με,
1165 1032 1339 1102 ἔθηκέ
1392 1054 1460 1103 με
1512 1025 1585 1096 ὥς
1638 1032 1797 1101 βέλος

124 1138 165 1169 10
191 1111 473 1186 ἐκλεκτὸν,
508 1117 598 1171 καὶ
643 1118 702 1171 ἐν
746 1117 815 1188 τῇ
855 1117 1103 1189 φαρέτρα
1145 1112 1315 1172 αὐτοῦ
1347 1116 1651 1172 ἐσκέπασέν
1680 1112 1794 1186 με.”

191 1202 272 1255 15.
306 1200 397 1255 καὶ
430 1201 668 1271 ἐπιλέγει
695 1201 817 1271 ἑξῆς
842 1194 871 1215 “
892 1197 1016 1256 ἰδού
1054 1197 1272 1256 δέδωκά
1303 1217 1368 1256 σε
1401 1205 1479 1266 εἰς
1514 1197 1797 1271 διαθήκην

187 1286 404 1354 γένους,
438 1290 514 1350 εἰς
545 1287 664 1356 φῶς
697 1287 914 1357 ἐθνῶν,
959 1283 1108 1341 εἶναι’
1144 1304 1206 1342 σε
1246 1290 1324 1351 εἰς
1367 1290 1647 1357 σωτηρίαν
1696 1285 1797 1350 ἕως

631 1364 732 1388 ‘⁸2'

191 1365 423 1440 ἐσχάτου
460 1371 556 1440 τῆς
586 1392 699 1441 γης.

696 1507 795 1580 κβ’.
825 1503 964 1567 ’Ano’
994 1511 1092 1566 τοῦ
1122 1505 1309 1567 αὐτοῦ.

122 1642 163 1674 15
358 1617 566 1669 Χριστοῦ
588 1617 853 1668 παρουσίας
884 1612 1087 1672 δήλωσις
1117 1616 1200 1660 καὶ
1231 1614 1436 1672 κλήσεως
1470 1613 1640 1660 ἐθνῶν.

317 1708 396 1760 16.
437 1700 633 1761 “0131oe
665 1707 814 1778 λέγει
846 1705 1033 1778 κύριος
1074 1701 1103 1762 ὁ
1137 1704 1446 1779 ῥυσάμενος
1490 1726 1554 1764 σε
1594 1705 1621 1763 ὁ
1664 1705 1796 1775 θεὸς

180 1786 424 1862 Ἰσραὴλ,
456 1787 718 1860 ἁγιάσατε
747 1788 844 1847 τὸν
873 1797 1212 1863 φαυλίζοντα
1242 1789 1343 1862 τὴν
1383 1790 1569 1864 ψυχὴν
1600 1789 1793 1865 αὐτοῦ,

188 1873 284 1930 τὸν
317 1871 771 1947 βδελυσσόμενον
800 1872 908 1932 ὑπὸ
942 1878 1052 1932 τῶν
1078 1877 1263 1932 ἐθνῶν
1293 1880 1406 1932 τῶν
1437 1874 1656 1933 δούλων
1684 1880 1796 1934 τῶν

185 1955 491 2030 ἀρχόντων·
526 1963 773 2030 βασιλεῖς
813 1956 1047 2028 ὄψονται
1079 1956 1279 2032 αὐτὸν,
1327 1961 1421 2016 καὶ
1451 1956 1797 2033 ἀναστήσον-

123 2063 165 2096 20
187 2067 275 2098 ται
316 2040 608 2116 άρχοντες,
667 2046 759 2100 καὶ
816 2043 1307 2117 προσκυνήσουσιν
1340 2041 1540 2122 αὐτῷ,”
1597 2047 1690 2102 καὶ
1730 2045 1796 2103 τὰ

189 2128 338 2198 ἑξῆς·
385 2132 465 2184 17.
482 2125 565 2195 οἷς
580 2127 871 2200 ἐπιλέγει“
880 2133 1053 2206 καιρῷ
1079 2133 1255 2205 δεκτῷ
1273 2127 1554 2202 ἐπήκουσά
1568 2149 1690 2203 σου,
1704 2133 1796 2187 καὶ

187 2214 247 2268 ἐν
271 2207 446 2286 ἡμέρᾳ
477 2219 750 2285 σωτηρίας
793 2212 1079 2287 ἐβοήθησά
1103 2233 1220 2285 σοι,
1258 2216 1349 2272 καὶ
1389 2213 1571 2271 ἔδωκά
1615 2234 1677 2271 σε
1718 2221 1795 2282 εἰς

196 2294 476 2369 διαθήκην
509 2299 712 2370 ἐθνῶν,
745 2301 844 2355 τοῦ
873 2304 1210 2371 καταστῆσαι
1241 2297 1343 2371 τὴν
1373 2301 1508 2372 γῆν,
1544 2303 1636 2356 καὶ
1667 2308 1792 2373 κλη-

187 2385 490 2453 ρονομῆσαι
515 2389 879 2456 κληρονομίας
913 2382 1166 2457 ἐρήμους,
1199 2386 1432 2455 λέγοντα
1461 2397 1574 2449 τοῖς
1607 2386 1666 2440 ἐν
1710 2389 1794 2441 δε-

120 2484 162 2516 25
187 2478 375 2537 σμοῖς,
422 2469 702 2539 ἐξέλθετε,
751 2470 842 2524 καὶ
883 2481 997 2535 τοῖς
1038 2472 1098 2526 ἐν
1128 2471 1203 2544 τῷ
1249 2466 1465 2539 σκότει,
1512 2465 1795 2525 άνακαλυ-

186 2552 422 2621 φθῆναι,
455 2552 546 2607 καὶ
573 2553 632 2608 ἐν
661 2549 862 2618 πάσαις
886 2566 1005 2619 ταῖς
1035 2549 1186 2619 ὁδοῖς
1210 2551 1677 2624 βοσκηθήσονται,
1702 2555 1794 2610 καὶ

187 2636 247 2690 έν
277 2632 480 2702 πάσαις
510 2650 630 2702 ταῖς
659 2642 868 2709 τρίβοις
899 2633 932 2709 ἡ
964 2636 1104 2711 νομὴ
1135 2635 1348 2708 αὐτῶν,
1395 2635 1462 2694 οὐ
1493 2635 1794 2695 πεινάσου-

185 2734 276 2775 σιν
306 2716 439 2775 οὐδὲ
472 2718 835 2794 διψήσουσιν,
878 2721 1012 2779 οὐδὲ
1053 2720 1280 2789 πατάξει
1323 2717 1522 2787 αὐτούς
1562 2719 1790 2780 καύσων

300 2915 324 2954 6
355 2915 438 2958 Es.
466 2916 532 2961 49,
567 2916 605 2954 1.
783 2916 834 2954 12
865 2916 942 2957 Es.
967 2917 1036 2967 49,
1059 2916 1098 2958 6.
1275 2917 1329 2957 23
1363 2916 1439 2957 Es.
1463 2917 1533 2969 49,
1568 2918 1608 2960 7.
