1946 3158
215 131 284 182 66
880 131 1128 173 EUSEBII

217 262 414 322 φυτοῖς
446 254 854 322 παραπλησίαν.
921 249 1005 304 ἑνὶ
1039 244 1092 304 δ’
1126 239 1231 305 οὖν
1260 246 1404 324 λόγῳ
1436 246 1605 306 πάλιν
1635 244 1818 307 ὁΜω-

219 336 317 405 σῆς
362 354 499 406 φησι
529 331 626 390 τὸν
655 330 794 390 θεὸν
849 337 1030 389 εἰπεῖν
1092 327 1500 404 “βλαστησάτω
1541 329 1575 405 ἡ
1616 339 1685 404 γῆ
1727 340 1818 405 βο-

216 416 392 490 τάνην
422 418 640 490 χόρτου,
673 429 904 489 σπεῖρον
934 418 1148 490 σπέρμα
1179 418 1270 473 καὶ
1301 415 1467 484 ξύλον
1497 414 1800 490 κάρπιμονῖ

218 504 310 558 καὶ
342 494 508 568 αὖθις
539 499 972 574 παραπλησίως
977 497 1379 573 “ε’ξαγαγέτω’
1349 527 1381 575 η
1407 505 1478 575 γῆ
1511 501 1820 573 τετραποὸα

218 588 310 642 καὶ
351 585 549 660 ἑρπετὰ
591 589 684 642 καὶ
713 592 888 658 θηρία
917 590 1011 658 τῆς
1033 592 1133 658 γῆς
1157 583 1296 642 κατὰ
1327 585 1512 658 γέῖνος
1578 591 1661 641 13.
1682 583 1820 642 ῶστε

217 669 509 742 ὁμοιογενῆ
551 672 644 727 καὶ
683 668 1030 743 ὁμοφυῆκαὶ
1069 666 1336 743 ὁμοούσια
1379 670 1521 728 εἶναι
1560 669 1824 743 ἡγεῖσθαι

218 768 331 820 τοῖς
362 754 468 811 ἀπὸ
500 759 600 827 γῆς
641 754 986 827 βλαστῆμασι
1026 757 1116 811 καὶ
1150 770 1345 827 φυτοῖς
1387 752 1452 811 τοὶ
1491 754 1693 827 ἄλογα,
1737 753 1823 812 διὸ

217 841 308 895 καὶ
340 844 605 912 μηδαμῶς
637 847 978 912 πλημμελεῖν
998 838 1126 906 τούς
1159 842 1590 915 ζῳοθυτοὺντας.
1672 849 1823 913 εἴρη-

218 948 307 981 ται
337 927 475 996 γοῦν
501 927 592 981 καὶ
618 927 696 1000 τῷ
718 929 852 981 Νῶε
877 930 939 981 ἔὸ
945 934 1106 981 εσθαι
1137 926 1267 998 κρέα
1295 920 1372 990 ῶς
1397 922 1607 997 λάχανα
1628 921 1820 997 ἀγροῦ.

220 1012 299 1065 14.
337 1011 438 1074 ἕως
469 1010 571 1082 μὲν
609 1001 712 1066 οὖν
751 1006 974 1066 οὐδέπω
1014 1007 1074 1066 τὸ
1117 1023 1366 1081 κρεῖττον
1407 1006 1538 1066 οὐδὲ
1578 1006 1638 1066 τό
1682 1011 1820 1081 μέγα

218 1095 310 1150 καὶ
360 1099 543 1166 τίμιον
591 1096 684 1150 καὶ
737 1094 1047 1166 θεοπρεπὲς
1097 1092 1338 1166 σφάγιον
1378 1096 1562 1164 παρῆν
1603 1091 1824 1166 ἀνθρώ-

218 1200 360 1247 ποις,
391 1193 509 1244 ταῖς
535 1178 626 1235 διὰ
658 1176 811 1254 ζῴων
835 1184 1063 1244 θυσίαις
1088 1177 1259 1250 λύτρα
1298 1182 1394 1250 τῆς
1435 1180 1650 1235 ἑαυτῶν
1689 1181 1825 1247 ζωῆς

218 1264 310 1318 καὶ
340 1260 616 1336 ἀντίψυχα
646 1266 740 1335 τῆς
771 1269 978 1329 οίκείας
1007 1260 1230 1335 φύσεως
1261 1260 1650 1334 προσηκόντως
1692 1258 1825 1318 ἄπο-

219 1345 437 1403 διὸόναι
468 1354 608 1420 χρῆν
637 1350 713 1424 τῷ
726 1350 863 1423 θεῷ,
891 1345 963 1412 ῶς
995 1350 1085 1403 καὶ
1117 1352 1385 1419 ἔπραττον
1415 1351 1471 1403 οὗ
1499 1345 1669 1403 πάλαι
1698 1356 1825 1403 θεο-

217 1439 426 1503 φιλεῖς,
479 1430 684 1504 σεμνόν
723 1455 774 1488 τι
825 1434 916 1488 καὶ
961 1432 1222 1503 θεοφιλες
1281 1434 1372 1487 καὶ
1425 1434 1565 1504 μέγα
1620 1436 1823 1504 ιερεῖον

217 1513 368 1589 ἥξειν
399 1539 529 1573 ποτε
564 1522 640 1582 εις
671 1513 1011 1590 ανθρώπους
1050 1519 1127 1572 τῶ
1164 1521 1304 1573 θείω
1329 1513 1602 1588 πνεύματι
1641 1537 1823 1588 προει-

217 1599 470 1673 ληφότες,
503 1599 563 1657 τὸ
594 1604 694 1657 τοῦ
723 1601 929 1667 παντὸς
959 1599 1270 1702 καθαρσιον
1295 1599 1537 1701 κόσμου,
1547 1601 1613 1658 οὐ
1645 1601 1737 1656 καὶ
1759 1624 1824 1655 τα

176 1720 192 1739 0
220 1685 472 1758 σύμβολα
502 1690 636 1752 τέως
669 1689 941 1743 ἐπιτελεῖν
971 1709 1171 1750 αυτους
1194 1683 1479 1758 προφήτας
1508 1682 1700 1755 ὄντας,
1732 1686 1825 1740 καὶ

217 1767 276 1826 τὸ
300 1772 502 1842 μέλλον
534 1777 761 1827 ἔσεσθαι
791 1773 1304 1845 προτνπουμένους·
1341 1768 1531 1840 ἐπειδὴ
1563 1769 1624 1825 δὲ
1654 1767 1713 1825 τὸ
1737 1772 1826 1825 τέ-

218 1862 368 1911 λειον
398 1857 601 1926 παρῆν,
633 1868 745 1921 τοῖς
768 1857 879 1910 τῶν
910 1857 1211 1960 προφητῶν
1252 1850 1576 1919 ἀκολούθως
1621 1858 1824 1910 θεσπί-

218 1956 385 2010 σμασι
417 1941 664 1995 πέπαυτο
694 1963 759 1994 τα
790 1944 977 2011 πρῶτα
1010 1939 1103 1995 καὶ
1144 1942 1338 1995 λέλυτο
1369 1941 1700 2011 παραχρῆμα
1731 1937 1823 1994 διὰ

217 2025 326 2122 τῆςῗ
342 2026 440 2079 τοῦ
464 2028 771 2095 κρείττονος
796 2025 887 2079 καὶ
918 2019 1163 2122 αληθοῦς
1195 2028 1522 2095 ιερουργίας.
1568 2026 1647 2079 15.
1665 2014 1822 2087 οὗτος

219 2102 268 2163 δ’
286 2131 359 2178 ην
389 2103 418 2162 6
450 2104 681 2180 Χριστὸς
703 2111 799 2164 τοῦ
816 2110 974 2178 θεοῦ,
993 2105 1218 2164 ἄνωθεν
1251 2110 1309 2164 έκ
1333 2113 1585 2164 παλαιῶν
1608 2105 1824 2182 χρόνων

218 2189 371 2265 ἥξειν
405 2197 483 2258 είς
514 2187 852 2264 ἀνθρώπους
885 2194 977 2248 καὶ
1008 2191 1290 2264 προβατου
1324 2197 1487 2264 δίκην
1515 2216 1656 2265 υπερ
1688 2215 1824 2248 παν-

218 2275 307 2342 τὸς
338 2280 435 2332 τοῦ
462 2279 575 2333 τῶν
597 2272 917 2348 ανθρώπων
946 2279 1144 2383 γένους
1168 2276 1558 2378 σφαγήσεσθαι
1582 2299 1835 2348 προαγο-

220 2358 532 2433 ρευόμενος.
603 2352 638 2435 ᾗ
669 2379 806 2432 φησι
837 2362 963 2434 περὶ
992 2358 1167 2416 αυτοῦ
1206 2356 1433 2426 Ησαῖας
1473 2359 1500 2416 ὁ
1543 2358 1829 2466 προφήτης

208 2441 240 2463 “
260 2444 333 2511 ῶς
365 2443 644 2519 πρόβατον
676 2447 764 2502 ἐπὶ
797 2445 1019 2518 σφαγὴν
1047 2442 1214 2547 η’χθη,
1241 2447 1332 2501 καὶ
1365 2443 1436 2510 ῶς
1468 2440 1642 2549 ἀμνὸς
1672 2446 1829 2545 ἐζαν-

1646 2526 1658 2547 C

218 2536 340 2587 τίον
371 2554 468 2586 του
499 2535 779 2603 κείροντος
809 2553 1046 2602 αφωνος.
1127 2534 1206 2585 16.
1243 2531 1334 2585 καὶ
1367 2531 1605 2600 ἐπιλέγει
1669 2552 1828 2594 ουτος

220 2639 315 2680 τας
341 2612 608 2688 ἁμαρτίας
639 2613 796 2688 ἡμῶν
826 2617 984 2689 φέρει
1007 2659 1022 2686 ,
1055 2615 1147 2671 καὶ
1177 2615 1300 2685 περὶ
1346 2609 1502 2686 ἡμῶν
1532 2611 1825 2670 ὀδυνᾶται

332 2839 355 2875 2
389 2836 503 2879 Gen.
531 2839 667 2887 1,11.
803 2841 806 2843 ’
899 2840 925 2876 4
960 2836 1073 2878 Gen.
1105 2837 1153 2887 9,
1189 2838 1228 2876 3.
1469 2837 1522 2876 27
1554 2835 1632 2877 Es.
1671 2837 1746 2886 53,
1794 2837 1818 2875 7

218 2894 271 2933 28
303 2893 378 2932 Es.
412 2895 478 2942 53,
512 2896 552 2933 4.

1846 1032 1887 1064 10

1848 1455 1887 1488 15

1846 1876 1888 1908 20

1846 2299 1890 2330 25
