1992 3186
589 140 897 185 DEMONST.
917 141 1140 186 EVANG.
1162 141 1289 185 vm.
1310 143 1352 183 3.
1659 138 1765 192 549

155 256 375 334 ὀπώρας
409 263 817 333 διαφθαρείσης
848 259 1069 331 γέγονε,
1101 260 1312 331 μᾶλλον
1345 257 1404 315 δὲ
1437 262 1515 323 εἰς
1545 264 1762 314 λιθολο-

154 350 314 416 γίαν,
354 341 492 401 κατά
523 341 627 416 τὴν
658 341 955 416 Ἐβραϊκὴν
996 341 1333 415 ἀνάγνωσιν.
1419 346 1502 399 11.
1556 339 1584 398 5
1623 344 1764 413 γοῦν

148 427 382 495 Ἀκύλας
437 430 576 501 φησὶ
626 426 758 485 “διά
807 430 967 484 τοῦτο
1008 425 1170 501 χάριν
1209 425 1370 500 ὑμῶν
1413 422 1571 484 Σιων
1610 423 1762 501 χώρα

153 510 646 587 ἀροτριαθήσεται,
690 515 782 570 καὶ
806 508 1163 585 Ἰερουσαλὴμ
1193 507 1758 585 λιθολογ-ηθήσεται,”
1787 534 1810 567 d

110 596 262 657 5ὑπὸ
313 596 418 672 γὰρ
470 596 806 671 ἀλλοφύλων
845 593 1074 666 ἀνδρῶν
1129 605 1547 654 κατοικισθεῖσα
1599 597 1766 653 εἰσέτι

154 684 247 740 καὶ
278 680 520 757 σήμερον
543 689 939 754 λιθολογεῖται,
972 678 1199 738 πάντων
1223 678 1353 738 καθ’
1390 676 1532 754 ἡμᾶς
1563 678 1764 747 αὐτούς

153 771 266 824 τῶν
317 766 421 840 τὴν
466 765 629 824 πόλιν
681 763 990 824 οἰκούντων
1033 762 1162 831 τοὺς
1215 762 1323 822 ἀπὸ
1364 768 1460 837 τῆς
1503 763 1764 832 πτώσεως

154 848 325 924 αὐτῆς
377 856 573 918 λίθους
626 847 1051 923 ἀναλεγομένων
1106 857 1185 916 εἴς
1248 872 1307 906 τε
1368 849 1435 906 τὰ
1495 855 1611 907 ι”δια
1672 850 1764 906 καὶ

153 934 311 994 κοινά
342 937 435 992 καὶ
467 933 706 1009 δημόσια
736 932 1159 1007 οἰκοδομήματα.
1226 938 1308 991 12.
1355 936 1448 991 καὶ
1480 941 1630 992 ἔστιν
1662 931 1766 1007 ὀφ-

90 1047 131 1080 10
153 1028 391 1094 θαλμοΐς
421 1025 770 1094 παραλαβεῖν
801 1018 1146 1092 σκυθρωπὸν
1168 1019 1383 1092 θέαμα,
1415 1016 1547 1084 τούς
1580 1021 1633 1086 ἐξ
1667 1015 1765 1074 αύ-

153 1108 251 1162 τοῦ
301 1106 401 1162 τοῦ
454 1108 608 1178 ἱεροῦ
658 1105 750 1161 καὶ
803 1102 991 1160 αὐτῶν
1029 1107 1142 1160 τῶν
1187 1101 1357 1160 πάλαι
1407 1100 1631 1160 ἀδύτων
1673 1105 1766 1159 καὶ

152 1187 330 1262 ἁγίων
360 1194 558 1256 λίθους
600 1194 676 1255 εἰς
706 1186 773 1245 τά
817 1191 930 1245 τῶν
972 1186 1221 1245 εἰδωλων
1261 1189 1461 1261 τεμένη
1505 1195 1582 1254 εἴς
1612 1209 1672 1244 τε
1701 1187 1768 1244 τά

152 1296 266 1331 των
288 1271 598 1347 πανδήμων
628 1270 929 1346 θεαμάτων
970 1269 1468 1346 κατασκευάσματα
1499 1270 1770 1345 ἀπειλημ-

153 1358 380 1431 μένους
415 1382 494 1415 ων
517 1355 693 1425 ούτως
719 1360 988 1460 ἐναργῶς
992 1370 1106 1423 τοῖς
1140 1360 1312 1415 πᾶσιν
1344 1355 1644 1432 ὁρωμένων
1677 1358 1769 1413 καὶ

90 1468 130 1502 15
154 1437 182 1499 5
215 1441 403 1507 καινὸς
442 1442 611 1516 νόμος
650 1443 741 1499 καὶ
774 1439 935 1514 λόγος
964 1439 993 1497 ὁ
1034 1445 1130 1515 τῆς
1169 1445 1363 1516 καινῆς
1393 1446 1491 1498 τοῦ
1523 1446 1779 1515 σωτῆρος

152 1522 314 1600 ἡμῶν
351 1525 535 1600 Ἰησοῦ
581 1531 680 1584 τοῦ
722 1530 966 1601 Χριστοῦ
1009 1524 1282 1599 διαθήκης
1325 1528 1546 1583 ἐκεῖθέν
1585 1536 1766 1582 ποθεν

154 1609 454 1685 προελθών
507 1616 671 1684 δῆλος
713 1607 783 1668 ἂν
824 1619 922 1683 εἴη.
1008 1614 1088 1667 13.
1137 1608 1224 1683 ἐφ’
1271 1602 1315 1686 ᾧ
1355 1616 1528 1683 μυρία
1569 1607 1759 1682 πλήθη
1783 1632 1872 1673 (ιοτ)

155 1697 334 1768 λαῶν,
390 1701 531 1768 ἔθνη
583 1718 643 1752 τε
694 1708 929 1753 παντοῖα
980 1697 1093 1752 τῶν
1145 1699 1396 1768 πατρίων
1447 1691 1764 1751 ἀποστάντα

154 1781 310 1836 θεῶν
358 1781 450 1836 καὶ
500 1782 599 1852 τῆς
641 1783 879 1845 παλαιᾶς
922 1783 1332 1853 δεισιδαίμονος
1375 1776 1616 1852 πλάνης,
1667 1776 1764 1836 τὸν

91 1891 133 1923 20
159 1865 247 1920 ἐπὶ
277 1861 505 1921 πάντων
536 1861 675 1922 θεὸν
705 1862 1077 1922 ἀνακαλεῖται.
1142 1867 1222 1920 14.
1258 1861 1343 1920 διὸ
1374 1865 1466 1920 καὶ
1496 1865 1762 1935 κατηξίω-

155 1971 242 2005 ται
281 1950 378 2020 τῆς
417 1947 737 2021 βαθυτάτης
779 1946 1034 2022 εἰρήνης,
1088 1943 1160 2014 ὦς
1199 1949 1390 2021 μηκέτι
1429 1954 1766 2022 πολυαρχίας

159 2032 301 2088 εἶναι
341 2033 482 2105 μηδὲ
514 2039 798 2105 βασιλείας
836 2034 972 2090 κατὰ
1015 2030 1216 2100 τόπους
1249 2031 1431 2106 “μηδὲ
1465 2037 1629 2098 ἔθνος
1675 2031 1759 2088 ἐπ’

159 2121 324 2182 ἔθνος
357 2120 640 2191 ῥομφαίαν
670 2127 885 2192 αἴρειν,
918 2113 1072 2190 μηδ’,
1107 2113 1179 2183 ὦς
1209 2115 1269 2173 τὸ
1302 2117 1465 2191 πρὶν,
1509 2119 1765 2189 πολέμοις

157 2214 271 2268 τοῖς
310 2198 430 2258 κατ’
468 2198 727 2273 ἀλλήλων
765 2199 1077 2275 σχολάζειν,
1120 2198 1512 2260 ἀναπαύεσθαι
1556 2202 1617 2258 δὲ
1656 2204 1767 2257 τῶν

92 2312 133 2344 25
159 2288 422 2358 γεωργῶν
454 2288 686 2344 ἕκαστον
715 2282 974 2344 ὑποκάτω
1006 2283 1254 2360 ἀμπέλου
1272 2288 1364 2343 καὶ
1385 2283 1643 2343 ὑποκάτω
1667 2304 1769 2342 συ-

156 2372 254 2440 κῆς
297 2367 502 2442 αὑτοῦ,
544 2370 780 2445 μηδενὸς
813 2373 1184 2443 ἐκφοβοῦντος
1216 2366 1456 2436 αύτούς”
1489 2366 1627 2426 κατά
1665 2368 1767 2439 τὴν

157 2459 514 2526 προφητείαν.
588 2459 668 2511 15.
705 2447 784 2511 ὧν
822 2451 996 2520 οὕτως
1028 2451 1151 2511 οὐδ’
1200 2451 1397 2510 ἄλλοτέ
1432 2474 1517 2509 πω
1552 2455 1604 2519 ἐξ
1637 2457 1764 2509 αἰῶ·
1792 2476 1815 2509 b

153 2559 248 2602 νος
279 2535 548 2611 πρότερον
579 2535 612 2610 ἢ
643 2537 780 2595 κατά
809 2537 911 2611 τὴν
942 2541 1052 2594 τῶν
1090 2533 1372 2611 Ῥωμαίων
1405 2534 1762 2610 ἐπικράτησιν

157 2616 264 2676 ἀπὸ
294 2623 409 2677 τῶν
438 2619 656 2693 χρόνων
694 2628 790 2694 τῆς
833 2626 1158 2694 ἐπιφανείας
1190 2625 1291 2678 τοῦ
1330 2626 1574 2694 σωτῆρος
1604 2618 1764 2693 ἡμῶν

94 2731 135 2763 30
160 2706 253 2760 καὶ
286 2709 362 2769 εἰς
392 2707 559 2778 δεῦρο
593 2708 1050 2778 συντελουμένων
1089 2702 1502 2779 ἀναμφίλεκτον
1526 2704 1763 2778 ἡγοῦμαι

160 2787 261 2859 τὴν
293 2786 577 2857 ἀπόδειξιν
610 2791 895 2862 εἰληφέναι
937 2788 1033 2846 τὸν
1073 2789 1274 2863 χρόνον
1314 2793 1410 2862 τῆς
1441 2792 1762 2864 θεσπιζομέ-

160 2895 258 2944 νης
290 2877 367 2940 εἰς
399 2869 734 2947 ἀνθρώπους
764 2879 862 2931 τοῦ
894 2879 1092 2947 κυρίου
1123 2879 1444 2949 παρουσίας.
