1946 3158
233 114 332 167 186
902 113 1151 157 EUSEBH

231 233 321 289 καὶ
373 229 667 304 τετάρακτο
721 227 820 303 τὴν
863 229 1076 303 ψυχὴν,
1125 229 1207 288 ὅτι
1255 229 1412 288 αὐτοὶ
1473 227 1642 288 αὐτὸν
1697 227 1837 288 ἀπο-

230 315 484 382 λιπόντες
517 313 751 392 ᾤχοντο,
784 311 817 387 ἢ
847 313 931 371 ότι
970 310 998 371 ὁ
1039 313 1266 373 πάντων
1307 313 1493 373 αὐτῶν
1538 337 1828 390 προκεκρι-

229 403 391 474 μένος
423 397 720 466 ἀπόστολός
743 422 800 455 τε
825 401 915 456 καὶ
947 400 1201 472 μαθητὴς
1232 397 1407 457 αὐτοῦ
1425 403 1635 471 Πέτρος
1666 398 1835 472 βασά·

230 510 346 542 νων
393 482 542 551 ἐκτὸς
574 485 665 540 καὶ
696 479 1020 557 άρχοντικῆς
1050 481 1278 557 ἀπειλῆς
1300 469 1487 557 τρίτον
1507 481 1678 541 αὐτὸν
1709 487 1835 552 ἐξω-

229 567 448 642 μόσατο.
516 572 687 624 ταῦτα
726 567 831 642 γὰρ
868 564 973 625 κᾶν
1013 565 1197 625 ἄλλων
1237 566 1513 641 λεγόντων
1554 573 1692 642 χρῆν
1734 566 1835 640 δή·
1859 591 1879 625 5

231 663 447 710 πουθεν
478 648 773 727 ἀρνεῖσθαι
804 652 934 718 τούς
965 650 1132 710 οὐδὲν
1163 650 1295 710 ἄλλο
1341 649 1374 724 ἢ
1419 660 1741 728 χαρίζεσθαι
1771 651 1836 710 τὰ

230 735 533 811 σεμνότερα
562 741 638 813 τῷ
673 735 990 814 διδασκάλῳ
1022 739 1502 811 προτεθειμένους.
1550 741 1664 794 101.
1703 743 1754 794 εἰ
1776 737 1836 794 δὲ

231 819 562 895 φιλαλήθεις
604 825 664 879 ἐν
694 834 807 888 τοῖς
839 823 965 895 περὶ
1021 819 1194 879 αὐτοῦ
1231 831 1589 896 σκυθρωποῖς
1643 820 1839 895 διηγή-

187 939 207 961 e
230 925 362 980 μασι
406 911 721 979 φαίνονται,
763 904 905 963 πολὺ
946 909 1155 980 μᾶλλον
1198 909 1258 964 ἐν
1317 919 1431 972 τοῖς
1473 908 1837 980 ἐνδοξοτέροις

232 991 345 1050 εἷεν
384 986 453 1047 ἂν
495 994 746 1049 τοιοῦτοι.
812 990 940 1057 τοὺς
978 988 1084 1063 γάρ
1125 988 1266 1058 ἅπαξ
1307 988 1619 1058 ψεύδεσθαι
1673 1014 1839 1065 προε-
1863 1015 1902 1047 ιο

231 1078 496 1149 λομένους
526 1075 592 1132 τὰ
615 1073 836 1150 λυπηροὶ
866 1078 1005 1149 χρῆν
1034 1079 1243 1147 μᾶλλον
1286 1077 1553 1148 ἐκφυγεῖν
1592 1073 1711 1146 ἤτοι
1747 1073 1836 1131 διὰ

230 1167 461 1232 σιωπῆς,
493 1156 526 1231 ἢ
555 1157 646 1216 διὰ
675 1162 770 1232 τῆς
802 1161 927 1233 περὶ
971 1155 1158 1216 αὐτῶν
1187 1156 1503 1232 ἀρνήσεως,
1546 1157 1619 1232 μὴ
1660 1157 1837 1226 ἄλλως

230 1248 342 1302 τῶν
380 1241 662 1317 ὀψιγόνων
704 1244 914 1316 ἐλέγξαι
977 1246 1307 1317 δυναμένων
1365 1243 1431 1300 τα
1483 1245 1831 1317 σεσιγημένα.

234 1333 350 1386 102.
401 1328 491 1385 διὰ
522 1334 579 1386 τί
605 1326 710 1402 γὰρ
740 1327 813 1401 μὴ
849 1326 1181 1400 ἐψεύσαντο,
1215 1331 1307 1385 καὶ
1332 1334 1547 1402 ἔφησαν
1586 1326 1670 1386 ὅτι
1705 1326 1838 1386 Ἰού-

232 1419 331 1480 δας
374 1414 475 1486 μὲν
514 1411 542 1470 ὁ
595 1411 840 1485 προδούς
882 1409 1052 1470 αὐτὸν
1103 1411 1400 1486 φιλήματι,
1451 1411 1726 1486 τολμήσας
1775 1405 1901 1470 v615

230 1497 513 1572 σύμβολον
555 1499 910 1565 ἐνδείξασθαι
952 1499 1046 1570 τῆς
1088 1502 1418 1571 προδοσίας,
1450 1494 1836 1571 άπολιθωθείη

230 1579 456 1656 αὐτίκα,
500 1578 528 1639 ὁ
574 1582 633 1639 δὲ
676 1586 907 1658 ῥαπίσαι
941 1579 1109 1640 αὐτὸν
1139 1580 1414 1656 τολμήσας
1457 1581 1618 1656 ξηρὸς
1658 1605 1839 1652 παρα-

229 1669 407 1741 χρῆμα
439 1669 652 1740 γένοιτο
683 1665 784 1740 τὴν
825 1666 1038 1739 δεξιὰν,
1087 1665 1115 1723 ὁ
1155 1665 1206 1723 δ’
1244 1663 1529 1741 ἀρχιερεὺς
1559 1664 1839 1739 Καϊάφας,

230 1748 302 1819 ὡς
362 1748 431 1809 ἂν
490 1753 809 1851 συντρέχων
866 1766 980 1817 τοῖς
1038 1747 1161 1808 κατ’
1223 1747 1393 1808 αὐτοῦ
1445 1748 1837 1824 συκοφάνταις,

182 1842 520 1910 ἀπηρωθείη
560 1860 654 1901 τας
685 1833 866 1904 ὅψεις;
931 1839 1045 1892 103.
1093 1832 1183 1891 δια
1222 1841 1280 1891 τί
1318 1835 1379 1891 δε
1418 1833 1492 1907 μὴ
1534 1833 1838 1902 ἐψεύσαντο
1861 1863 1902 1896 20

230 1921 458 1992 πάντες,
512 1917 595 1977 ὅτι
639 1920 816 1992 μηδεν
860 1918 1204 1993 σκυθρωπὸν
1244 1915 1468 1991 άληθως
1509 1921 1636 1992 περὶ
1669 1917 1839 1978 αὐτὸν

230 2007 488 2077 γέγονεν,
541 2000 663 2059 αλλ’
707 1999 735 2060 ὁ
777 2027 878 2076 μεν
919 2001 1135 2076 ἀφανὴς
1187 2003 1258 2075 ήν
1309 2002 1684 2076 καταγελάσας
1737 2000 1840 2062 αύ-

229 2094 341 2147 τῶν
380 2091 479 2145 τοῦ
528 2093 914 2160 δικαστηρίου,
974 2113 1025 2146 οι
1077 2089 1137 2145 δε
1188 2087 1671 2160 ἐπιβουλεύοντες,
1729 2086 1838 2145 ὑπὸ

230 2179 538 2246 φαντασίας
595 2171 875 2243 θεηλάτου
941 2170 1325 2246 πλανώμενοι,
1397 2176 1646 2245 ἐνεργεῖν
1713 2169 1833 2229 κατ’

230 2253 400 2314 αὐτοῦ
450 2250 522 2330 μὴ
575 2254 847 2328 παρόντος
902 2255 1160 2325 ἐδόκουν;
1212 2261 1271 2314 τί
1313 2252 1371 2313 δ’
1425 2254 1560 2326 ἅρα;
1612 2254 1715 2313 οὐκ
1766 2249 1836 2328 ἦν
1858 2279 1899 2312 25

230 2339 563 2415 σεμνότερον
607 2342 706 2397 τοῦ
748 2338 1085 2398 πλάττεσθαι
1129 2339 1210 2397 ὅτι
1259 2343 1371 2397 τῶν
1414 2343 1645 2397 τοιῶνδε
1683 2363 1837 2412 ποιη-

230 2427 326 2499 τὴς
359 2431 536 2500 ἔργων
578 2422 908 2498 παραδόξων
946 2427 1204 2496 γέγονεν,
1245 2424 1304 2481 τὸ
1345 2422 1583 2497 γράφειν
1624 2422 1706 2480 ὅτι
1737 2448 1836 2497 μη-

234 2511 331 2568 δὲν
371 2511 473 2583 μὲν
514 2507 876 2580 ἀνθρώπινον
914 2509 1053 2581 μηδὲ
1083 2506 1294 2580 θνητὸν
1338 2510 1465 2581 περὶ
1506 2504 1675 2566 αὐτὸν
1705 2526 1836 2566 συν·

234 2597 361 2668 έβη,
405 2597 582 2670 ἐνθέῳ
626 2595 688 2651 δὲ
730 2591 962 2666 δυνάμει
1011 2592 1076 2650 τὰ
1131 2591 1310 2649 πάντα
1356 2591 1836 2666 καταστησάμενος

231 2679 332 2751 τὴν
374 2685 451 2745 εἰς
503 2675 776 2750 οὐρανούς
819 2676 1094 2735 ἐπάνοδον
1133 2675 1268 2749 μετὰ
1326 2679 1612 2751 θειοτέρας
1674 2676 1833 2749 δόξης
1856 2682 1897 2734 30

118 2786 208 2827 (124)
235 2762 552 2836 ἐποιήσατο;
608 2760 675 2819 οὐ
717 2762 821 2835 γὰρ
858 2760 925 2835 δὴ
965 2760 1177 2827 τούτοις
1217 2757 1469 2819 άπιστεῖν
1515 2768 1742 2834 ἔμελλον
1782 2764 1839 2818 οἱ

230 2861 347 2914 ταῖς
378 2843 567 2913 ἄλλαις
601 2844 792 2906 αὐτῶν
819 2844 1101 2920 διηγήσεσι
1135 2843 1573 2912 πεπιστευκότες.
1632 2849 1745 2902 104.
1781 2849 1838 2902 οἱ
