1992 3186
553 151 859 194 DEMONST.
880 152 1100 194 EVANG.
1122 154 1200 194 lv.
1220 153 1287 194 16.
1623 149 1726 202 261

117 275 230 328 τῶν
259 265 436 341 ἆγίων
465 265 691 343 ἀνδρῶν
722 265 891 342 εὐχὴν
921 265 1232 342 ἀναπέμπει
1264 273 1341 334 εἰς
1371 265 1430 324 τὸ
1461 271 1560 325 τοῦ
1592 276 1730 339 Χρι-

119 356 254 412 στοῦ
283 352 594 428 πρόσωπον.
653 352 843 425 ἐπειδὴ
867 352 972 426 γὰρ
1005 351 1080 410 δι’
1117 352 1257 426 ἡμᾶς
1288 354 1380 409 καὶ
1402 348 1542 425 ὑπὲρ
1573 347 1731 425 ἡμῶν
1754 385 1771 407 c

120 443 307 496 πᾶσαν
357 437 655 506 ἀνεδέξατο
706 436 875 511 ὕβριν
930 435 1395 511 ἐνανθρωπήσας,
1450 435 1730 512 εὐχομένω

119 522 271 600 αὐτῷ
309 525 401 579 καὶ
443 525 688 599 δεομένω
731 526 832 580 τοῦ
861 522 1065 594 πατρὸς
1104 521 1246 594 ὑπὲρ
1286 520 1443 595 ἡμῶν
1476 519 1731 578 διδασκό-

77 635 98 667 5
119 618 268 682 μεθα
298 605 695 680 συνεύχεσθαι,
727 605 817 664 οἷα
843 606 911 679 δὴ
935 605 1064 674 τούς
1089 603 1223 664 καθ’
1257 605 1415 679 ἡμῶν
1439 609 1730 678 πολέμους,

121 702 229 750 εἴτε
258 687 491 765 ὁρατούς
524 701 634 748 εἴτε
664 694 756 748 καὶ
788 690 1085 764 ἀοράτους,
1119 689 1464 765 ἀμυνομένῳ.
1523 687 1608 746 διὸ
1639 695 1738 745 καί

119 801 304 850 φαμεν
325 773 483 849 ἡμεῖς
507 773 642 849 πρὸς
660 774 831 833 αὐτὸν
854 773 959 832 ἀπὸ
983 779 1081 832 τοῦ
1099 779 1334 847 Ψαλμοῦ
1351 773 1525 839 οὕτως
1539 781 1731 846 ἔχοντα

111 857 456 918 “ἐπακου’σαι
486 878 589 916 σου
620 861 808 933 κύριος
841 863 902 916 ἐν
932 858 1106 933 ἡμέρᾳ
1130 857 1379 927 θλίψεως
1411 878 1533 929 σου,
1558 854 1731 938 ,ὑπερ-

121 950 350 1001 ασπίσαι
380 963 483 1001 σου
514 942 573 1000 τὸ
603 941 778 1016 ὄνομα
808 947 906 1001 τοῦ
929 947 1069 1000 θεοῦ
1093 941 1300 1015 Ἰακώβ.
1358 945 1733 1010 ἐξαποστείλαι

58 1055 98 1087 10
122 1048 208 1087 σοι
238 1027 510 1100 βοήθειαν
543 1031 595 1095 ἐξ
620 1024 802 1100 ἁγίου,
836 1030 927 1084 καὶ
947 1031 1006 1084 ἐκ
1026 1026 1180 1084 Σιών
1204 1024 1551 1098 ἇντιλοὲβοιτό
1582 1022 1733 1082 σου.”

251 1117 331 1169 11.
376 1110 495 1169 Εἶτ’
545 1110 843 1185 ἐπειδήπερ
887 1114 1037 1169 ἐστὶν
1077 1117 1285 1168 οἰκεῖον
1330 1108 1481 1186 αὐτῷ
1518 1107 1614 1166 ἅτε
1643 1132 1735 1182 με-

123 1195 274 1273 γάλω
304 1193 422 1253 ὅντι
453 1193 699 1270 ἀρχιερεῖ
726 1196 820 1262 τὰς
847 1199 907 1253 ἐν
932 1199 1271 1267 δοξολογίαις
1295 1197 1388 1252 καὶ
1419 1199 1734 1266 θεολογίαις
1759 1213 1782 1245 d

124 1279 499 1354 πνευματικὰς
546 1286 859 1354 ἱερουργίας
913 1276 1056 1353 ὑπὲρ
1108 1278 1267 1353 ἡμῶν
1322 1282 1590 1350 ἐκτελεῖν,
1644 1280 1736 1334 καὶ

126 1363 421 1443 ἐπειδήπερ
453 1361 542 1420 οἶά
572 1372 631 1421 τε
662 1364 843 1438 ίερεῦς
874 1362 1038 1431 αὐτός
1062 1389 1120 1422 τε
1147 1362 1347 1421 ἑαυτὸν
1371 1365 1463 1420 καὶ
1494 1360 1560 1420 ὃν
1590 1361 1736 1419 ἀνει-

62 1477 102 1507 15
126 1457 303 1520 ληφεν
355 1445 462 1504 ἀπὸ
501 1452 601 1519 γῆς
645 1446 952 1521 ἄνθρωπον
997 1447 1138 1522 ὑπὲρ
1179 1445 1337 1521 ἡμῶν
1377 1444 1738 1519 ὁλοκαύτωμα

125 1530 541 1606 προσανήνεγκε
585 1537 661 1608 τῷ
706 1536 824 1589 θεω
868 1535 960 1588 καὶ
991 1535 1184 1605 πατρὶ,
1230 1531 1320 1588 δια
1362 1530 1524 1591 τουτό
1554 1554 1739 1603 φαμεν

126 1614 278 1691 αὐτῷ
298 1612 616 1688 “μνησθείη
657 1634 834 1689 πασης
873 1623 1080 1681 θυσίας
1120 1634 1250 1686 σου,
1293 1618 1385 1672 καὶ
1414 1613 1474 1671 τὸ
1505 1611 1738 1671 ὁλοκαύ-

124 1723 277 1772 τωμα
320 1718 423 1756 σου
465 1723 729 1757 πιανατω.
740 1697 768 1719 ”
848 1705 927 1757 12.
962 1703 1054 1757 καὶ
1099 1703 1217 1756 ἐπεὶ
1258 1723 1439 1756 παντα
1470 1696 1569 1755 ὅσα
1602 1705 1740 1771 βου-

125 1783 344 1841 λεύεται
375 1782 617 1857 σωτήρια
649 1787 760 1841 ἐστι
785 1787 876 1841 καὶ
901 1781 1151 1857 ὠφέλιμα
1177 1788 1238 1841 ἐν
1259 1787 1337 1859 τῷ
1359 1782 1566 1859 κόσμῳ,
1601 1781 1740 1839 εἰκό-

64 1895 104 1927 20
127 1891 232 1933 τως
274 1871 664 1941 ἐπιφωνοῦμεν
704 1865 852 1944 αὐτῷ
914 1866 1072 1944 “δῳή
1113 1886 1200 1926 σοι
1239 1867 1431 1941 κύριος
1472 1865 1608 1924 κατὰ
1638 1866 1740 1937 τὴν

127 1956 365 2024 καρδίαν
395 1949 536 2009 σου”
581 1954 833 2025 λέγοντες
864 1951 995 2009 “noel
1027 1957 1212 2010 πᾶσαν
1252 1951 1355 2024 τὴν
1395 1949 1608 2023 βουλήν
1639 1969 1741 2007 σου

128 2033 430 2136 πληρωσαι.
441 2032 471 2054 ”
544 2040 624 2093 13.
660 2034 741 2102 οἷς
785 2039 906 2110 εξῆς
946 2035 1049 2109 τὴν
1092 2041 1152 2094 ἐκ
1191 2039 1407 2110 νεκρῶν
1436 2032 1743 2092 ἀνάστασιν

130 2115 302 2176 αυτοῦ
345 2115 748 2192 ὁμολογουντες
788 2145 971 2194 φαμεν
1007 2117 1516 2193 ’(ἆγαλλιασώμεθα
1558 2122 1617 2176 ἐν
1666 2123 1742 2195 τῷ

131 2209 382 2279 σωτηρίῳ
414 2221 531 2261 σου.
540 2202 571 2223 ”
627 2203 900 2278 σωτήριον
930 2229 1034 2277 γαρ
1065 2208 1418 2278 τουΧριστοῦ
1447 2210 1504 2261 τί
1530 2229 1600 2261 αν
1632 2206 1742 2259 ἕτε-

66 2313 106 2344 25
130 2310 229 2358 ρον
258 2301 471 2359 νοοῖτο,
505 2295 557 2345 εἰ
583 2288 656 2361 μὴ
689 2285 721 2360 ἡ
757 2293 815 2345 ἐκ
847 2294 1063 2363 νεκρῶν
1093 2288 1392 2355 ἀνάστασις
1424 2287 1626 2360 αὐτοῦ,
1661 2283 1737 2343 δι’
1764 2310 1855 2352 (185)

128 2363 192 2442 ἧς
232 2373 323 2428 καὶ
366 2370 574 2439 πάντας
619 2396 747 2440 τους
770 2376 922 2478 πρὶν
965 2372 1378 2439 ἐκπεπτωκότας
1423 2369 1739 2443 ανίστησιν;

129 2451 266 2512 οθεν
296 2479 482 2528 φαμεν
504 2452 636 2513 “καὶ
668 2461 729 2513 ἐν
759 2455 985 2530 ὀνόματι
1019 2461 1160 2515 θεοῦ
1191 2456 1349 2530 ἡμων
1387 2464 1740 2528 μεγαλυνθη-

131 2535 371 2638 σόμεὲὶα,
426 2541 518 2596 καὶ
571 2539 860 2614 πληρώσαι
912 2540 1100 2615 κύριος
1140 2563 1320 2597 παντα
1360 2564 1426 2596 τα
1468 2535 1740 2611 αἰτήματα

132 2636 250 2676 σου.
353 2626 433 2679 14.
470 2626 557 2679 ἐπὶ
597 2629 731 2681 πᾶσι
772 2622 985 2690 τούτοις
1030 2623 1413 2696 διδασκόμεθα
1454 2626 1637 2695 λέγειν
1680 2619 1740 2678 τὸ

1658 2703 1740 2726 η’,

69 2728 110 2762 30
142 2699 271 2760 νῦν
302 2710 483 2775 ἔγνων
530 2711 612 2763 ὄτι
653 2715 824 2766 ἐσωσε
866 2707 1053 2782 κύριος
1094 2707 1190 2764 τὸν
1230 2705 1470 2781 Χριστὸν
1511 2702 1701 2778 αὐτου,

246 2897 271 2936 8
304 2897 375 2936 Ps.
403 2899 468 2945 19,
496 2900 530 2937 1.
707 2903 756 2941 17
788 2903 860 2944 Ps.
890 2904 955 2954 19,
979 2907 1018 2945 3.
