1992 3186
231 125 335 178 238
895 125 1144 168 EUSEBII

1545 239 1574 261 >9

233 249 351 315 τία,
395 237 428 315 ἡ
470 241 532 299 δὲ
575 240 808 314 δύναμις
846 246 943 313 τῆς
982 238 1247 313 ἁμαρτίας
1286 239 1315 298 ὁ
1355 239 1534 314 νόμος.
1638 247 1687 299 6
1733 265 1838 299 τοι-

121 351 209 391 (167)
234 326 371 399 αύτη
401 350 482 393 τις
514 324 665 402 αὐτῷ
694 327 786 382 καὶ
816 326 973 398 μέχρι
993 328 1091 383 τοῦ
1105 323 1357 383 θανάτου
1379 329 1593 398 ἐγένετο
1624 324 1657 397 ἡ
1689 332 1839 383 οἰκο-

231 418 424 484 νομία,
456 411 518 482 ἧς
550 408 616 466 οὐ
647 415 781 482 μίαν
812 414 1013 481 αἰτίαν,
1045 407 1183 466 ἀλλὰ
1214 412 1306 466 καὶ
1329 415 1554 476 πλείους
1587 407 1738 484 εὕροι
1768 407 1839 467 ἄν

231 518 311 561 τις
345 492 615 565 ἐθελήσας
647 500 840 566 ζητεῖν.
902 491 1127 566 πρώτην
1166 494 1268 566 μὲν
1298 492 1402 567 γὰρ
1432 517 1460 551 o
1493 492 1651 566 λόγος
1683 493 1838 551 διδά-

233 598 371 649 σκει,
401 582 495 634 ἵνα
515 579 609 634 καὶ
639 579 856 651 νεκρῶν
885 578 974 633 καὶ
1001 575 1221 646 ζώντων
1244 576 1538 651 κυριεύσῃ·
1573 581 1840 651 δευτέραν
1862 601 1882 634 5

233 663 327 734 δὲ,
368 660 516 728 ὅπως
556 659 652 728 τὰς
697 660 962 734 ἡμετέρας
994 658 1324 734 άπομάξοιτο
1363 657 1658 734 ἁμαρτίας,
1698 658 1839 733 ὑπὲρ

230 745 388 819 ἡμῶν
432 747 624 813 τυθεὶς
665 748 757 802 καὶ
787 744 1082 818 γενόμενος
1116 743 1258 818 ὑπὲρ
1298 743 1455 818 ἡμῶν
1495 744 1728 819 κατάρα·
1793 751 1837 803 7.

230 836 449 904 τρίτην,
493 828 566 896 ὡς
605 827 675 887 ἂν
707 834 910 903 ἱερεῖον
948 833 1088 887 θεοῦ
1120 831 1212 886 καὶ
1242 828 1452 904 μεγάλη
1491 836 1667 888 θυσία
1696 826 1840 902 ὑπὲρ

231 918 329 971 τοῦ
372 912 689 987 σύμπαντος
729 912 938 986 κόσμου
978 922 1322 987 προσαχθείη
1361 918 1437 990 τῷ
1481 916 1570 971 ἐπὶ
1614 913 1841 972 πάντων

230 1002 376 1074 θεῷ·
443 996 734 1071 τετάρτην,
778 994 850 1065 ὡς
890 995 960 1055 ἂν
999 997 1142 1056 οὕτω
1181 1002 1277 1070 τῆς
1317 1002 1704 1064 πολυπλανοῦς
1749 1001 1839 1055 καὶ
1863 1021 1904 1053 10

234 1085 556 1155 δαιμονικῆς
601 1085 879 1156 ἐνεργείας
920 1080 1249 1155 ἀπορρήτοις
1289 1080 1469 1155 λόγοις
1510 1089 1842 1155 καθαίρεσιν

231 1163 626 1239 ἀπεργάσαιτο·
674 1171 721 1223 8.
756 1169 1008 1239 πέμπτην
1042 1169 1129 1223 ἐπὶ
1159 1164 1359 1240 ταύτῃ,
1393 1162 1465 1233 ὡς
1495 1163 1565 1223 ἂν
1594 1180 1707 1233 τοῖς
1738 1164 1844 1223 αὐ-

231 1253 330 1307 τοῦ
369 1255 664 1323 γνωρίμοις
708 1252 799 1307 καὶ
841 1260 1116 1323 μαθηταῖς
1156 1254 1251 1323 τῆς
1292 1249 1426 1322 μετὰ
1466 1248 1563 1307 τὸν
1591 1249 1842 1308 θάνατον

231 1333 380 1409 παρὰ
410 1338 526 1410 θεῷ
574 1339 711 1405 ζωῆς
757 1333 858 1406 τὴν
905 1338 1100 1391 ἐλπίδα
1131 1332 1204 1407 μὴ
1250 1333 1432 1405 λόγοις
1468 1334 1608 1407 μηδὲ
1639 1332 1842 1408 ῥήμασι

231 1421 322 1475 καὶ
352 1433 587 1490 φωναῖς,
618 1417 756 1474 ἀλλὰ
787 1416 974 1484 αὐτοῖς
1007 1424 1186 1491 ἔργοις
1216 1416 1590 1491 παραστήσας,
1621 1415 1841 1491 ὀφθαλ·
1864 1442 1904 1474 15

230 1515 352 1575 μοῖς
397 1525 455 1558 τε
494 1502 777 1575 παραδοὺς
822 1501 924 1573 τὴν
971 1500 1061 1558 διὰ
1105 1506 1218 1559 τῶν
1264 1500 1445 1574 λόγων
1489 1505 1839 1574 ἐπαγγελίαν,

232 1583 528 1660 εὐθαρσεῖς
551 1585 752 1652 αὐτοὺς
774 1589 866 1643 καὶ
888 1587 1341 1659 προθυμοτέρους
1361 1584 1726 1660 ἀπεργάσοιτο
1747 1588 1840 1643 καὶ

230 1673 400 1727 πᾶσιν
426 1669 687 1743 Ἐλλησιν
726 1669 865 1743 ὁμοῦ
907 1672 998 1727 καὶ
1029 1669 1332 1744 βαρβάροις
1373 1669 1472 1743 τὴν
1501 1668 1636 1741 πρὸς
1667 1668 1842 1726 αὐτοῦ

231 1761 682 1827 καταβληθεῖσαν
714 1751 916 1826 εὐσεβῆ
947 1760 1229 1811 πολιτείαν
1258 1757 1502 1828 κηρῦξαι.
1558 1758 1605 1810 9.
1640 1750 1839 1810 αυτίκα

232 1837 284 1894 δ’
321 1839 424 1896 οὐν
463 1836 662 1905 αὐτοὺς
706 1838 775 1912 δὴ
806 1837 1035 1904 τούτους
1075 1838 1203 1904 τοὺς
1233 1843 1546 1909 γνωρίμους
1585 1839 1677 1894 καὶ
1707 1847 1836 1894 θια-
1861 1860 1902 1892 20

231 1920 435 1994 σώτας,
477 1919 573 1988 οὓς
614 1920 778 1989 αὐτὸς
820 1920 968 1997 αὐτῷ
1009 1918 1336 1993 ἀριστίνδην
1375 1924 1659 1994 ἐπικρίνας
1700 1917 1839 1978 άπο-

233 2004 461 2071 στόλους
490 2029 550 2062 τε
581 2004 753 2062 αὑτοῦ
785 2007 877 2061 καὶ
907 2002 1158 2077 μαθητὰς
1187 2000 1496 2076 άνελέξατο,
1527 2009 1622 2077 τῆς
1655 2007 1708 2072 ἐξ,
1740 2001 1838 2062 αὖ·

230 2092 330 2144 τοῦ
360 2095 520 2155 θείας
554 2087 843 2161 δυνάμεως
876 2089 1161 2160 ἐνέπλησε,
1192 2091 1304 2144 πᾶν
1327 2090 1484 2159 γένος
1516 2087 1838 2160 ἀνθρώπων

233 2171 517 2239 ἐκδιδάξαι
555 2171 656 2244 τὴν
696 2169 831 2246 πρὸς
871 2169 1043 2228 αὐτοῦ
1074 2180 1548 2243 καταγγελθεῖσαν
1591 2183 1836 2244 θεογνω-

231 2261 386 2328 σίαν,
420 2259 516 2312 ἕνα
546 2270 658 2322 τοῖς
690 2259 859 2313 πᾶσιν
875 2254 1107 2327 ΓἘλλησί
1132 2279 1190 2312 τε
1221 2258 1312 2313 καὶ
1343 2255 1643 2330 βαρβάροις
1676 2252 1834 2313 εύσε-
1857 2277 1899 2310 25

119 2363 210 2405 [107]
232 2345 385 2412 βείας
415 2336 766 2413 ὑποθέμενος
795 2338 1028 2413 τρόπον,
1076 2337 1355 2412 δαιμόνων
1394 2337 1747 2414 ἆναχωρησίν
1778 2363 1836 2397 τε

230 2425 322 2480 καὶ
347 2423 535 2497 φυγὴν
565 2425 656 2481 καὶ
678 2428 776 2496 τῆς
807 2424 1091 2481 πολυθέου
1114 2421 1326 2495 πλάνης
1349 2420 1683 2494 άνάνευσιν,
1714 2421 1835 2489 ἑνὸς

231 2508 291 2564 δὲ
321 2506 496 2581 μόνου
525 2515 667 2565 θεοῦ
698 2512 795 2565 τοῦ
829 2511 918 2565 ἐπὶ
941 2506 1164 2564 πάντων
1187 2510 1397 2578 γνῶσιν
1418 2505 1603 2580 ἀληθῆ
1627 2530 1836 2581 προκη-

185 2616 204 2647 (ι
231 2591 517 2664 ρύττοντα,
550 2594 642 2649 καὶ
672 2591 834 2649 λύσιν
864 2615 967 2665 μεν
997 2614 1109 2648 των
1139 2594 1624 2664 προηγνοημένων,
1658 2597 1708 2648 εἰ
1736 2615 1834 2663 μη-

231 2672 343 2731 κέτ’
378 2672 565 2743 αὐτοῖς
609 2678 945 2748 ἐπιμένοιεν,
987 2680 1120 2748 μίαν
1165 2676 1224 2731 δε
1255 2689 1368 2742 τοῖς
1399 2678 1531 2732 πᾶσι
1563 2683 1832 2780 σωτηρίας
1856 2697 1896 2728 30

232 2761 429 2815 ἐλπίδα
462 2757 533 2815 δι’
571 2761 634 2830 ἧς
664 2756 1018 2817 υποτέθειται
1058 2758 1349 2831 πανσόφου
1396 2761 1487 2816 καὶ
1521 2761 1833 2832 παναρέτου

229 2847 506 2909 πολιτείας
536 2841 998 2916 ὑπισχνούμενον.
