1992 3186
247 116 355 169 590
922 116 1170 158 EUSEBII

247 231 519 306 θήσονται
552 230 790 290 ἐνώπιόν
819 249 953 304 σου,
986 230 1059 298 ὡς
1089 237 1146 288 οί
1173 230 1603 307 εὐφραινόμενοι
1635 237 1694 292 ἐν
1723 231 1859 308 ἄμη-

205 345 223 375 t>
248 323 343 394 τῷ,
376 320 469 374 καὶ
493 313 559 373 ὃν
581 314 787 390 τρόπον
809 321 868 373 oc
886 314 1265 391 διαιρούμενοι
1289 321 1490 375 σκῦλα·
1540 318 1680 376 διότι
1696 318 1859 393 ἀφαι-

249 400 544 475 ρεθήσεται
573 399 601 456 ὁ
627 399 784 473 ζυγὸς
806 399 835 457 ὁ
871 397 958 457 ἐπ’
986 398 1174 458 αὐτῶν
1196 406 1446 474 κείμενος
1476 399 1622 476 καὶὴ
1653 403 1860 479 ῥάβδος

250 484 282 558 ἡ
323 489 411 542 ἐπὶ
451 490 548 542 τοῦ
600 483 877 559 τραχήλου
919 483 1120 542 αὐτῶν.
1205 483 1308 557 τὴν
1348 484 1453 559 γὰρ
1495 486 1708 562 ῥάβδον
1747 493 1860 546 τῶν

248 567 634 626 ἀπαιτούντων
665 571 989 627 διεσκέδασε
1019 568 1236 644 κύριος,
1270 568 1343 635 ὥς
1373 575 1439 645 τῇ
1465 569 1641 646 ἡμέρᾳ
1671 577 1736 646 τῇ
1770 574 1858 629 ἐπὶ
1883 595 1904 628 5

246 652 512 727 Μαδιάμ,
543 652 625 710 ὅτι
654 656 840 712 πᾶσαν
868 652 1071 726 στολὴν
1096 657 1544 728 ἐπισυνηγμένην
1575 653 1741 733 δόλῳ,
1771 659 1863 714 καὶ

247 736 463 811 ἱμάτιον
491 736 635 811 μετὰ
652 744 994 811 καταλλαγῆς
1016 736 1362 811 ἄποτίσουσι,
1388 742 1480 796 καὶ
1501 738 1863 812 θελήσουσιν,

249 829 300 880 εἰ
339 821 692 896 ἐγενήθησαν
736 829 1118 896 πυρίκαυστοι.
1187 822 1270 880 ὅτι
1314 829 1543 882 παιδίον
1583 823 1863 898 ἐγεννήθη

250 903 408 981 ἧμιν,
451 906 571 973 υίὸς
610 910 700 964 καὶ,
743 906 916 981 ἐδόθη
947 904 1108 981 ἡμῖν,
1151 899 1222 965 οῦ
1248 904 1282 980 ἡ
1324 906 1464 983 ἀρχὴ
1498 906 1741 1012 ἐγενήθη
1774 911 1863 966 ἐπὶ

247 995 347 1049 τοῦ
377 990 529 1065 ὤμου
561 989 764 1065 αὐτοῦ,
797 995 886 1049 καὶ
918 1000 1165 1050 καλεῖται
1193 992 1254 1049 τὸ
1283 990 1457 1066 ὄνομα
1488 992 1661 1051 αὐτοῦ
1692 991 1863 1066 μεγά-
1887 1020 1927 1052 ιο

250 1085 346 1149 λης
388 1083 594 1149 βουλῆς
639 1074 896 1149 άγγελος,
950 1075 1137 1151 άρχων
1178 1075 1435 1151 εἰρήνης,
1490 1076 1862 1150 ἐξουσιαστὴς,

248 1162 380 1228 θεὸς
413 1159 666 1234 ἰσχυρὸς,
699 1160 877 1236 πατὴρ
908 1164 1009 1218 τοῦ
1036 1163 1331 1238 μέλλοντος
1361 1160 1617 1228 αἰῶνος.”

379 1250 426 1302 2.
466 1245 613 1318 Πρὸς
653 1243 823 1302 ἅπασι
862 1259 975 1312 τοῖς
1006 1242 1191 1311 ἄλλοις
1227 1249 1532 1320 ἐπληροῦτο
1568 1248 1660 1302 καὶ
1690 1249 1863 1302 ταῦτα

251 1332 341 1386 ἐπὶ
370 1327 468 1386 τὸν
498 1333 718 1402 σωτῆρα
742 1332 833 1386 καὶ
858 1329 1055 1404 κύριον
1077 1325 1234 1403 ἡμῶν
1259 1326 1475 1403 Ἰησοῦν
1504 1329 1600 1387 τὸν
1624 1329 1864 1403 Χριστὸν

248 1418 347 1471 τοῦ
398 1416 570 1484 θεοῦ,
623 1412 715 1471 ὅτε
766 1412 904 1470 κατὰ
955 1413 1053 1471 τὸν
1095 1413 1422 1487 θαυμαστὸν
1449 1412 1862 1516 εὐαγγελιστην
1887 1439 1926 1471 15
1977 1416 1979 1418 ¹

242 1495 523 1565 ’ἀκούσας
546 1497 629 1555 ὅτι
657 1495 915 1572 Ἰωάννης
940 1497 1250 1573 παρεδόθη,
1283 1497 1638 1573 ἀνεχώρησεν
1662 1505 1740 1566 εἰς
1762 1498 1865 1571 τὴν

250 1588 575 1655 Γαλιλαίαν,
608 1585 700 1639 καὶ
726 1582 1045 1640 καταλιπών
1067 1581 1169 1655 τὴν
1194 1585 1460 1656 Ναζαρεθ
1485 1581 1668 1641 ἐλθων
1691 1582 1863 1640 κατώ-

250 1686 420 1740 κησεν
452 1673 530 1733 είς
561 1667 936 1742 Καπερναούμ
965 1666 1067 1740 τὴν
1085 1675 1571 1742 παραθαλασσίαν,
1605 1670 1665 1725 ἐν
1694 1641 1866 1741 ὁρίόις

251 1751 558 1822 Ζαβουλὼν
589 1754 681 1808 καὶ
713 1755 1079 1825 Νεφθαλεὶμ,
1112 1750 1259 1818 ὅπως
1291 1756 1564 1826 πληρωθῇ
1595 1750 1655 1808 τὸ
1686 1752 1864 1826 ῥηθὲν

254 1834 343 1893 διά
378 1831 607 1895 Ἡσαΐου
647 1842 745 1893 τοῦ
786 1836 1076 1910 προφήτου
1116 1838 1399 1908 λέγοντος,
1441 1839 1514 1907 γῆ
1555 1833 1862 1908 Ζαβουλών
1884 1861 1925 1893 20

251 1924 340 1977 καὶ
371 1924 439 1992 γῆ
474 1922 840 1993 Νεφθαλεὶμ,
885 1919 1020 1977 ὁδὸν
1059 1918 1347 1991 θαλάσσης
1387 1921 1565 1993 πέραν
1605 1922 1703 1976 τοῦ
1725 1917 1863 1993 Ἰορ-

253 2003 457 2075 δάνου,
491 2011 760 2061 Γαλιλαία
789 2010 902 2060 τῶν
934 2007 1150 2074 ἐθνῶν,
1182 2001 1208 2059 ὁ
1243 2002 1371 2069 λαὸς
1402 1999 1770 2076 ὁκαθήμενος
1803 2008 1863 2060 ἐν

251 2086 432 2145 σκότει
464 2091 582 2158 φῶς
616 2087 730 2143 εἶδε
760 2090 925 2159 μέγα,
970 2090 1061 2143 καὶ
1091 2101 1205 2152 τοῖς
1236 2091 1589 2145 κατοικοῦσιν
1622 2091 1681 2144 ἐν
1711 2086 1862 2163 χώρᾳ

251 2174 343 2228 καὶ
373 2174 503 2246 σκιᾷ
540 2169 821 2242 θανάτου,
863 2174 981 2244 φῶς
1022 2168 1301 2228 ἀνέτειλεν
1341 2171 1542 2238 αὐτοῖς.
1604 2170 1712 2229 άπὸ
1742 2171 1863 2229 τότε

209 2282 231 2312 d
255 2258 393 2328 γοῦν
433 2253 631 2327 ἤρξατο
671 2254 699 2311 ὃ
732 2254 944 2328 Ἰησοῦς
985 2253 1285 2330 κηρύσσειν
1326 2258 1419 2311 καὶ
1448 2258 1658 2328 λέγειν,
1701 2279 1861 2328 μετα·
1885 2276 1926 2308 25

138 2367 226 2408 1273]
251 2355 447 2411 νοεῖτε,
470 2338 552 2396 ὅτι
575 2337 804 2412 ἤγγικεν
829 2339 862 2414 ἡ
887 2345 1140 2412 βασιλεία
1160 2342 1272 2397 τεᾶν
1294 2337 1566 2413 οὐρανῶν.
1610 2344 1656 2396 3.
1691 2337 1864 2412 παρά-

251 2449 368 2497 γων
400 2425 462 2481 δὲ
493 2423 640 2499 παρὰ
679 2424 781 2496 τὴν
819 2423 1113 2482 θάλασσαν
1143 2426 1237 2495 τῆς
1268 2430 1566 2490 Γαλιλαίας
1614 2423 1728 2480 εἶδε
1760 2422 1864 2480 δύο

251 2506 559 2581 ἀδελφούς,
594 2514 827 2582 Σίμωνα
857 2507 954 2566 τὸν
995 2507 1342 2581 καλούμενον
1373 2512 1591 2582 Πέτρον
1621 2509 1714 2565 καὶ
1738 2507 1862 2565 ’Av-

255 2595 424 2667 δρέαν
460 2592 556 2650 τὸν
596 2589 842 2666 ἀδελφὸν
884 2592 1056 2651 αὐτοῦ
1096 2591 1400 2666 βάλλοντας
1441 2592 1863 2667 ἀμφίβληστρον

256 2684 331 2744 εἰς
354 2676 456 2750 τὴν
478 2676 797 2735 θάλασσαν’
831 2671 974 2750 ἦσαν
998 2676 1103 2752 γὰρ
1129 2678 1323 2743 ἁλιεῖς·
1367 2680 1459 2734 καὶ
1485 2680 1629 2749 λέγει
1654 2674 1860 2747 αὐτοῖς,
1884 2699 1927 2732 30

370 2872 420 2910 15
452 2871 615 2912 Matth.
640 2875 678 2920 4,
708 2874 775 2911 12.
