1992 3186
233 139 339 192 380
904 137 1154 180 EUSEBII

232 255 455 330 νάμεων
495 258 587 312 καὶ
627 253 959 326 πνευμάτων
998 252 1174 325 ἁγίων
1226 252 1298 320 ὡς
1339 249 1409 311 ἀν
1448 253 1710 327 σύμφυτα
1751 257 1844 311 καὶ

234 339 531 413 ἀμφιλαφῆ
564 337 831 395 κατάσκια
862 340 1094 409 λέγεται.
1171 335 1295 395 ἀλλ’
1331 341 1390 395 ἐν
1421 339 1524 412 μὲν
1554 345 1629 415 τῷ
1662 348 1844 412 Ζαχα-

235 431 328 500 ρίᾳ
368 428 558 523 σαφῶς
595 419 736 495 ἀνὴρ
779 420 1149 495 ἐποχούμενος
1188 427 1339 499 ἵππω
1380 427 1575 499 πυρρςό
1614 433 1843 497 θεωρεῖ-

233 533 348 579 ται,
390 506 534 563 οὕτω
573 509 669 578 τῆς
708 508 810 562 τοῦ
857 510 1104 578 σωτῆρος
1151 502 1309 579 ἡμῶν
1366 506 1846 581 ἐνανθρωπήσεως

234 594 327 647 καὶ
357 594 454 663 τῆς
486 588 705 663 σαρκὸς,
737 582 774 663 ᾗ
806 589 1144 663 ἐπωχήσατο,
1179 593 1550 664 δηλουμένης
1600 594 1844 648 ἐνταῦθα
1868 614 1893 645 5

237 676 296 732 δὲ
326 674 354 731 ὁ
385 674 518 740 θεὸς
548 676 640 731 καὶ
672 671 825 745 ἅγιος
857 671 1186 747 ώνόμασται.
1246 679 1325 732 13.
1377 674 1448 742 ὡς
1479 674 1584 783 γὰρ
1619 677 1678 731 ἐκ
1707 681 1847 732 θεοῦ

235 765 313 824 εἰς
342 756 682 832 ἀνθρώπους
711 758 814 830 τὴν
844 755 1033 831 ἄφιξιν
1064 761 1449 832 πεποιημένος,
1482 761 1576 816 καὶ
1599 757 1672 826 ὡς
1695 754 1765 815 ἂν
1789 761 1849 814 ἐκ

124 846 345 908 [1741170511
373 845 678 915 θειοτέρων
708 849 928 916 χωρίων
961 842 1349 944 ἐπιφοιτήσαςῖ
1381 846 1596 916 λέγεται
1618 841 1686 899 “ὁ
1716 840 1849 908 θεὸς

234 926 341 984 ἀπὸ
383 928 616 1030 &acfflo'cv—
643 926 787 999 ἥξει,
832 930 924 983 καὶ
962 924 991 983 ὁ
1030 924 1183 999 ἅγιος
1225 931 1277 995 ἐξ
1317 925 1484 1001 ὅρους
1526 931 1847 996 κατασκίου,

123 1035 209 1076 (281)
237 1010 485 1077 δασέος.”
566 1011 681 1067 εἶτα
727 1014 849 1084 ἑξῆς
894 1010 1178 1083 ἐπιλέγει
1183 1007 1483 1078 ἐκάλυψεν
1513 1009 1786 1085 ούρανους
1815 1006 1848 1082 ἡ
1870 1036 1917 1068 10

235 1092 401 1168 ἀρετὴ
433 1092 632 1167 αὐτοῦ,
674 1098 767 1151 καὶ
806 1098 901 1166 τῆς
932 1099 1195 1161 αἰνέσεως
1226 1093 1400 1153 αὐτοῦ
1431 1094 1643 1167 πλήρης
1682 1091 1717 1166 ἡ
1758 1100 1848 1166 γῆ,

236 1181 328 1235 καὶ
359 1181 562 1252 φέγγος
605 1176 776 1236 αὐτοῦ
807 1203 881 1245 ως
911 1203 1032 1251 φως
1064 1186 1229 1236 ἔσται.
1242 1176 1272 1196 ”
1358 1184 1437 1236 14.
1491 1178 1562 1235 δι’
1602 1203 1682 1236 ων
1711 1174 1849 1251 ὁμοῦ

235 1262 271 1335 ἤ
299 1287 358 1320 τε
400 1270 479 1331 εἰς
518 1260 790 1337 ούρανους
832 1267 1052 1330 ἔνδοξος
1094 1261 1268 1320 αὐτοῦ
1299 1270 1555 1335 βασιλεία
1587 1269 1849 1336 παρίστα-

236 1371 324 1404 ται
355 1350 447 1404 καὶ
477 1346 510 1419 ἡ
542 1345 678 1420 μετὰ
708 1353 881 1403 ταῦτα
911 1349 1183 1420 γενομένη
1215 1371 1274 1404 τε
1314 1350 1406 1403 καὶ
1440 1349 1527 1403 ἐπὶ
1558 1349 1728 1404 πλέον
1757 1370 1852 1418 γε-

236 1433 514 1503 νησομένη
547 1437 625 1496 εἰς
656 1437 842 1488 πᾶσαν
880 1455 983 1536 τηγ
1021 1437 1129 1502 γῆν
1168 1435 1264 1503 τῆς
1304 1433 1430 1503 περὶ
1472 1429 1649 1488 αὐτου
1689 1436 1850 1501 διδα-
1874 1453 1914 1485 15

237 1523 467 1580 σκαλίας
493 1523 718 1581 αἰνεσις.
763 1514 823 1572 τὸ
851 1511 959 1571 6³0³
967 1517 1169 1588 κέρατα
1193 1520 1255 1572 ἐν
1277 1530 1396 1581 ταῖς
1420 1518 1610 1588 χερσὶν
1642 1511 1850 1572 αὐτοῦ”

236 1602 333 1671 τῆς
364 1606 650 1671 βασιλείας
681 1597 855 1656 αὐτοῦ
883 1598 949 1655 τὰ
980 1598 1232 1671 σύμβολα
1265 1605 1442 1672 δηλοῖ,
1477 1597 1552 1656 δι’
1582 1600 1661 1656 ὠν
1690 1598 1851 1673 κερά-

237 1707 350 1740 των
388 1682 482 1750 τὰς
523 1680 792 1756 ἀοράτους
831 1686 924 1739 καὶ
955 1682 1337 1756 ἀντικειμένας
1370 1683 1634 1756 δυνάμεις
1665 1681 1853 1740 ώθού-

237 1791 402 1840 μενος
433 1769 526 1824 καὶ
557 1774 855 1841 κερατίζων
886 1764 1205 1825 ἀπελαύνει,
1283 1767 1607 1834 ἀκολούθως
1636 1765 1849 1831 τούτοις

192 1880 213 1911 b
239 1851 534 1923 ἐπιλέγει
540 1848 654 1908 καὶ
694 1858 857 1908 ἔθετο
897 1850 1176 1952 ἀγάπησιν
1217 1850 1484 1923 κραταιὰν
1524 1849 1712 1925 ἰσχύος
1752 1874 1847 1907 αυ-
1872 1878 1913 1910 20

236 1959 350 1993 του.
357 1933 389 1953 ”
468 1939 550 1993 15.
597 1937 689 1991 καὶ
719 1938 814 2006 τῆς
843 1958 908 2005 γε
940 1941 1017 2000 εἰς
1047 1933 1384 2007 ἀνθρώπους
1425 1959 1685 2007 κραταιας
1729 1939 1851 1992 δια-

237 2023 448 2084 θέσεως
497 2015 670 2074 αὐτου
721 2020 814 2074 καὶ
865 2016 1080 2090 ἀγάπης
1130 2023 1328 2091 δεῖγμα
1371 2023 1629 2091 μέγιστον
1677 2019 1749 2092 ἠν
1788 2018 1848 2075 τὸ

229 2097 374 2174 “apd
404 2101 706 2175 προσώπου
738 2099 910 2157 αὐτοῦ
941 2108 1291 2174 πορευθῆναι
1323 2100 1551 2175 λόγον,”
1596 2102 1850 2176 δηλονότι

236 2183 334 2241 τὸν
365 2184 636 2258 σωτήριον
667 2188 759 2240 καὶ
801 2181 1187 2257 εύαγγελικόν,
1230 2186 1526 2253 ἐξελθόντα
1554 2211 1614 2244 τε
1652 2190 1850 2244 τοῦτον

239 2274 571 2341 διαδραμεῖν
603 2274 682 2334 εἰς
712 2274 878 2325 πεδία
898 2313 912 2340 ,
946 2268 1085 2326 ὥστε
1117 2274 1177 2326 ἐν
1207 2267 1377 2346 ὀλίγῳ
1409 2275 1594 2327 πᾶσαν
1623 2273 1845 2342 πληρῶ-
1869 2297 1910 2329 25

239 2371 332 2409 σαι
372 2352 474 2424 τὴν
521 2354 854 2425 οἰκουμένην
901 2356 997 2425 τῆς
1045 2351 1142 2409 ὑπ’
1191 2352 1364 2410 αὐτοῦ
1413 2358 1847 2427 προξενηθείσης

237 2435 447 2494 ἅπασιν
486 2434 807 2509 ἀνθρώποις
848 2444 1120 2511 σωτηρίας
1160 2435 1482 2503 ἀκολούθως
1522 2443 1588 2511 τῇ
1629 2461 1847 2511 προφη-

237 2527 358 2596 τειά
398 2519 623 2594 φησάσῃ
665 2517 811 2594 “πρὸ
851 2519 1151 2594 προσώπου
1193 2518 1366 2578 αὐτοῦ
1409 2521 1848 2595 προπορεύσεται

238 2603 425 2677 λόγος,
457 2608 550 2662 καὶ
583 2603 921 2672 ἐξελεύσεται
953 2611 1030 2671 εἰς
1061 2602 1284 2662 πεδία.”
1363 2604 1501 2663 κατά
1529 2606 1631 2678 τὴν
1664 2611 1847 2664 δευτέ-

196 2725 213 2747 c
239 2712 344 2758 ραν
377 2690 437 2745 δὲ
468 2687 642 2746 αὐτοῦ
671 2695 986 2762 παρουσίαν
1017 2695 1095 2746 ἔτι
1125 2695 1333 2762 μᾶλλον
1373 2693 1466 2746 καὶ
1507 2689 1844 2764 κυριώτερον
1867 2717 1908 2748 30

237 2770 264 2826 ὁ
298 2769 456 2843 λόγος
489 2769 662 2829 αὐτοῦ
692 2776 862 2846 πέρας
895 2772 1149 2846 ἐπιθήσει
1178 2787 1291 2840 τοῖς
1322 2798 1380 2830 τε
1415 2777 1720 2847 εἰρημένοις
1754 2776 1845 2830 καὶ

238 2869 350 2919 τοῖς
376 2857 496 2926 ἑξῆς
523 2859 954 2930 ἐπιφερομένοις,
980 2854 1015 2913 οἳ
1030 2854 1198 2914 καὶού
1216 2862 1324 2915 νῦν
1350 2858 1615 2927 ἐξετάζειν
1638 2856 1842 2928 καιρός.
