1992 3186
265 144 372 196 354
961 142 1207 184 EUSEBn

266 265 361 334 τῆς
393 259 719 332 σάλπιγγος,
761 263 978 325 οἰκείως
1016 265 1382 332 παρείληπται
1421 258 1482 317 τὸ
1523 259 1875 335 παράδειγμα

269 353 347 412 εἰς
377 343 723 416 παράστασιν
762 346 861 399 τοῦ
891 341 1116 401 πάντων
1145 347 1258 401 τῶν
1289 347 1343 412 ἐξ
1384 347 1585 412 αἰῶνος
1615 369 1874 417 κραταιο-

225 463 242 484 e
266 434 432 503 τέραν
472 430 563 484 καὶ
605 430 1140 501 μεγαλοφωνοτέραν
1178 427 1282 501 τὴν
1321 431 1448 502 περὶ
1491 435 1590 486 τοῦ
1630 432 1875 503 Χριστοῦ

267 519 436 571 πᾶσιν
475 510 798 586 ἀνθρώποις
836 514 1210 585 κατηγγέλθαι
1254 518 1645 586 διδασκαλίαν,
1691 510 1765 570 δι’
1809 505 1872 586 ἧς

266 596 450 671 ῶσπερ
497 596 587 653 διὰ
631 595 931 669 σάλπιγγος
983 602 1060 663 εἰς
1114 594 1444 664 ἐξάκουστον
1493 596 1718 656 πάντων
1760 601 1917 656 τῶνε

264 679 586 757 ἀνθρώπων
625 685 730 757 βοᾷ
768 683 860 738 καὶ
907 682 1140 755 κέκραγε
1178 680 1238 738 τὸ
1278 686 1498 755 πνεῦμα
1526 680 1588 739 τὸ
1619 679 1778 754 ἅγιον
1806 682 1872 739 τά

268 769 388 840 ἑξῆς
427 769 525 824 τοῦ
572 769 834 839 Ψαλμοῦ,
879 763 951 822 δι’
1000 759 1080 824 ῶν
1118 774 1331 839 εἴρηται
1363 762 1612 834 “ψάλατε
1649 769 1727 842 τῷ
1755 770 1872 842 θεῷ

267 847 449 924 ἡμῶν,
491 849 701 919 ψάλατε
743 848 952 918 ψάλατε
989 854 1064 927 τῷ
1109 857 1328 922 βασιλεῖ
1368 849 1555 924 ἡμῶν,
1599 849 1867 919 ψάλατε.”

264 935 347 992 ὅτι
370 934 631 1008 βασιλεὺς
654 933 837 992 οὐκέτι
859 934 1034 1008 μόνου
1057 939 1156 993 τοῦ
1178 933 1465 994 Ἰουδαίων
1489 940 1711 1007 ἔθνους,
1734 932 1873 991 ἀλλὰ

263 1019 443 1093 πάσης
462 1022 599 1094 φησὶ
629 1024 724 1092 τῆς
754 1023 854 1092 γῆς
884 1016 912 1076 ὁ
944 1019 1094 1092 θεὸς,
1127 1018 1335 1088 ψάλατε
1365 1026 1623 1086 συνετῶς.
1669 1025 1715 1077 8.
1738 1016 1869 1076 οῦκ·
1896 1045 1935 1076 10

265 1107 342 1161 ε’τι
380 1103 487 1177 γάρ
527 1109 583 1161 οἰ
620 1106 755 1177 πρὶν
797 1109 1083 1177 δαίμονες,
1126 1107 1292 1176 φησὶ,
1343 1101 1478 1161 οὐδὲ
1516 1102 1583 1161 τά
1621 1110 1873 1178 περίγεια

262 1190 354 1245 καὶ
385 1185 637 1260 ἀπατηλὰ
669 1187 983 1261 πνεύματα,
1015 1185 1136 1245 ἀλλ’
1174 1186 1336 1255 αὐτὸς
1367 1187 1394 1245 ὁ
1426 1186 1556 1254 θεὸς
1582 1193 1874 1260 ἐβασίλευ-

264 1292 365 1331 σεν
390 1274 480 1330 ἐπὶ
513 1271 692 1330 πάντα
722 1272 787 1329 τὰ
818 1279 978 1346 ἔθνη,
1009 1271 1037 1329 ὁ
1069 1271 1200 1339 θεὸς
1224 1271 1407 1345 αὐτὸς,
1444 1269 1502 1338 ὃς
1519 1271 1759 1344 κάθηται
1784 1274 1871 1329 ἐπὶ

218 1382 239 1414 d
263 1355 477 1432 θρόνου
507 1355 670 1430 ἁγίου
704 1355 891 1414 αὑτοῦ.
952 1355 1060 1428 ἤδη
1094 1357 1155 1413 δὲ
1185 1356 1455 1430 πρότερον
1484 1361 1583 1414 τοῦ
1608 1359 1750 1414 θεοῦ
1780 1354 1871 1424 λό-

263 1466 365 1513 γου
395 1440 492 1499 τὸν
531 1440 772 1514 θρόνον,
816 1438 907 1513 ἐφ’
949 1436 1014 1498 ὃν
1055 1443 1390 1509 καθέζεσθαι
1429 1439 1457 1498 ὁ
1499 1438 1677 1515 πατὴρ
1722 1439 1870 1516 αὐτῷ
1896 1465 1935 1496 15

262 1525 703 1600 παρεκελεύσατο
737 1525 908 1582 εἰπών
928 1522 1152 1582 “κάθου
1186 1528 1243 1582 ἐκ
1276 1528 1472 1593 δεξιῶν
1501 1549 1637 1599 μου,
1672 1529 1772 1591 ἕως
1803 1521 1872 1581 ἂν

260 1616 348 1667 θῶ
388 1608 516 1677 τοῦς
560 1609 794 1683 ἐχθρούς
835 1627 936 1667 σου
975 1608 1285 1667 ὑποπόδιον
1323 1614 1436 1667 τῶν
1475 1615 1669 1667 ποδῶν
1709 1607 1866 1680 σου,”

151 1721 236 1763 μω]
263 1694 354 1751 διὰ
383 1698 483 1752 τοῦ
512 1693 616 1767 πρὸ
646 1693 844 1751 τούτου
875 1693 1297 1769 συγγράμματος
1327 1692 1762 1767 παρεστήσαμεν.
1820 1698 1867 1749 9.

260 1777 318 1836 τό
365 1779 427 1836 δὲ
460 1775 756 1853 “ἅρχοντες
801 1784 952 1836 λαῶν
997 1777 1363 1851 συνήχθησαν
1406 1776 1541 1851 μετὰ
1584 1780 1684 1834 τοῦ
1726 1778 1872 1834 θεοῦ

256 1861 534 1937 Ἀβραάμ”
574 1869 652 1920 ἔτι
673 1865 1016 1935 σαφέστερον
1037 1868 1200 1934 δηλοῖ
1212 1871 1641 1934 μετατεθεῖσθαι
1676 1868 1752 1927 εἰς
1773 1860 1869 1917 τὸν
1893 1886 1932 1917 20

261 1953 470 2021 κλῆρον
499 1951 612 2004 τῶν
633 1945 802 2004 πάλαι
823 1949 1110 2017 θεοφιλῶν
1132 1951 1229 2002 τοῦ
1251 1947 1391 2002 ’θεοῦ
1416 1950 1717 2019 προφητῶν
1740 1944 1869 2010 τοὺς

263 2035 315 2099 ἐξ
361 2034 549 2088 ἐθνῶν
588 2029 855 2103 ἄρχοντας
893 2034 988 2099 τῆς
1029 2033 1271 2101 Χριστοῦ
1317 2032 1633 2102 ἐκκλησίας,
1685 2037 1739 2086 οἳ
1776 2032 1868 2086 καὶ

259 2117 326 2188 τῇ
359 2113 593 2187 δυνάμει
633 2117 732 2170 τοῦ
770 2117 1012 2185 σωτῆρος
1051 2111 1210 2185 ’ἡμῶν
1247 2116 1689 2186 κραταιωθέντες
1729 2112 1868 2186 σφό-

261 2204 367 2272 δρα
400 2197 755 2271 ἐπήρθησαν,
788 2195 1020 2263 οὐδενὸς
1050 2195 1371 2270 ἀνθρώπων
1401 2205 1735 2270 καταβαλεῖν
1766 2196 1867 2254 αῦ-

257 2281 383 2349 τοῦς
424 2285 516 2339 καὶ
554 2286 889 2339 ταπεινῶσαι
930 2284 1310 2354 δεδυνημένου
1360 2281 1451 2338 διὰ
1481 2281 1582 2354 τὴν
1614 2280 1864 2349 άνυψοῦ-
1889 2305 1929 2338 25

259 2384 365 2424 σαν
404 2365 604 2434 αὐτοὺς
646 2369 736 2422 καὶ
779 2369 1140 2438 δυναμοῦσαν
1181 2372 1277 2423 τοῦ
1317 2369 1456 2422 θεοῦ
1501 2365 1700 2432 δεξιάν.
1773 2367 1864 2421 καὶ

149 2479 237 2518 (2131)
257 2454 428 2509 ταῦτα
461 2452 522 2508 δὲ
555 2453 642 2508 ἐπὶ
673 2456 870 2524 σχολῆς
902 2452 1155 2515 ἐντελοῦς
1183 2448 1427 2517 τεύξεται
1460 2447 1777 2521 διηγήσεως.

782 2671 910 2732 Ἀπὸ
949 2676 1183 2747 Ψαλμοῦ
1211 2683 1293 2746 μθ
1306 2672 1332 2730 ’.

384 2798 463 2846 111.
507 2783 682 2851 “Θεὸς
713 2790 866 2844 θεῶν
889 2785 1076 2858 κύριος
1109 2785 1357 2857 ἐλάλησε,
1390 2787 1480 2842 καὶ
1507 2783 1732 2842 ἐκάλεσε
1762 2783 1862 2856 την

260 2874 365 2942 γῆν
394 2867 500 2926 ἀπὸ
532 2869 818 2929 ἀνατολῶν
842 2869 997 2944 ἡλίου
1019 2872 1111 2927 καὶ
1141 2872 1298 2943 μέχρι
1332 2874 1582 2943 δυσμῶν·
1617 2873 1675 2926 ἐκ
1705 2863 1861 2926 Σιῶν
1885 2893 1925 2924 30
