<?xml version="1.0" encoding="UTF-8"?>
<!DOCTYPE html PUBLIC "-//W3C//DTD XHTML 1.0 Transitional//EN"
    "http://www.w3.org/TR/xhtml1/DTD/xhtml1-transitional.dtd">
<html xmlns="http://www.w3.org/1999/xhtml" xml:lang="en" lang="en">
 <head>
  <title>
</title>
<meta http-equiv="Content-Type" content="text/html;charset=utf-8" />
  <meta name='ocr-system' content='tesseract 3.04.00' />
  <meta name='ocr-capabilities' content='ocr_page ocr_carea ocr_par ocr_line ocrx_word'/>
</head>
<body>
  <div class='ocr_page' id='page_1' title='image "./operaeusebius03euseuoft_0506.png"; bbox 0 0 1992 3186; ppageno 0'>
   <div class='ocr_carea' id='block_1_1' title="bbox 141 299 231 340">
    <p class='ocr_par' dir='ltr' id='par_1_1' title="bbox 141 299 231 340">
     <span class='ocr_line' id='line_1_1' title="bbox 141 299 231 340; baseline 0.011 -8"><span class='ocrx_word' id='word_1_1' title='bbox 141 299 231 340; x_wconf 77' lang='lat'><strong>(357)</strong></span> 
     </span>
    </p>
   </div>
   <div class='ocr_carea' id='block_1_2' title="bbox 206 413 228 445">
    <p class='ocr_par' dir='ltr' id='par_1_2' title="bbox 206 413 228 445">
     <span class='ocr_line' id='line_1_2' title="bbox 206 413 228 445; baseline 0.136 -3"><span class='ocrx_word' id='word_1_2' title='bbox 206 413 228 445; x_wconf 80' lang='lat' dir='ltr'>b</span> 
     </span>
    </p>
   </div>
   <div class='ocr_carea' id='block_1_3' title="bbox 136 665 220 708">
    <p class='ocr_par' dir='ltr' id='par_1_3' title="bbox 136 665 220 708">
     <span class='ocr_line' id='line_1_3' title="bbox 136 665 220 708; baseline -0.024 0"><span class='ocrx_word' id='word_1_3' title='bbox 136 665 197 708; x_wconf 56' lang='grc' dir='ltr'><em>ΨΒ·</em></span> <span class='ocrx_word' id='word_1_4' title='bbox 191 665 220 706; x_wconf 81' lang='lat'><em>2]</em></span> 
     </span>
    </p>
   </div>
   <div class='ocr_carea' id='block_1_4' title="bbox 192 2011 213 2042">
    <p class='ocr_par' dir='ltr' id='par_1_4' title="bbox 192 2011 213 2042">
     <span class='ocr_line' id='line_1_4' title="bbox 192 2011 213 2042; baseline 0 0"><span class='ocrx_word' id='word_1_5' title='bbox 192 2011 213 2042; x_wconf 82' lang='lat' dir='ltr'>d</span> 
     </span>
    </p>
   </div>
   <div class='ocr_carea' id='block_1_5' title="bbox 253 102 1186 156">
    <p class='ocr_par' dir='ltr' id='par_1_5' title="bbox 253 102 1186 156">
     <span class='ocr_line' id='line_1_5' title="bbox 253 102 1186 156; baseline -0.012 -1"><span class='ocrx_word' id='word_1_6' title='bbox 253 103 360 156; x_wconf 76' lang='lat'><em>482</em></span> <span class='ocrx_word' id='word_1_7' title='bbox 938 102 1186 144; x_wconf 80' lang='lat' dir='ltr'>EUSEBH</span> 
     </span>
    </p>
   </div>
   <div class='ocr_carea' id='block_1_6' title="bbox 770 270 1332 346">
    <p class='ocr_par' dir='ltr' id='par_1_6' title="bbox 770 270 1332 346">
     <span class='ocr_line' id='line_1_6' title="bbox 770 270 1332 346; baseline -0.002 -15"><span class='ocrx_word' id='word_1_8' title='bbox 770 270 898 331; x_wconf 86' lang='grc' dir='ltr'><em>Ἀπὸ</em></span> <span class='ocrx_word' id='word_1_9' title='bbox 930 275 1028 329; x_wconf 80' lang='grc' dir='ltr'><em>τοῦ</em></span> <span class='ocrx_word' id='word_1_10' title='bbox 1050 270 1332 346; x_wconf 87' lang='grc' dir='ltr'><em>Ἱερεμίου.</em></span> 
     </span>
    </p>
   </div>
   <div class='ocr_carea' id='block_1_7' title="bbox 487 384 534 405">
    <p class='ocr_par' dir='ltr' id='par_1_7' title="bbox 487 384 534 405">
     <span class='ocr_line' id='line_1_7' title="bbox 487 384 534 405; baseline -0.021 0"><span class='ocrx_word' id='word_1_11' title='bbox 487 384 534 405; x_wconf 64' lang='grc' dir='ltr'><em>(Ὗ,</em></span> 
     </span>
    </p>
   </div>
   <div class='ocr_carea' id='block_1_8' title="bbox 234 384 1923 2737">
    <p class='ocr_par' dir='ltr' id='par_1_8' title="bbox 243 384 1923 1382">
     <span class='ocr_line' id='line_1_8' title="bbox 381 384 1861 460; baseline 0.001 -17"><span class='ocrx_word' id='word_1_12' title='bbox 381 384 662 444; x_wconf 79' lang='grc' dir='ltr'><strong><em>37.1δού</em></strong></span> <span class='ocrx_word' id='word_1_13' title='bbox 688 384 884 460; x_wconf 78' lang='grc' dir='ltr'><em>ἡμέραι</em></span> <span class='ocrx_word' id='word_1_14' title='bbox 905 392 1175 458; x_wconf 82' lang='grc' dir='ltr'><em>ἔρχονται,</em></span> <span class='ocrx_word' id='word_1_15' title='bbox 1207 388 1352 458; x_wconf 83' lang='grc' dir='ltr'><strong><em>λέγει</em></strong></span> <span class='ocrx_word' id='word_1_16' title='bbox 1377 385 1585 460; x_wconf 85' lang='grc' dir='ltr'><em>κύριος,</em></span> <span class='ocrx_word' id='word_1_17' title='bbox 1618 384 1762 444; x_wconf 83' lang='grc' dir='ltr'><em>καὶ’</em></span> <span class='ocrx_word' id='word_1_18' title='bbox 1730 413 1861 445; x_wconf 85' lang='grc' dir='ltr'><em>ανα-</em></span> 
     </span>
     <span class='ocr_line' id='line_1_9' title="bbox 250 467 1861 546; baseline 0.001 -18"><span class='ocrx_word' id='word_1_19' title='bbox 250 470 431 543; x_wconf 80' lang='grc' dir='ltr'><em>στήσω</em></span> <span class='ocrx_word' id='word_1_20' title='bbox 462 474 538 546; x_wconf 80' lang='grc' dir='ltr'><em>τῷ</em></span> <span class='ocrx_word' id='word_1_21' title='bbox 570 473 761 542; x_wconf 86' lang='grc' dir='ltr'><em>Λαβὶδ</em></span> <span class='ocrx_word' id='word_1_22' title='bbox 801 467 1077 542; x_wconf 78' lang='grc' dir='ltr'><em>ἀνατολὴν</em></span> <span class='ocrx_word' id='word_1_23' title='bbox 1121 475 1375 543; x_wconf 85' lang='grc' dir='ltr'><em>δικαίαν,</em></span> <span class='ocrx_word' id='word_1_24' title='bbox 1419 473 1510 527; x_wconf 85' lang='grc' dir='ltr'><em>καὶ</em></span> <span class='ocrx_word' id='word_1_25' title='bbox 1542 471 1861 542; x_wconf 81' lang='grc' dir='ltr'><em>βασιλεύσει</em></span> 
     </span>
     <span class='ocr_line' id='line_1_10' title="bbox 249 553 1859 654; baseline 0.001 -42"><span class='ocrx_word' id='word_1_26' title='bbox 249 554 540 628; x_wconf 78' lang='grc' dir='ltr'><em>βασιλεὺς,</em></span> <span class='ocrx_word' id='word_1_27' title='bbox 573 557 664 611; x_wconf 86' lang='grc' dir='ltr'><em>καὶ</em></span> <span class='ocrx_word' id='word_1_28' title='bbox 698 555 957 654; x_wconf 73' lang='grc' dir='ltr'><em>συνήσει,</em></span> <span class='ocrx_word' id='word_1_29' title='bbox 994 556 1086 611; x_wconf 84' lang='grc' dir='ltr'><em>καὶ</em></span> <span class='ocrx_word' id='word_1_30' title='bbox 1116 553 1334 626; x_wconf 88' lang='grc' dir='ltr'><em>ποιήσει</em></span> <span class='ocrx_word' id='word_1_31' title='bbox 1365 561 1532 629; x_wconf 88' lang='grc' dir='ltr'><em>κρίμα</em></span> <span class='ocrx_word' id='word_1_32' title='bbox 1562 558 1652 612; x_wconf 84' lang='grc' dir='ltr'><em>καὶ</em></span> <span class='ocrx_word' id='word_1_33' title='bbox 1685 562 1859 614; x_wconf 82' lang='grc' dir='ltr'><em>δικαι-</em></span> 
     </span>
     <span class='ocr_line' id='line_1_11' title="bbox 247 637 1902 714; baseline 0.002 -18"><span class='ocrx_word' id='word_1_34' title='bbox 247 638 458 712; x_wconf 84' lang='grc' dir='ltr'><em>οσύνηυ</em></span> <span class='ocrx_word' id='word_1_35' title='bbox 501 641 588 696; x_wconf 84' lang='grc' dir='ltr'><em>ἐπὶ</em></span> <span class='ocrx_word' id='word_1_36' title='bbox 629 646 723 712; x_wconf 85' lang='grc' dir='ltr'><em>τῆς</em></span> <span class='ocrx_word' id='word_1_37' title='bbox 763 644 879 712; x_wconf 78' lang='grc' dir='ltr'><em>γῆς.</em></span> <span class='ocrx_word' id='word_1_38' title='bbox 955 642 1015 696; x_wconf 83' lang='grc' dir='ltr'><em>έν</em></span> <span class='ocrx_word' id='word_1_39' title='bbox 1045 653 1164 705; x_wconf 90' lang='grc' dir='ltr'><em>ταις</em></span> <span class='ocrx_word' id='word_1_40' title='bbox 1195 638 1420 712; x_wconf 76' lang='grc' dir='ltr'><em>ἡμέραις</em></span> <span class='ocrx_word' id='word_1_41' title='bbox 1460 637 1632 697; x_wconf 83' lang='grc' dir='ltr'><em>αὐτοῦ</em></span> <span class='ocrx_word' id='word_1_42' title='bbox 1675 639 1902 714; x_wconf 85' lang='grc' dir='ltr'><em>σωθή-5</em></span> 
     </span>
     <span class='ocr_line' id='line_1_12' title="bbox 247 721 1860 798; baseline 0.001 -17"><span class='ocrx_word' id='word_1_43' title='bbox 247 743 398 781; x_wconf 84' lang='grc' dir='ltr'><em>σεται</em></span> <span class='ocrx_word' id='word_1_44' title='bbox 435 721 675 796; x_wconf 78' lang='grc' dir='ltr'><em>Ἰούδας,</em></span> <span class='ocrx_word' id='word_1_45' title='bbox 718 726 809 781; x_wconf 84' lang='grc' dir='ltr'><em>καὶ</em></span> <span class='ocrx_word' id='word_1_46' title='bbox 845 721 1060 796; x_wconf 78' lang='grc' dir='ltr'><em>Ἰσραὴλ</em></span> <span class='ocrx_word' id='word_1_47' title='bbox 1101 722 1514 796; x_wconf 80' lang='grc' dir='ltr'><em>κατασκηνώσει</em></span> <span class='ocrx_word' id='word_1_48' title='bbox 1557 724 1860 798; x_wconf 81' lang='grc' dir='ltr'><em>πεποιθώς,</em></span> 
     </span>
     <span class='ocr_line' id='line_1_13' title="bbox 249 804 1862 882; baseline 0.001 -17"><span class='ocrx_word' id='word_1_49' title='bbox 249 811 341 865; x_wconf 86' lang='grc' dir='ltr'><em>καὶ</em></span> <span class='ocrx_word' id='word_1_50' title='bbox 379 814 542 866; x_wconf 85' lang='grc' dir='ltr'><em>τοῦτο</em></span> <span class='ocrx_word' id='word_1_51' title='bbox 582 807 640 866; x_wconf 84' lang='grc' dir='ltr'><em>τὸ</em></span> <span class='ocrx_word' id='word_1_52' title='bbox 685 807 859 882; x_wconf 83' lang='grc' dir='ltr'><em>ὄνομα</em></span> <span class='ocrx_word' id='word_1_53' title='bbox 900 804 930 865; x_wconf 79' lang='grc' dir='ltr'><em>ὂ</em></span> <span class='ocrx_word' id='word_1_54' title='bbox 971 810 1189 866; x_wconf 85' lang='grc' dir='ltr'><em>καλέσει</em></span> <span class='ocrx_word' id='word_1_55' title='bbox 1231 806 1403 865; x_wconf 81' lang='grc' dir='ltr'><em>αὐτὸν</em></span> <span class='ocrx_word' id='word_1_56' title='bbox 1433 806 1653 880; x_wconf 82' lang='grc' dir='ltr'><em>κύριος,</em></span> <span class='ocrx_word' id='word_1_57' title='bbox 1681 805 1862 868; x_wconf 81' lang='grc' dir='ltr'><em>Ἰωσε-</em></span> 
     </span>
     <span class='ocr_line' id='line_1_14' title="bbox 249 889 1861 969; baseline 0.001 -20"><span class='ocrx_word' id='word_1_58' title='bbox 249 895 436 967; x_wconf 85' lang='grc' dir='ltr'><em>δεκεὶμ</em></span> <span class='ocrx_word' id='word_1_59' title='bbox 470 897 530 951; x_wconf 88' lang='grc' dir='ltr'><em>έν</em></span> <span class='ocrx_word' id='word_1_60' title='bbox 558 906 671 959; x_wconf 90' lang='grc' dir='ltr'><em>τοις</em></span> <span class='ocrx_word' id='word_1_61' title='bbox 702 892 1024 967; x_wconf 77' lang='grc' dir='ltr'><em>προφήταις.</em></span> <span class='ocrx_word' id='word_1_62' title='bbox 1090 896 1150 949; x_wconf 90' lang='grc' dir='ltr'><em>έν</em></span> <span class='ocrx_word' id='word_1_63' title='bbox 1179 897 1245 967; x_wconf 79' lang='grc' dir='ltr'><em>τῇ</em></span> <span class='ocrx_word' id='word_1_64' title='bbox 1275 889 1452 969; x_wconf 78' lang='grc' dir='ltr'><em>ἡμέρα</em></span> <span class='ocrx_word' id='word_1_65' title='bbox 1495 895 1707 968; x_wconf 81' lang='grc' dir='ltr'><em>ἐκείνῃ,</em></span> <span class='ocrx_word' id='word_1_66' title='bbox 1741 893 1861 950; x_wconf 84' lang='grc' dir='ltr'><em>εἷπε</em></span> 
     </span>
     <span class='ocr_line' id='line_1_15' title="bbox 245 974 1858 1051; baseline 0.001 -17"><span class='ocrx_word' id='word_1_67' title='bbox 245 976 467 1051; x_wconf 85' lang='grc' dir='ltr'><em>κύριος,</em></span> <span class='ocrx_word' id='word_1_68' title='bbox 511 983 797 1051; x_wconf 82' lang='grc' dir='ltr'><em>συντρίψω</em></span> <span class='ocrx_word' id='word_1_69' title='bbox 837 975 935 1034; x_wconf 81' lang='grc' dir='ltr'><em>τὸν</em></span> <span class='ocrx_word' id='word_1_70' title='bbox 976 976 1141 1049; x_wconf 81' lang='grc' dir='ltr'><em>ζυγὸν</em></span> <span class='ocrx_word' id='word_1_71' title='bbox 1183 975 1290 1034; x_wconf 81' lang='grc' dir='ltr'><em>ἀπὸ</em></span> <span class='ocrx_word' id='word_1_72' title='bbox 1331 975 1607 1051; x_wconf 79' lang='grc' dir='ltr'><em>τραχήλου</em></span> <span class='ocrx_word' id='word_1_73' title='bbox 1652 974 1858 1051; x_wconf 78' lang='grc' dir='ltr'><em>αὐτῶν,</em></span> 
     </span>
     <span class='ocr_line' id='line_1_16' title="bbox 244 1058 1923 1135; baseline 0.001 -17"><span class='ocrx_word' id='word_1_74' title='bbox 244 1064 335 1118; x_wconf 87' lang='grc' dir='ltr'><em>καὶ</em></span> <span class='ocrx_word' id='word_1_75' title='bbox 365 1060 493 1128; x_wconf 79' lang='grc' dir='ltr'><em>τούς</em></span> <span class='ocrx_word' id='word_1_76' title='bbox 527 1060 760 1135; x_wconf 78' lang='grc' dir='ltr'><em>δεσμούς</em></span> <span class='ocrx_word' id='word_1_77' title='bbox 791 1058 975 1119; x_wconf 77' lang='grc' dir='ltr'><em>αὐτῶν</em></span> <span class='ocrx_word' id='word_1_78' title='bbox 1008 1059 1302 1134; x_wconf 79' lang='grc' dir='ltr'><em>διαρρήξω,</em></span> <span class='ocrx_word' id='word_1_79' title='bbox 1335 1063 1425 1118; x_wconf 84' lang='grc' dir='ltr'><em>καὶ</em></span> <span class='ocrx_word' id='word_1_80' title='bbox 1457 1060 1561 1118; x_wconf 81' lang='grc' dir='ltr'><em>οὐκ</em></span> <span class='ocrx_word' id='word_1_81' title='bbox 1594 1064 1860 1135; x_wconf 77' lang='grc' dir='ltr'><em>έργῶνται</em></span> <span class='ocrx_word' id='word_1_82' title='bbox 1881 1086 1923 1119; x_wconf 81' lang='lat'><em>10</em></span> 
     </span>
     <span class='ocr_line' id='line_1_17' title="bbox 245 1143 1859 1223; baseline 0 -20"><span class='ocrx_word' id='word_1_83' title='bbox 245 1152 324 1203; x_wconf 80' lang='grc' dir='ltr'><em>ἔτι</em></span> <span class='ocrx_word' id='word_1_84' title='bbox 354 1156 508 1213; x_wconf 74' lang='grc' dir='ltr'><em>θεοῖς</em></span> <span class='ocrx_word' id='word_1_85' title='bbox 541 1149 774 1219; x_wconf 79' lang='grc' dir='ltr'><em>ἑτέροις,</em></span> <span class='ocrx_word' id='word_1_86' title='bbox 806 1143 944 1203; x_wconf 73' lang='grc' dir='ltr'><em>ἀλλὰ</em></span> <span class='ocrx_word' id='word_1_87' title='bbox 978 1148 1243 1218; x_wconf 80' lang='grc' dir='ltr'><em>ἐργῶνται</em></span> <span class='ocrx_word' id='word_1_88' title='bbox 1291 1154 1467 1223; x_wconf 78' lang='grc' dir='ltr'><em>κυρίῳ</em></span> <span class='ocrx_word' id='word_1_89' title='bbox 1497 1149 1573 1222; x_wconf 79' lang='grc' dir='ltr'><em>τῷ</em></span> <span class='ocrx_word' id='word_1_90' title='bbox 1603 1151 1722 1223; x_wconf 76' lang='grc' dir='ltr'><em>θεῷ</em></span> <span class='ocrx_word' id='word_1_91' title='bbox 1754 1143 1859 1203; x_wconf 80' lang='grc' dir='ltr'><em>αὖ-</em></span> 
     </span>
     <span class='ocr_line' id='line_1_18' title="bbox 243 1227 1858 1303; baseline 0 -16"><span class='ocrx_word' id='word_1_92' title='bbox 243 1234 386 1302; x_wconf 76' lang='grc' dir='ltr'><em>τῶν,</em></span> <span class='ocrx_word' id='word_1_93' title='bbox 432 1232 524 1288; x_wconf 89' lang='grc' dir='ltr'><em>καὶ</em></span> <span class='ocrx_word' id='word_1_94' title='bbox 562 1228 658 1287; x_wconf 84' lang='grc' dir='ltr'><em>τὸν</em></span> <span class='ocrx_word' id='word_1_95' title='bbox 689 1232 877 1302; x_wconf 86' lang='grc' dir='ltr'><em>Λαβὶδ</em></span> <span class='ocrx_word' id='word_1_96' title='bbox 919 1232 1149 1303; x_wconf 84' lang='grc' dir='ltr'><em>βασιλέα</em></span> <span class='ocrx_word' id='word_1_97' title='bbox 1192 1229 1375 1287; x_wconf 76' lang='grc' dir='ltr'><em>αὐτῶν</em></span> <span class='ocrx_word' id='word_1_98' title='bbox 1415 1228 1708 1302; x_wconf 78' lang='grc' dir='ltr'><em>ἀναστήσω</em></span> <span class='ocrx_word' id='word_1_99' title='bbox 1754 1227 1858 1287; x_wconf 79' lang='grc' dir='ltr'><em>αύ-</em></span> 
     </span>
     <span class='ocr_line' id='line_1_19' title="bbox 243 1312 554 1382; baseline 0 -10"><span class='ocrx_word' id='word_1_100' title='bbox 243 1312 409 1382; x_wconf 81' lang='grc' dir='ltr'><em>τοῖς.”</em></span> <span class='ocrx_word' id='word_1_101' title='bbox 532 1313 554 1335; x_wconf 75' lang='grc'><strong>”</strong></span> 
     </span>
    </p>

    <p class='ocr_par' dir='ltr' id='par_1_9' title="bbox 234 1396 1919 2737">
     <span class='ocr_line' id='line_1_20' title="bbox 369 1396 1857 1471; baseline 0.001 -17"><span class='ocrx_word' id='word_1_102' title='bbox 369 1403 451 1455; x_wconf 77' lang='grc'><em>38.</em></span> <span class='ocrx_word' id='word_1_103' title='bbox 487 1396 648 1456; x_wconf 64' lang='lat' dir='ltr'>Meto}</span> <span class='ocrx_word' id='word_1_104' title='bbox 678 1406 938 1455; x_wconf 73' lang='grc' dir='ltr'><em>πλεῖστον</em></span> <span class='ocrx_word' id='word_1_105' title='bbox 959 1401 1053 1471; x_wconf 79' lang='grc' dir='ltr'><em>τῆς</em></span> <span class='ocrx_word' id='word_1_106' title='bbox 1077 1401 1462 1470; x_wconf 73' lang='grc' dir='ltr'><em>τελευτῆςτοῦ</em></span> <span class='ocrx_word' id='word_1_107' title='bbox 1478 1400 1686 1470; x_wconf 87' lang='grc' dir='ltr'><em>Δαβὶδ,</em></span> <span class='ocrx_word' id='word_1_108' title='bbox 1718 1397 1857 1456; x_wconf 74' lang='grc' dir='ltr'><em>ἀλλὰ</em></span> 
     </span>
     <span class='ocr_line' id='line_1_21' title="bbox 243 1479 1919 1556; baseline -0.002 -16"><span class='ocrx_word' id='word_1_109' title='bbox 243 1485 334 1540; x_wconf 82' lang='grc' dir='ltr'><em>καὶ</em></span> <span class='ocrx_word' id='word_1_110' title='bbox 364 1486 462 1540; x_wconf 85' lang='grc' dir='ltr'><em>τοῦ</em></span> <span class='ocrx_word' id='word_1_111' title='bbox 495 1486 828 1555; x_wconf 76' lang='grc' dir='ltr'><em>Σολομῶνος</em></span> <span class='ocrx_word' id='word_1_112' title='bbox 867 1482 1068 1556; x_wconf 89' lang='grc' dir='ltr'><em>χρόνον</em></span> <span class='ocrx_word' id='word_1_113' title='bbox 1110 1487 1280 1539; x_wconf 81' lang='grc' dir='ltr'><em>ταῦτα</em></span> <span class='ocrx_word' id='word_1_114' title='bbox 1322 1485 1414 1539; x_wconf 88' lang='grc' dir='ltr'><em>καὶ</em></span> <span class='ocrx_word' id='word_1_115' title='bbox 1438 1479 1696 1555; x_wconf 80' lang='grc' dir='ltr'><em>Ἱερεμίας</em></span> <span class='ocrx_word' id='word_1_116' title='bbox 1727 1486 1855 1555; x_wconf 85' lang='grc' dir='ltr'><em>περὶ</em></span> <span class='ocrx_word' id='word_1_117' title='bbox 1879 1505 1919 1538; x_wconf 85' lang='lat'><em>15</em></span> 
     </span>
     <span class='ocr_line' id='line_1_22' title="bbox 241 1565 1855 1642; baseline 0 -18"><span class='ocrx_word' id='word_1_118' title='bbox 241 1571 340 1626; x_wconf 79' lang='grc' dir='ltr'><em>τοῦ</em></span> <span class='ocrx_word' id='word_1_119' title='bbox 392 1569 686 1641; x_wconf 87' lang='grc' dir='ltr'><em>μέλλοντος</em></span> <span class='ocrx_word' id='word_1_120' title='bbox 740 1570 798 1624; x_wconf 83' lang='grc' dir='ltr'><em>ἐκ</em></span> <span class='ocrx_word' id='word_1_121' title='bbox 842 1569 1150 1642; x_wconf 87' lang='grc' dir='ltr'><em>σπέρματος</em></span> <span class='ocrx_word' id='word_1_122' title='bbox 1197 1565 1613 1639; x_wconf 74' lang='grc' dir='ltr'><em>ἀναστήσεσθαι</em></span> <span class='ocrx_word' id='word_1_123' title='bbox 1664 1570 1855 1639; x_wconf 86' lang='grc' dir='ltr'><em>Δαβὶδ</em></span> 
     </span>
     <span class='ocr_line' id='line_1_23' title="bbox 241 1649 1851 1725; baseline 0 -17"><span class='ocrx_word' id='word_1_124' title='bbox 241 1655 510 1723; x_wconf 85' lang='grc' dir='ltr'><em>βασιλέως</em></span> <span class='ocrx_word' id='word_1_125' title='bbox 552 1658 828 1724; x_wconf 83' lang='grc' dir='ltr'><em>θεσπίζει,</em></span> <span class='ocrx_word' id='word_1_126' title='bbox 871 1649 937 1709; x_wconf 79' lang='grc' dir='ltr'><em>ὃν</em></span> <span class='ocrx_word' id='word_1_127' title='bbox 979 1656 1198 1725; x_wconf 76' lang='grc' dir='ltr'><em>πρῶτον</em></span> <span class='ocrx_word' id='word_1_128' title='bbox 1227 1651 1331 1723; x_wconf 73' lang='grc' dir='ltr'><em>μὲν</em></span> <span class='ocrx_word' id='word_1_129' title='bbox 1366 1649 1648 1724; x_wconf 76' lang='grc' dir='ltr'><em>ἀνατολὴν</em></span> <span class='ocrx_word' id='word_1_130' title='bbox 1677 1659 1851 1724; x_wconf 79' lang='grc' dir='ltr'><em>καλεῖ,</em></span> 
     </span>
     <span class='ocr_line' id='line_1_24' title="bbox 242 1731 1857 1809; baseline -0.001 -17"><span class='ocrx_word' id='word_1_131' title='bbox 242 1739 334 1793; x_wconf 84' lang='grc' dir='ltr'><em>καὶ</em></span> <span class='ocrx_word' id='word_1_132' title='bbox 365 1734 468 1809; x_wconf 83' lang='grc' dir='ltr'><em>οὐχ</em></span> <span class='ocrx_word' id='word_1_133' title='bbox 499 1735 706 1807; x_wconf 68' lang='grc' dir='ltr'><em>ἁπλαῖς,</em></span> <span class='ocrx_word' id='word_1_134' title='bbox 738 1733 878 1793; x_wconf 70' lang='grc' dir='ltr'><em>ἀλλὰ</em></span> <span class='ocrx_word' id='word_1_135' title='bbox 912 1741 1152 1807; x_wconf 87' lang='grc' dir='ltr'><em>δικαιάν,</em></span> <span class='ocrx_word' id='word_1_136' title='bbox 1187 1735 1259 1802; x_wconf 74' lang='grc' dir='ltr'><em>ὡς</em></span> <span class='ocrx_word' id='word_1_137' title='bbox 1293 1731 1363 1793; x_wconf 70' lang='grc' dir='ltr'><em>ἂν</em></span> <span class='ocrx_word' id='word_1_138' title='bbox 1394 1739 1447 1803; x_wconf 81' lang='grc' dir='ltr'><em>ἐξ</em></span> <span class='ocrx_word' id='word_1_139' title='bbox 1479 1734 1643 1807; x_wconf 83' lang='grc' dir='ltr'><em>ἡλίου</em></span> <span class='ocrx_word' id='word_1_140' title='bbox 1675 1741 1857 1792; x_wconf 84' lang='grc' dir='ltr'><em>δικαι-</em></span> 
     </span>
     <span class='ocr_line' id='line_1_25' title="bbox 239 1811 1852 1893; baseline -0.001 -16"><span class='ocrx_word' id='word_1_141' title='bbox 239 1819 443 1893; x_wconf 86' lang='grc' dir='ltr'><em>οσύνης</em></span> <span class='ocrx_word' id='word_1_142' title='bbox 485 1819 928 1893; x_wconf 80' lang='grc' dir='ltr'><em>συστησάμενον,</em></span> <span class='ocrx_word' id='word_1_143' title='bbox 970 1822 1096 1892; x_wconf 84' lang='grc' dir='ltr'><em>περὶ</em></span> <span class='ocrx_word' id='word_1_144' title='bbox 1135 1811 1204 1876; x_wconf 75' lang='grc' dir='ltr'><em>οὗ</em></span> <span class='ocrx_word' id='word_1_145' title='bbox 1246 1817 1609 1891; x_wconf 83' lang='grc' dir='ltr'><em>διειλήφαμεν</em></span> <span class='ocrx_word' id='word_1_146' title='bbox 1643 1821 1701 1876; x_wconf 85' lang='grc' dir='ltr'><em>ἐν</em></span> <span class='ocrx_word' id='word_1_147' title='bbox 1731 1833 1852 1885; x_wconf 79' lang='grc' dir='ltr'><em>ταῖς</em></span> 
     </span>
     <span class='ocr_line' id='line_1_26' title="bbox 239 1900 1918 1978; baseline -0.002 -17"><span class='ocrx_word' id='word_1_148' title='bbox 239 1908 366 1978; x_wconf 87' lang='grc' dir='ltr'><em>περὶ</em></span> <span class='ocrx_word' id='word_1_149' title='bbox 406 1908 504 1962; x_wconf 83' lang='grc' dir='ltr'><em>τοῦ</em></span> <span class='ocrx_word' id='word_1_150' title='bbox 558 1906 820 1978; x_wconf 82' lang='grc' dir='ltr'><em>δευτέρου</em></span> <span class='ocrx_word' id='word_1_151' title='bbox 861 1910 1043 1960; x_wconf 85' lang='grc' dir='ltr'><em>αἰτίου</em></span> <span class='ocrx_word' id='word_1_152' title='bbox 1091 1902 1468 1974; x_wconf 80' lang='grc' dir='ltr'><em>ἀποδείξεσιν,</em></span> <span class='ocrx_word' id='word_1_153' title='bbox 1526 1905 1586 1959; x_wconf 86' lang='grc' dir='ltr'><em>ἐν</em></span> <span class='ocrx_word' id='word_1_154' title='bbox 1627 1900 1714 1969; x_wconf 82' lang='grc' dir='ltr'><em>αἶς</em></span> <span class='ocrx_word' id='word_1_155' title='bbox 1754 1903 1851 1961; x_wconf 83' lang='grc' dir='ltr'><em>τὸν</em></span> <span class='ocrx_word' id='word_1_156' title='bbox 1876 1926 1918 1958; x_wconf 83' lang='lat'><em>20</em></span> 
     </span>
     <span class='ocr_line' id='line_1_27' title="bbox 239 1985 1852 2060; baseline -0.001 -14"><span class='ocrx_word' id='word_1_157' title='bbox 239 1987 482 2060; x_wconf 85' lang='grc' dir='ltr'><em>προόντα</em></span> <span class='ocrx_word' id='word_1_158' title='bbox 512 1995 610 2044; x_wconf 85' lang='grc' dir='ltr'><em>τοῦ</em></span> <span class='ocrx_word' id='word_1_159' title='bbox 641 1994 780 2044; x_wconf 84' lang='grc' dir='ltr'><em>θεοῦ</em></span> <span class='ocrx_word' id='word_1_160' title='bbox 813 1985 979 2058; x_wconf 85' lang='grc' dir='ltr'><em>λόγον</em></span> <span class='ocrx_word' id='word_1_161' title='bbox 1007 1992 1230 2059; x_wconf 86' lang='grc' dir='ltr'><em>μυρίαις</em></span> <span class='ocrx_word' id='word_1_162' title='bbox 1261 1987 1601 2060; x_wconf 86' lang='grc' dir='ltr'><em>κεχρημένον</em></span> <span class='ocrx_word' id='word_1_163' title='bbox 1633 1991 1852 2045; x_wconf 83' lang='grc' dir='ltr'><em>ἐπωνυ-</em></span> 
     </span>
     <span class='ocr_line' id='line_1_28' title="bbox 236 2067 1852 2144; baseline 0.001 -16"><span class='ocrx_word' id='word_1_164' title='bbox 236 2078 386 2144; x_wconf 88' lang='grc' dir='ltr'><em>μίαις</em></span> <span class='ocrx_word' id='word_1_165' title='bbox 416 2073 508 2127; x_wconf 87' lang='grc' dir='ltr'><em>καὶ</em></span> <span class='ocrx_word' id='word_1_166' title='bbox 539 2069 697 2141; x_wconf 78' lang='grc' dir='ltr'><em>ἥλιον</em></span> <span class='ocrx_word' id='word_1_167' title='bbox 728 2069 1082 2143; x_wconf 81' lang='grc' dir='ltr'><em>δικαιοσύνης</em></span> <span class='ocrx_word' id='word_1_168' title='bbox 1111 2067 1475 2144; x_wconf 77' lang='grc' dir='ltr'><em>ὀνομάζεσθαι</em></span> <span class='ocrx_word' id='word_1_169' title='bbox 1517 2069 1852 2130; x_wconf 80' lang='grc' dir='ltr'><em>ἀπεδείκνυ-</em></span> 
     </span>
     <span class='ocr_line' id='line_1_29' title="bbox 236 2151 1850 2229; baseline 0 -17"><span class='ocrx_word' id='word_1_170' title='bbox 236 2179 359 2229; x_wconf 89' lang='grc' dir='ltr'><em>μεν,</em></span> <span class='ocrx_word' id='word_1_171' title='bbox 392 2155 495 2228; x_wconf 81' lang='grc' dir='ltr'><em>τὴν</em></span> <span class='ocrx_word' id='word_1_172' title='bbox 518 2172 846 2227; x_wconf 81' lang='grc' dir='ltr'><em>φασκουσαν</em></span> <span class='ocrx_word' id='word_1_173' title='bbox 869 2151 1240 2228; x_wconf 59' lang='grc' dir='ltr'><em>προφητείαν“</em></span> <span class='ocrx_word' id='word_1_174' title='bbox 1243 2153 1378 2221; x_wconf 63' lang='grc' dir='ltr'><em>“τοϊς</em></span> <span class='ocrx_word' id='word_1_175' title='bbox 1402 2156 1462 2212; x_wconf 84' lang='grc' dir='ltr'><em>δε</em></span> <span class='ocrx_word' id='word_1_176' title='bbox 1479 2157 1850 2228; x_wconf 78' lang='grc' dir='ltr'><em>φοβουμένοις</em></span> 
     </span>
     <span class='ocr_line' id='line_1_30' title="bbox 235 2236 1843 2348; baseline -0.001 -50.997"><span class='ocrx_word' id='word_1_177' title='bbox 235 2264 301 2313; x_wconf 89' lang='grc' dir='ltr'><em>με</em></span> <span class='ocrx_word' id='word_1_178' title='bbox 352 2239 609 2297; x_wconf 88' lang='grc' dir='ltr'><em>ανατελει</em></span> <span class='ocrx_word' id='word_1_179' title='bbox 657 2238 807 2312; x_wconf 78' lang='grc' dir='ltr'><em>ἥλιος</em></span> <span class='ocrx_word' id='word_1_180' title='bbox 859 2236 1248 2311; x_wconf 84' lang='grc' dir='ltr'><em>δικαιοσύνης”</em></span> <span class='ocrx_word' id='word_1_181' title='bbox 1291 2241 1687 2348; x_wconf 80' lang='grc' dir='ltr'><em>παραθέμενοι.</em></span> <span class='ocrx_word' id='word_1_182' title='bbox 1761 2244 1843 2297; x_wconf 84' lang='lat'><em>39.</em></span> 
     </span>
     <span class='ocr_line' id='line_1_31' title="bbox 237 2315 1913 2398; baseline -0.001 -18"><span class='ocrx_word' id='word_1_183' title='bbox 237 2321 422 2398; x_wconf 72' lang='grc' dir='ltr'><em>ὥσπερ</em></span> <span class='ocrx_word' id='word_1_184' title='bbox 463 2315 566 2382; x_wconf 75' lang='grc' dir='ltr'><em>οὖν</em></span> <span class='ocrx_word' id='word_1_185' title='bbox 605 2322 764 2396; x_wconf 76' lang='grc' dir='ltr'><em>ἥλιον</em></span> <span class='ocrx_word' id='word_1_186' title='bbox 806 2322 1189 2396; x_wconf 82' lang='grc' dir='ltr'><em>δικαιοσύνης,</em></span> <span class='ocrx_word' id='word_1_187' title='bbox 1249 2320 1392 2380; x_wconf 79' lang='grc' dir='ltr'><em>οὕτω</em></span> <span class='ocrx_word' id='word_1_188' title='bbox 1437 2325 1528 2379; x_wconf 84' lang='grc' dir='ltr'><em>καὶ</em></span> <span class='ocrx_word' id='word_1_189' title='bbox 1570 2319 1847 2396; x_wconf 76' lang='grc' dir='ltr'><em>ἀνατολὴν</em></span> <span class='ocrx_word' id='word_1_190' title='bbox 1870 2345 1913 2378; x_wconf 81' lang='lat'><em>25</em></span> 
     </span>
     <span class='ocr_line' id='line_1_32' title="bbox 238 2405 1845 2482; baseline -0.001 -16"><span class='ocrx_word' id='word_1_191' title='bbox 238 2415 459 2466; x_wconf 86' lang='grc' dir='ltr'><em>δικαίαν</em></span> <span class='ocrx_word' id='word_1_192' title='bbox 509 2407 538 2466; x_wconf 85' lang='grc' dir='ltr'>ὁ</span> <span class='ocrx_word' id='word_1_193' title='bbox 583 2407 742 2482; x_wconf 79' lang='grc' dir='ltr'><em>λόγος</em></span> <span class='ocrx_word' id='word_1_194' title='bbox 796 2410 885 2465; x_wconf 79' lang='grc' dir='ltr'><em>ἐπὶ</em></span> <span class='ocrx_word' id='word_1_195' title='bbox 926 2411 1025 2466; x_wconf 87' lang='grc' dir='ltr'><em>τοῦ</em></span> <span class='ocrx_word' id='word_1_196' title='bbox 1075 2406 1345 2480; x_wconf 87' lang='grc' dir='ltr'><em>παρόντος</em></span> <span class='ocrx_word' id='word_1_197' title='bbox 1394 2405 1730 2480; x_wconf 77' lang='grc' dir='ltr'><em>ἀναστήσειν</em></span> <span class='ocrx_word' id='word_1_198' title='bbox 1770 2431 1845 2465; x_wconf 89' lang='grc' dir='ltr'><em>τω</em></span> 
     </span>
     <span class='ocr_line' id='line_1_33' title="bbox 235 2489 1847 2569; baseline -0.001 -19"><span class='ocrx_word' id='word_1_199' title='bbox 235 2496 424 2565; x_wconf 81' lang='grc' dir='ltr'><em>Δαβὶδ</em></span> <span class='ocrx_word' id='word_1_200' title='bbox 473 2493 829 2569; x_wconf 84' lang='grc' dir='ltr'><em>προφητεύει.</em></span> <span class='ocrx_word' id='word_1_201' title='bbox 916 2491 1012 2550; x_wconf 84' lang='grc' dir='ltr'><em>τὸν</em></span> <span class='ocrx_word' id='word_1_202' title='bbox 1054 2489 1222 2550; x_wconf 77' lang='grc' dir='ltr'><em>αὐτὸν</em></span> <span class='ocrx_word' id='word_1_203' title='bbox 1267 2493 1326 2549; x_wconf 78' lang='grc' dir='ltr'><em>δὲ</em></span> <span class='ocrx_word' id='word_1_204' title='bbox 1376 2495 1574 2549; x_wconf 74' lang='grc' dir='ltr'><em>τοῦτον</em></span> <span class='ocrx_word' id='word_1_205' title='bbox 1615 2495 1847 2564; x_wconf 83' lang='grc' dir='ltr'><em>βασιλέα</em></span> 
     </span>
     <span class='ocr_line' id='line_1_34' title="bbox 236 2574 1848 2653; baseline -0.002 -17"><span class='ocrx_word' id='word_1_206' title='bbox 236 2580 523 2651; x_wconf 86' lang='grc' dir='ltr'><em>συνιέντα,</em></span> <span class='ocrx_word' id='word_1_207' title='bbox 567 2580 658 2635; x_wconf 85' lang='grc' dir='ltr'><em>καὶ</em></span> <span class='ocrx_word' id='word_1_208' title='bbox 700 2581 964 2636; x_wconf 81' lang='grc' dir='ltr'><em>ποιοῦντα</em></span> <span class='ocrx_word' id='word_1_209' title='bbox 1005 2584 1171 2653; x_wconf 87' lang='grc' dir='ltr'><em>κρίμα</em></span> <span class='ocrx_word' id='word_1_210' title='bbox 1220 2579 1311 2633; x_wconf 83' lang='grc' dir='ltr'><em>καὶ</em></span> <span class='ocrx_word' id='word_1_211' title='bbox 1353 2574 1715 2648; x_wconf 86' lang='grc' dir='ltr'><em>δικαιοσύνην</em></span> <span class='ocrx_word' id='word_1_212' title='bbox 1757 2578 1848 2633; x_wconf 84' lang='grc' dir='ltr'><em>ἐπὶ</em></span> 
     </span>
     <span class='ocr_line' id='line_1_35' title="bbox 234 2657 1843 2737; baseline -0.001 -19"><span class='ocrx_word' id='word_1_213' title='bbox 234 2669 326 2735; x_wconf 89' lang='grc' dir='ltr'><em>τῆς</em></span> <span class='ocrx_word' id='word_1_214' title='bbox 361 2666 460 2735; x_wconf 79' lang='grc' dir='ltr'><em>γῆς</em></span> <span class='ocrx_word' id='word_1_215' title='bbox 491 2661 871 2737; x_wconf 77' lang='grc' dir='ltr'><em>προαγορεύει.</em></span> <span class='ocrx_word' id='word_1_216' title='bbox 937 2662 1052 2719; x_wconf 81' lang='grc' dir='ltr'><em>εἶτα</em></span> <span class='ocrx_word' id='word_1_217' title='bbox 1084 2663 1175 2719; x_wconf 88' lang='grc' dir='ltr'><em>καὶ</em></span> <span class='ocrx_word' id='word_1_218' title='bbox 1206 2657 1513 2734; x_wconf 81' lang='grc' dir='ltr'><em>ὁμωνύμως</em></span> <span class='ocrx_word' id='word_1_219' title='bbox 1543 2659 1639 2718; x_wconf 89' lang='grc' dir='ltr'><em>τὸν</em></span> <span class='ocrx_word' id='word_1_220' title='bbox 1671 2658 1843 2717; x_wconf 81' lang='grc' dir='ltr'><em>αὐτὸν</em></span> 
     </span>
    </p>
   </div>
   <div class='ocr_carea' id='block_1_9' title="bbox 237 2785 446 2794">
    <p class='ocr_par' dir='ltr' id='par_1_10' title="bbox 237 2785 446 2794">
     <span class='ocr_line' id='line_1_36' title="bbox 237 2785 446 2794; baseline 0 0"><span class='ocrx_word' id='word_1_221' title='bbox 237 2785 446 2794; x_wconf 95' lang='lat' dir='ltr'><em> </em></span> 
     </span>
    </p>
   </div>
   <div class='ocr_carea' id='block_1_10' title="bbox 458 2788 572 2792">
    <p class='ocr_par' dir='ltr' id='par_1_11' title="bbox 458 2788 572 2792">
     <span class='ocr_line' id='line_1_37' title="bbox 458 2788 572 2792; baseline 0 0"><span class='ocrx_word' id='word_1_222' title='bbox 458 2788 572 2792; x_wconf 95' lang='lat' dir='ltr'><em> </em></span> 
     </span>
    </p>
   </div>
   <div class='ocr_carea' id='block_1_11' title="bbox 349 2856 657 2907">
    <p class='ocr_par' dir='ltr' id='par_1_12' title="bbox 349 2856 657 2907">
     <span class='ocr_line' id='line_1_38' title="bbox 349 2856 657 2907; baseline 0.01 -12"><span class='ocrx_word' id='word_1_223' title='bbox 349 2858 372 2895; x_wconf 81' lang='lat'>2</span> <span class='ocrx_word' id='word_1_224' title='bbox 404 2856 657 2907; x_wconf 75' lang='lat' dir='ltr'><strong>Jer.23‚6.</strong></span> 
     </span>
    </p>
   </div>
  </div>
 </body>
</html>
