1992 3186
237 134 341 186 296
909 135 1158 177 EUSEBu

240 276 329 318 τος
361 249 630 324 ἀξιώματί
656 274 714 308 τε
746 253 838 307 καὶ
850 257 1212 358 προσηγορία
1243 258 1539 325 τετίμηται,
1588 251 1755 324 λόγον
1786 254 1847 310 δὲ

239 339 377 393 θεοῦ
433 333 604 391 αὐτὸν
650 337 741 391 καὶ
783 340 931 407 φῶς,
976 336 1068 392 καὶ
1110 333 1253 407 ζωὴν
1303 338 1395 392 καὶ
1436 334 1709 408 ἀλήθειαν
1759 339 1851 394 καὶ

193 443 212 474 <1
241 422 330 476 ἐπὶ
372 439 503 476 πασι
546 416 787 491 Χριστὸν
828 425 971 476 θεοῦ
1026 417 1266 492 δύναμιν
1322 422 1413 477 καὶ
1460 425 1600 478 θεοῦ
1643 427 1851 494 σοφίαν

240 501 674 574 προσαγορεύειν
714 502 1116 576 μεμαθήκαμεν
1193 508 1240 560 5.
1298 502 1403 576 ἤδη
1453 497 1556 562 οὖν
1602 505 1667 562 τὰ
1715 505 1850 578 μετὰ

239 602 424 660 χειρας
456 583 621 653 αὐτὸς
661 588 787 659 περὶ
821 589 1053 659 ἑαυτοῦ,
1096 585 1168 654 ὡς
1207 583 1277 644 dv
1326 591 1466 645 θεοῦ
1509 595 1677 660 σοφία
1709 594 1850 658 ζῶσα
1874 617 1894 648 5

240 673 330 728 καὶ
362 668 495 728 καθ’
531 669 707 743 αὑτὴν
738 670 1065 743 ὑφεστῶσα,
1110 670 1193 728 δι’
1244 674 1342 728 τοῦ
1385 671 1709 744 σοφωτάτου
1740 683 1852 730 Σο-

239 761 483 829 λομῶνος
520 757 850 830 διεξέρχεται
874 752 1019 828 “ἐγω
1050 754 1083 828 ἡ
1112 763 1281 828 σοφία
1306 755 1698 829 κατεσκήνωσα
1722 763 1849 829 βου·

240 840 374 912 λ’ὴν,
428 841 517 896 καὶ
559 844 772 912 γνῶσιν
812 842 903 897 καὶ
951 846 1175 898 ἔννοιαν
1225 839 1328 914 ἐγώ
1381 838 1848 914 ἐπεκαλεσάμην,”

242 927 331 981 καὶ
370 923 434 982 τὰ
480 923 691 990 τούτοις
739 923 1053 997 ἐπαγόμενα
1095 927 1286 997 λέγων.
1372 930 1419 982 6.
1468 923 1606 982 ἀλλὰ
1647 927 1739 982 καὶ
1781 921 1852 991 ὥς

243 1007 343 1080 τὴν
373 1012 484 1066 τεόν
516 1008 662 1066 ὅλων
696 1014 974 1082 διοίκησιν
1003 1012 1094 1066 καὶ
1119 1008 1388 1081 πρόνοιαν
1413 1006 1852 1083 ἀναδεδεγμένος
1878 1036 1914 1066 10

244 1095 491 1165 ἐπιφέρει
516 1089 636 1149 “δι’
673 1096 806 1166 ἐμοῦ
836 1099 1083 1164 βασιλεῖς
1114 1092 1500 1165 βασιλεύουσι,
1545 1096 1637 1151 καὶ
1666 1098 1724 1150 oc
1751 1099 1849 1150 δυ-

248 1177 439 1234 νάσται
470 1176 750 1251 γράφουσι
786 1177 1165 1250 δικαιοσύνην.
1240 1177 1311 1234 δι’
1352 1181 1485 1250 ἐμοῦ
1526 1184 1852 1251 μεγιστᾶνες

242 1258 695 1334 μεγαλύνονται.”
758 1262 872 1319 εἶτα
906 1260 1078 1319 εἰπών
1109 1261 1518 1335 μνημονεύσειν
1549 1260 1615 1318 τά
1647 1265 1698 1330 ἐξ
1724 1265 1852 1318 αι’ὧ-

244 1370 335 1412 νος
379 1344 567 1418 ἐπάγει
623 1350 803 1418 λέγων
851 1344 1078 1419 “κύριος
1132 1349 1314 1403 ε’κτισέ
1361 1371 1427 1419 με
1478 1344 1655 1419 ἀρχὴν
1705 1342 1854 1404 ὁδων

244 1427 416 1486 αὐτοῦ
459 1436 536 1495 εἰς
582 1436 713 1502 ἔργα
746 1429 948 1501 αὐτοῦ,
992 1428 1096 1501 πρὸ
1138 1435 1234 1487 τοῦ
1275 1437 1476 1497 αἰῶνος
1519 1433 1857 1503 ἐθεμελίωσέ
1878 1458 1916 1489 15

127 1540 202 1582 (212
196 1540 216 1576 J
243 1512 354 1586 με”
430 1513 493 1570 δι’
533 1538 612 1571 ων
653 1512 789 1587 ὁμοῦ
821 1518 912 1571 καὶ
953 1514 1220 1588 γεννητὸν
1252 1514 1467 1586 ἑαυτὸν,
1500 1513 1623 1588 οὐχὶ
1666 1515 1726 1571 δὲ
1755 1514 1852 1572 τὸν

241 1596 412 1655 αὐτὸν
442 1595 574 1655 όντα
604 1604 680 1675 τῷ
713 1596 998 1676 ἀγεννήτῳ
1033 1597 1312 1670 διδάσκει,
1346 1598 1451 1671 πρὸ
1483 1597 1686 1664 παντὸς
1718 1602 1852 1655 αἰῶ-

245 1707 333 1749 νος
365 1681 736 1756 οὐσιωμένον,
777 1689 1044 1756 θεμελίου
1086 1706 1146 1740 τε
1186 1682 1390 1755 τρόπον
1429 1687 1541 1740 τῶν
1570 1687 1852 1754 γεννητῶν

241 1765 503 1824 ἁπάντων
545 1771 1014 1840 προβεβλημένον.
1100 1773 1143 1823 7.
1197 1764 1335 1824 ὅθεν
1375 1766 1470 1823 τὸν
1509 1776 1671 1823 θεῖον
1712 1764 1846 1822 ἀπό-

246 1859 443 1909 στολον
476 1851 619 1916 εἰκὸς
649 1847 974 1924 ὁρμώμενον
1002 1853 1128 1922 περὶ
1160 1849 1329 1908 αὐτοῦ
1361 1849 1563 1922 φάναι,
1606 1847 1665 1916 ὅς
1704 1853 1849 1907 ἐστιν
1874 1878 1914 1910 20

244 1934 407 1992 εἰκών
437 1939 536 1992 τοῦ
568 1933 836 2006 ἀοράτου,
877 1932 1219 2007 πρωτότοκος
1262 1933 1438 2006 πάσης
1479 1940 1736 2004 κτίσεως,
1768 1930 1851 1991 ὅτι

243 2023 302 2075 ἐν
334 2018 482 2094 αὐτῷ
528 2022 756 2090 ἐκτίσθη
795 2016 861 2074 τά
905 2017 1111 2089 πάντα,
1157 2016 1221 2074 τὰ
1265 2022 1324 2075 ἐν
1364 2022 1438 2094 τῷ
1481 2017 1702 2094 οὐρανῷ
1758 2021 1849 2074 καὶ

242 2100 306 2158 τοὶ
340 2104 427 2158 ἐπὶ
457 2104 552 2172 τῆς
592 2104 706 2173 γῆς.
775 2100 1116 2174 πρωτότοκος
1147 2103 1251 2175 μὲν
1282 2101 1384 2174 γὰρ
1417 2101 1593 2174 πάσης
1625 2101 1850 2175 οἰνείρηᾳ

196 2218 214 2249 ι)
241 2210 328 2242 ται
360 2192 587 2251 κτίσεως
630 2184 766 2241 κατὰ
810 2184 912 2242 τὸ
919 2181 1127 2259 κύριος
1170 2190 1350 2243 ἕκτισέ
1388 2209 1454 2259 με
1495 2184 1672 2259 ἀρχὴν
1701 2182 1850 2242 ὁδῶν

242 2266 414 2327 αὐτοῦ
448 2276 524 2336 εἰς
557 2275 688 2343 ἔργα
719 2266 939 2326 αὐτοῦ.”
1010 2282 1189 2327 νοοῖτο
1224 2269 1272 2327 δ’
1311 2266 1381 2327 ἂν
1428 2269 1650 2336 εἰκότως
1683 2269 1848 2327 εἰκών
1872 2297 1911 2327 25

240 2358 338 2411 τοῦ
388 2359 556 2425 θεοῦ,
610 2377 685 2420 ως
725 2349 795 2411 οὶν
836 2355 1083 2426 γέννημα
1133 2357 1228 2426 τῆς
1279 2352 1585 2426 ἆγεννήτου
1626 2352 1848 2425 φύσεως

239 2437 543 2511 τυγχάνων.
603 2443 648 2496 8.
698 2441 855 2495 τοῦτο
889 2434 940 2494 δ’
976 2429 1077 2495 οῦν
1111 2440 1169 2495 ἐν
1199 2453 1311 2504 τοῖς
1341 2437 1475 2510 μετὰ
1508 2451 1693 2511 χεῖρας
1716 2436 1847 2508 ὁμο-

242 2529 394 2594 λογεῖ
433 2521 496 2579 δι’
547 2514 627 2579 ὦν
667 2541 804 2595 φησι
839 2520 980 2594 “πρὸ
1022 2524 1120 2579 τοῦ
1160 2519 1260 2594 ὅρη
1303 2524 1679 2593 ἑδρασθῆναι,
1733 2523 1845 2590 καὶ,

241 2607 345 2677 πρὸ
379 2608 440 2663 δὲ
470 2606 695 2664 πάντων
727 2609 949 2678 βουνῶν
979 2608 1150 2680 γεννᾷ
1180 2602 1293 2677 με.”
1330 2611 1497 2662 ἔνθεν
1529 2602 1698 2662 αὐτὸν
1722 2603 1848 2661 υἱὸν

241 2694 515 2762 μονογενῆ
554 2693 646 2747 καὶ
693 2689 1041 2763 πρωτότοκον
1091 2692 1192 2746 τοῦ
1238 2692 1376 2746 θεοῦ
1428 2687 1592 2761 λόγον
1645 2685 1841 2759 ἄναγο·
1867 2715 1908 2745 30

354 2884 377 2922 3
412 2885 429 2920 1
458 2881 555 2922 Con
586 2884 621 2933 1,
646 2885 711 2924 24.
916 2885 964 2922 21
1001 2882 1098 2922 Col.
1127 2883 1162 2931 1,
1193 2884 1254 2922 15.
1470 2885 1523 2922 24
1555 2883 1685 2921 Prov.
1710 2882 1749 2930 8,
1774 2881 1839 2920 22.
