1946 3158
517 92 826 135 DEMONST.
858 92 1077 135 EVANG.
1110 94 1191 137 111.
1228 96 1265 134 1.
1289 96 1327 135 2.
1618 93 1721 146 139

106 207 269 282 ὀλίγα
309 215 614 282 προλαβεῖν
652 211 764 265 τῶν
809 207 938 283 παρ’
967 207 1239 283 Ἑβραίοις
1279 207 1560 266 ἀνέκαθεν
1590 212 1717 282 περὶ

106 299 208 352 τοῦ
260 298 501 369 Χριστοῦ
560 295 1092 367 προφητευομένων,
1154 292 1226 361 ῶς
1278 290 1348 350 ἂν
1399 296 1551 367 εἰδῇς
1590 299 1719 351 τίνα

109 384 336 435 ἔσεσθαι
366 375 426 434 τὸ
459 375 783 450 εὐαγγέλιον
817 379 876 434 ἐν
906 376 1154 451 ὑστέροις
1186 390 1399 453 καιροῖς
1433 376 1719 450 εὐηγγελί-

108 470 252 534 ζετο,
284 458 425 535 ὁμοῦ
453 484 511 518 τε
541 466 654 518 τῶν
685 465 985 535 προφητῶν
1014 459 1073 518 τὸ
1104 465 1297 535 θαῦμα
1326 467 1420 536 τῆς
1451 464 1562 518 τῶν
1585 470 1721 535 μελ-

64 571 86 605 5
111 546 322 604 λόντων
352 544 747 619 προγνώσεως,
791 548 883 602 καὶ
926 550 1038 603 τῶν
1079 545 1442 619 προρρήσεων
1482 545 1547 603 τὰ
1579 544 1720 603 ἀπο-

107 633 436 702 τελέσματα,
478 628 626 696 ὅπως
668 632 756 686 ε’πὶ
799 628 896 687 τὸν
933 633 1152 703 σωτῆρα
1194 633 1285 687 καὶ
1326 629 1519 704 κύριον
1560 626 1718 704 ἡμῶν

102 712 318 788 Ἰησοῦν
359 714 455 773 τὸν
486 712 726 788 Χριστὸν
756 717 856 771 τοῦ
894 717 1034 772 θεοῦ
1064 722 1387 772 συνίσταται
1427 723 1717 788 πεπληρω-

107 803 282 873 μένα;

235 882 295 940 ΙΙ.
344 886 574 952 Πρῶτος
614 886 914 956 προφητῶν
945 885 1158 954 Μωσῆς
1198 886 1387 955 ἕτερον
1427 881 1719 956 προφήτην

47 992 87 1025 ιο
109 965 299 1041 ὅμοιον
328 966 480 1044 αὑτῶ
501 965 913 1040 ἀναστήσεσθαι
939 963 1354 1040 εὐαγγελίζεται.
1399 965 1589 1039 ἐπειδὴ
1614 966 1718 1041 γὰρ
1743 990 1810 1030 (90)

109 1051 142 1126 ἡ
174 1050 295 1110 κατ’
333 1050 504 1108 αὐτὸν
527 1057 833 1124 νομοθεσία
856 1049 1007 1128 μόνςο
1031 1054 1108 1128 τῷ
1129 1050 1415 1110 Ἰουδαίων
1439 1054 1720 1125 προσῆκεν

111 1143 294 1210 ἔθνει,
335 1138 427 1193 καὶ
466 1133 643 1212 τούτῳ
677 1138 765 1193 ἐπὶ
795 1142 889 1209 τῆς
916 1133 1187 1203 Ἰουδαίας
1217 1140 1317 1209 γῆς
1348 1133 1380 1208 ἢ
1412 1132 1553 1208 ἀμφὶ
1584 1133 1720 1192 ταύ-

111 1245 242 1299 την,
275 1217 398 1294 οῦχὶ
430 1221 492 1277 δὲ
522 1223 614 1277 καὶ
644 1223 722 1297 τῷ
751 1219 1084 1295 πορρωτάτω
1126 1223 1221 1293 τῆς
1252 1219 1569 1292 ἀλλοδαπῆς
1601 1225 1718 1276 δια·

111 1310 384 1379 τρίβοντι,
416 1311 703 1362 συνῶπται
736 1303 828 1362 δια
857 1311 970 1363 τῶν
1000 1304 1252 1377 πρόσθεν
1283 1303 1415 1378 ἡμῖν
1446 1328 1721 1377 γεγυμνα-

51 1411 92 1444 15
114 1390 353 1462 σμένων,
385 1394 522 1462 χρῆν
547 1388 609 1445 δὲ
642 1387 822 1461 δήπου
838 1389 934 1447 τὸν
956 1389 1030 1462 μὴ
1053 1388 1228 1462 μόνον
1249 1387 1539 1447 Ἰουδαίων
1562 1386 1719 1460 θεὸν,

113 1471 252 1530 ἄλλα
283 1474 374 1530 καὶ
407 1465 625 1545 ἐθνῶν,
674 1475 766 1529 καὶ
805 1471 871 1529 τα
911 1477 1044 1531 πᾶσι
1083 1487 1197 1540 τοῖς
1237 1479 1428 1532 ἔθνεσι
1460 1477 1717 1544 λυσιτελῆ
1745 1498 1810 1539 [59]

114 1555 251 1630 πρὸς
280 1557 382 1629 τὴν
413 1553 586 1614 αὐτοῦ
623 1561 836 1630 γνῶσίν
865 1580 923 1614 τε
953 1559 1044 1614 καὶ
1086 1554 1376 1629 εὐσέβειαν
1414 1571 1723 1629 παρασχεῖν

113 1644 192 1718 τῷ
220 1646 354 1718 βίω,
390 1639 612 1707 εἰκότως
652 1639 943 1714 προφήτην
983 1643 1173 1716 ἕτερον
1211 1638 1330 1698 κατ’
1375 1639 1544 1698 οὐδὲν
1582 1639 1724 1698 ἀπο-

115 1729 311 1783 δέοντα
350 1730 444 1797 τῆς
485 1722 605 1781 κατ’
649 1722 819 1782 αὐτὸν
858 1731 1174 1799 οἰκονομίας
1217 1728 1276 1782 ἐκ
1314 1730 1412 1783 τοῦ
1435 1723 1769 1783 Ἰουδαίωνὴ

49 1832 94 1865 20
115 1815 318 1877 ἔθνους
358 1807 693 1881 ἀναστήσειν
745 1809 836 1866 διὰ
890 1812 1141 1884 χρησμοῦ
1192 1815 1441 1878 θεσπίζει
1460 1854 1474 1881 ,
1527 1813 1725 1866 τοῦτον

115 1892 394 1967 εἰρηκότος
425 1892 600 1951 αὐτοῦ
631 1897 730 1950 τοῦ
757 1897 898 1951 θεοῦ
936 1892 1033 1951 τὸν
1073 1891 1279 1964 τρόπον
1317 1897 1365 1950 2.
1390 1891 1725 1966 “προφήτην

113 1976 406 2050 ἀναστήσω
438 1976 626 2043 αὐτοῖς
667 1980 726 2034 ἐκ
755 1982 867 2035 τῶν
906 1976 1170 2050 ἀδελφῶν
1201 1976 1391 2034 αὐτῶν
1423 1976 1610 2051 ὥσπερ
1643 1978 1723 2049 σὲ,

116 2065 206 2120 καὶ
242 2060 404 2119 δώσω
435 2060 494 2118 τὸ
526 2060 673 2136 ῥῆμά
702 2086 810 2135 μου
842 2066 903 2120 ἐν
932 2069 1007 2140 τῷ
1032 2059 1257 2135 στόματι
1282 2058 1471 2129 αὐτοῦ,
1505 2064 1596 2118 καὶ
1627 2069 1724 2118 λα-

116 2146 270 2220 λήσει
300 2145 488 2213 αὐτοῖς
528 2143 662 2204 καθ’
694 2143 724 2204 ὅ
765 2171 816 2204 τι
856 2143 926 2204 ἂν
966 2150 1287 2220 ἐντείλωμαι
1327 2143 1492 2222 αὐτῷ.
1573 2148 1664 2203 καὶ
1696 2145 1724 2203 ὁ

52 2252 96 2284 25
118 2229 418 2305 ἄνθρωπος
457 2227 515 2298 ὃς
555 2228 625 2287 ἂν
664 2228 738 2304 μὴ
781 2227 994 2307 ἀκούσῃ
1025 2235 1138 2289 τῶν
1167 2230 1349 2304 λόγων
1379 2228 1582 2303 αὐτοῦ,
1623 2227 1726 2287 ὅσα

118 2313 189 2374 ἂν
218 2314 430 2390 λαλήσῃ
455 2314 483 2372 ὁ
516 2313 800 2389 προφήτης
832 2318 920 2373 ἐπὶ
952 2318 1028 2393 τῷ
1057 2313 1289 2389 ὀνόματί
1324 2339 1459 2389 μου,
1504 2313 1610 2388 ε’γῶ
1644 2317 1726 2371 ε’κ-

43 2459 46 2460 ⁷
121 2398 331 2472 δικήσω
365 2402 417 2468 ἐξ
449 2397 677 2457 αὐτοῦ.”

246 2487 294 2540 3.
348 2484 426 2541 Τὰ
473 2480 636 2557 ὅμοια
680 2484 740 2542 δὲ
781 2485 872 2542 καὶ
921 2481 1084 2551 αὐτὸς
1123 2483 1152 2541 ὁ
1196 2486 1409 2556 άΜωσῆς
1453 2479 1588 2556 πρὸς
1631 2479 1728 2539 τὸν

123 2564 259 2624 λαὸν
300 2567 682 2642 διερμηνεύων
714 2568 774 2626 τὸ
815 2573 913 2626 τοῦ
954 2574 1092 2626 θεοῦ
1134 2566 1324 2641 λόγιόν
1353 2585 1529 2640 φησιν
1550 2564 1729 2638 “21:90—

57 2673 101 2705 30
122 2650 307 2724 φήτην
338 2655 397 2708 ἐκ
427 2655 537 2710 τῶν
566 2650 832 2727 ἀδελφῶν
861 2649 1020 2727 ὑμῶν
1059 2651 1132 2720 ῶς
1174 2653 1265 2726 ἐμὲ
1296 2649 1592 2724 ἀναστήσει
1625 2649 1726 2708 κύ·
1749 2682 1767 2703 c

237 2846 288 2884 21
323 2845 458 2889 Deut.
486 2848 551 2899 18,
579 2848 642 2888 18.
815 2849 869 2888 30
900 2847 1034 2888 Deut.
1061 2847 1126 2898 18,
1154 2847 1221 2887 15.
