1992 3186
513 144 820 187 DEMONST.
851 145 1071 186 EVANG.
1105 145 1182 187 VI.
1214 146 1283 185 20.
1316 146 1385 187 21.
1657 143 1762 194 407

156 261 258 334 τὴν
280 265 530 333 γλῶτταν
553 262 980 332 συνδεδεμένοις
1006 265 1281 332 θεραπεία
1307 264 1536 316 ἔσεσθαι
1553 282 1765 332 προφη-

156 345 403 416 τεύεται,
445 342 481 400 ὁὶ
519 346 611 401 καὶ
649 347 839 409 τέλους
884 351 1078 416 ἔτυχεν
1117 342 1221 401 οὐκ
1259 341 1438 410 άλλως
1482 339 1515 415 ἢ
1550 342 1640 399 διὰ
1670 348 1766 415 τῆς

157 434 254 487 τοῦ
296 431 540 501 σωτῆρος
579 427 736 500 ἡμῶν
768 426 947 500 Ἰησοῦ
987 433 1229 501 Χριστοῦ
1281 434 1619 499 παρουσίας,
1659 426 1760 500 ὑφ’

157 506 226 571 οῦ
255 516 346 572 καὶ
376 519 606 586 τυφλῶν
637 509 1004 588 ἀνεῴχθησαν
1042 518 1100 569 οἱ
1134 509 1418 584 ὀφθαλμοὶ
1456 514 1546 568 καὶ
1587 514 1767 585 κωφοὶ

113 596 259 670 5τὴν
299 595 472 670 ἀκοὴν
510 594 897 668 ἀπειλήφασιν.
981 600 1028 653 3.
1071 603 1128 653 τί
1165 601 1251 653 δεῖ
1287 599 1470 668 λέγειν
1510 594 1629 653 όσοι
1674 599 1767 653 καὶ

159 682 249 739 διὰ
288 688 401 738 τῶν
441 678 612 738 αὐτοῦ
652 685 919 753 μαθητῶν
959 683 1279 754 παρειμένοι
1320 683 1413 736 καὶ
1455 682 1631 753 κωφοὶ
1674 683 1766 737 καὶ

156 769 322 839 χωλοὶ
351 766 448 832 τὰς
478 764 614 823 κατά
643 764 818 837 φύσιν
860 765 1031 831 ἰάσεις
1062 762 1482 836 ἀπελάμβανον,
1523 763 1678 822 ἄλλοι
1709 789 1767 822 τε

156 858 344 924 μυρίοι
384 856 655 916 ποικίλαις
695 848 879 914 νόσοις
919 851 1012 905 καὶ
1042 855 1334 921 μαλακίαις
1364 852 1766 923 τετρυχωμένοι
1786 873 1877 913 (301)

155 939 251 1006 τῆς
282 933 411 1007 παρ’
450 931 621 991 αὐτοῦ
651 939 954 1006 θεραπείας
984 955 1042 989 τε
1073 935 1164 989 καὶ
1190 941 1462 1005 σωτηρίας
1491 926 1765 1006 ἠξιοῦντο,

93 1042 133 1073 ιο
157 1018 294 1075 κατά
333 1043 391 1075 τε
430 1017 531 1089 τὴν
571 1024 772 1074 ἔνθεον
811 1021 907 1088 τῆς
947 1023 1286 1089 προφητείας
1326 1017 1632 1091 πρόρρησιν
1674 1020 1798 1082 καὶΔ

156 1100 293 1159 κατὰ
322 1102 424 1176 τὴν
452 1100 871 1174 ἀψευδεστάτην
901 1106 1014 1158 τῶν
1046 1106 1213 1174 ἱερῶν
1253 1098 1595 1173 εὐαγγελίων
1625 1126 1767 1174 μαρ-

154 1193 380 1259 τυρίαν;
420 1190 470 1243 4
505 1193 709 1259 ἔρημον
756 1186 816 1242 δε
858 1189 918 1243 ἐν
957 1184 1169 1252 τούτοις
1208 1184 1236 1242 ὁ
1278 1184 1439 1257 λόγος
1470 1192 1767 1243 αινίττεται

154 1268 256 1342 τὴν
288 1274 340 1338 ἐξ
374 1273 560 1328 ἐθνῶν
592 1274 915 1342 ἐκκλησίαν,
955 1267 1027 1342 ἣν
1067 1269 1236 1327 πάλαι
1265 1273 1404 1327 θεοῦ
1437 1277 1642 1343 ἔρημον
1674 1263 1766 1328 οῦ-

157 1373 264 1411 σαν
295 1354 388 1411 δια
426 1379 539 1412 των
581 1357 642 1411 ἐν
680 1357 870 1428 χερσὶν
901 1353 1334 1426 εὐαγγελίζεται,
1379 1357 1470 1411 καὶ
1501 1357 1672 1412 ταῦτα
1707 1356 1767 1411 δε

93 1462 134 1493 15
157 1436 292 1511 πρὸς
322 1451 435 1504 τοῖς
465 1437 649 1504 ἄλλοις
671 1443 736 1513 τῇ
761 1437 942 1515 ἐρήμῳ
973 1441 1148 1511 φησὶν
1170 1435 1198 1495 ὁ
1231 1437 1391 1511 λόγος
1417 1438 1766 1511 δοθήσεσθαι

154 1522 256 1594 τὴν
297 1521 464 1590 δόξαν
503 1527 602 1579 τοῦ
632 1521 900 1593 Λιβάνου.
971 1527 1019 1580 5.
1052 1528 1304 1593 Λίβανον
1345 1524 1405 1579 δὲ
1445 1522 1764 1595 τὴνἹερου-

156 1604 336 1678 σαλὴμ
367 1606 742 1678 ἄλληγορικως
773 1605 1016 1679 σύνηθές
1049 1610 1198 1663 ἐστιν
1213 1604 1535 1677 ἀποκαλειν,
1570 1630 1642 1672 ως
1677 1609 1764 1663 ἐπὶ

155 1694 355 1760 καιροῦ
404 1690 495 1746 διὰ
534 1715 645 1747 των
683 1688 790 1747 ἀπὸ
832 1693 926 1762 τῆς
966 1696 1127 1756 θείας
1165 1714 1382 1764 γραφης
1427 1687 1767 1758 ἀποδείξειαν
1790 1717 1811 1748 b

155 1773 594 1847 παραστήσομεν.
668 1778 728 1831 ἐν
768 1773 836 1847 δὴ
877 1776 979 1831 οὐν
1019 1778 1087 1847 τῇ
1116 1779 1213 1831 τοῦ
1250 1778 1389 1831 θεοῦ
1422 1780 1499 1841 εἰς
1540 1773 1766 1845 ανθρώ-

91 1882 133 1914 20
155 1880 294 1924 πους
333 1865 645 1934 παρουσία,
691 1862 759 1933 τῇ
803 1864 1122 1931 δηλωθείσῃ
1166 1857 1378 1935 ἐρήμῳ,
1427 1861 1567 1930 λέγω
1600 1858 1669 1930 δὴ
1700 1862 1768 1933 τῇ

158 1945 210 2010 ἐξ
253 1946 439 2000 ἐθνῶν
481 1947 768 2018 ἐκκλησίᾳ,
809 1942 912 2014 τὴν
952 1941 1120 2010 δόξαν
1158 1949 1256 2000 τοῦ
1297 1942 1549 2015 Λιβάνου
1592 1942 1768 2014 δοθή-

156 2037 357 2083 σεσθαι
398 2023 432 2098 ἡ
474 2030 806 2100 προκειμένη
848 2026 1099 2085 διδάσκει
1138 2027 1455 2099 πρόρρησις.
1539 2025 1663 2083 ἀντὶ
1705 2027 1767 2083 δὲ

154 2116 253 2167 τοῦ
276 2107 407 2167 “καὶ
438 2106 471 2183 ἡ
503 2110 630 2184 τιμὴ
660 2115 759 2169 τοῦ
790 2107 1133 2184 Καρμήλου”
1165 2108 1194 2168 ὁ
1239 2112 1342 2184 μὲν
1366 2110 1598 2178 Ἀκύλας
1628 2114 1768 2183 φησὶ

145 2192 516 2269 “διαπρέπεια
554 2201 652 2252 τοῦ
691 2194 996 2268 Καρμήλου
1045 2197 1137 2252 καὶ
1182 2198 1282 2254 τοῦ
1321 2193 1553 2270 Σαρών,
1608 2192 1766 2252 αὐτοὶ

92 2301 133 2333 25
155 2276 384 2346 ὄψονται
426 2278 593 2346 δόξαν
633 2276 897 2353 κυρίου·”
954 2285 1002 2338 6.
1036 2275 1065 2336 ὁ
1110 2280 1172 2336 δὲ
1202 2278 1503 2353 Σύμμαχος
1526 2276 1768 2353 “εῦπρέ-

156 2384 281 2418 πεια
321 2369 419 2419 τοῦ
461 2362 763 2436 Καρμήλου
804 2367 897 2420 καὶ
932 2367 1034 2421 τοῦ
1071 2370 1295 2435 πεδίου,
1338 2361 1495 2421 αὐτοὶ
1536 2360 1767 2431 ὄψονται

156 2444 258 2515 τὴν
289 2447 456 2514 δόξαν
485 2445 747 2520 κυρίου·”
798 2450 890 2504 καὶ
920 2447 949 2504 ὁ
990 2453 1303 2505 Θεοδοτίων
1345 2448 1406 2503 δὲ
1440 2443 1765 2518 (Ἑραιότης,
1797 2482 1814 2504 e

157 2530 327 2599 φησὶ,
358 2533 457 2586 τοῦ
485 2530 790 2603 Καρμήλου
821 2534 909 2588 καὶ
941 2535 1042 2588 τοῦ
1071 2528 1305 2603 Σάρων,
1347 2527 1503 2586 αὐτοὶ
1533 2527 1766 2597 ὄψονται

157 2609 258 2682 τὴν
292 2610 457 2679 δόξαν
482 2613 736 2687 κυρίου.”
802 2614 874 2672 δι’
913 2607 993 2671 ὦν
1023 2620 1365 2671 αἰνίττεσθαι
1394 2610 1633 2686 ἡγοῦμαι
1663 2613 1766 2685 τὴν

95 2717 136 2753 30
159 2702 502 2767 προφητείαν
531 2696 601 2754 οὐ
626 2698 729 2769 τὴν
750 2697 1136 2771 Ἰερουσαλὴμ,
1176 2696 1310 2754 οὐδὲ
1339 2695 1442 2769 τῂν
1468 2694 1763 2773 Ἰουδαίαν,

159 2776 298 2834 ἀλλὰ
337 2777 438 2850 τὴν
481 2783 591 2836 τῶν
638 2786 821 2839 ε’θνῶν
862 2781 1048 2855 χώραν
1098 2780 1621 2854 καταξιωθήσεσθαι
1670 2786 1767 2854 τῆς

161 2864 361 2919 ἐνθέου
391 2862 661 2935 γνώσεως.
722 2864 750 2921 ὁ
782 2864 1226 2938 γοῦνΚάρμηλος
1250 2862 1392 2923 καὶὸ
1425 2865 1765 2938 καλούμενος
