1992 3186
609 121 916 163 DEMONS'I'.
947 121 1166 165 EVANG.
1195 123 1274 163 VI.
1306 124 1371 162 15.
1680 121 1782 172 377

171 236 358 295 αὐτοῦ.
434 234 540 309 πρὸ
570 235 873 308 προσώπου
905 234 1079 294 αὐτοῦ
1123 234 1582 311 προπορεύσεταί
1605 237 1782 309 λόγος,

170 323 262 379 καὶ
296 320 637 388 ἐξελεύσεται
668 327 746 387 εἰς
776 318 997 378 πεδία.”
1812 330 1833 361 [ἱ

297 410 346 462 2.
387 403 731 471 Ἐπακούσας
777 406 839 461 δὲ
881 403 1045 472 αὐτὸς
1087 407 1319 476 ἑαυτοῦ,
1351 411 1562 478 μᾶλλον
1595 406 1656 461 δὲ
1685 409 1783 462 τοῦ

174 492 503 563 ἐμπνέοντος
542 492 635 546 καὶ
678 493 1097 558 ἐνθεσπίζοντος
1138 492 1198 546 ἐν
1240 487 1394 566 αὐτῷ
1421 496 1587 547 θείου
1617 488 1784 546 πνεύ-

128 599 147 631 5
172 598 367 647 ματος,
409 573 438 630 ὁ
482 575 625 647 ἱερὸς
665 572 952 647 προφήτης
993 577 1119 646 περὶ
1157 575 1263 629 τοῦ
1291 577 1784 647 προφητευομένου

169 657 450 731 φήσαντος
479 656 563 714 ὅτι
595 653 925 731 “έρχόμενος
956 655 1102 730 ἥξει,
1134 659 1225 713 καὶ
1257 655 1324 714 οὐ
1356 656 1430 730 μὴ
1461 665 1723 732 χρονίσῃ,
1754 654 1784 713 ὁ

172 743 235 799 δὲ
278 747 490 808 δίκαιος
533 744 592 798 ἐκ
630 740 866 808 πίστεώς
906 765 1014 814 μου
1057 740 1276 813 ζήσεται
1291 738 1343 813 ,”
1387 740 1686 809 πιστεύσας
1725 765 1784 798 τε

171 822 245 893 ὡς
289 831 501 891 δίκαιος
540 830 615 901 τῷ
657 828 911 902 χρησμῷ,
966 825 1058 881 διὰ
1095 828 1208 882 τών
1247 825 1382 897 μετὰ
1422 824 1609 899 χεῖράς
1648 843 1784 898 φησι

162 906 377 983 (κύριε,
411 908 706 981 εἰσακήκοα
735 909 837 981 τὴν
867 907 1042 980 ἀκοήν
1062 927 1164 965 σου
1195 911 1288 966 καὶ
1332 908 1654 982 ἐφοβήθην”
1691 911 1784 966 καὶ

106 1020 146 1050 10
169 993 236 1051 τὰ
277 997 425 1066 ἑξῆς,
480 991 552 1050 δι’
599 1017 678 1050 ων
717 996 907 1066 σαφώς
948 991 1087 1050 θεὸν
1130 999 1206 1059 εἰς
1246 990 1583 1064 ἀνθρώπους
1633 991 1784 1066 ἥξειν

169 1080 541 1154 καταγγέλλει.
615 1084 697 1143 τίς
729 1078 791 1134 δὲ
821 1102 892 1134 αν
921 1101 1080 1142 ουτος
1111 1085 1197 1150 εἰή
1235 1073 1264 1134 ὁ
1294 1077 1480 1133 παλαι
1521 1077 1785 1150 γνωριζό-

169 1185 364 1234 μενος,
395 1180 632 1235 υστερον
674 1165 739 1218 δέ
766 1183 898 1218 ποτε
939 1165 1001 1219 έν
1039 1166 1116 1238 τῷ
1161 1165 1393 1233 ἐγγίζειν
1423 1186 1489 1218 τα
1519 1168 1612 1233 ἔτη
1643 1186 1784 1234 γνω-

170 1245 551 1319 σθησόμενος,
591 1248 684 1302 καὶ
723 1244 861 1303 κατὰ
903 1245 1001 1302 τὸν
1046 1245 1539 1319 προφητευόμενον
1586 1244 1785 1320 χρόνον

169 1328 742 1402 ἀναδειχθησόμενος,
773 1326 808 1401 ἢ
839 1326 867 1386 ὁ
899 1327 1063 1396 αὐτὸς
1097 1333 1305 1396 ἐκεῖνος
1336 1329 1365 1387 ὁ
1396 1333 1782 1404 προδηλωθεὶς
1808 1335 1896 1377 (2⁷9)

105 1438 146 1469 15
172 1412 430 1485 δεύτερος
459 1417 572 1470 τῶν
600 1411 749 1471 ὅλων
778 1412 986 1486 κύριος,
1017 1410 1046 1470 ὁ
1076 1416 1168 1470 καὶ
1209 1418 1277 1487 τῇ
1317 1413 1619 1488 προρρήσει
1657 1412 1783 1471 ἄκο-

170 1497 394 1563 λούθως
436 1500 525 1554 ἐπὶ
566 1506 857 1572 συντελείᾳ
900 1501 1013 1554 τών
1054 1497 1277 1554 αἰώνων
1324 1505 1402 1563 εἰς
1456 1497 1786 1565 ἐξάκουστον

169 1600 339 1638 πασιν
369 1580 689 1654 ἀνθρώποις
720 1588 1048 1655 κηρυχθείςς
1092 1580 1292 1638 τούτου
1326 1581 1393 1654 δὴ
1424 1605 1529 1639 ουν
1557 1606 1624 1638 τα
1654 1580 1785 1639 ἀνα-

169 1688 387 1739 γραπτα
419 1669 479 1722 ἐν
509 1679 622 1732 τοῖς
655 1670 821 1738 ἱεροῖς
854 1663 1197 1737 εὐαγγελίοις
1227 1672 1390 1739 ε’,ργα
1421 1665 1524 1738 τὴν
1556 1669 1616 1723 ἑκ
1647 1688 1783 1740 παρ-

168 1754 345 1807 θένου
400 1749 655 1822 δηλονοτι
693 1773 760 1806 ου
808 1749 1075 1823 ἀνείληφε
1118 1748 1360 1821 σκήνους
1400 1753 1649 1822 γένεσιν,
1691 1754 1783 1807 καὶ

105 1857 147 1888 ρο
181 1833 278 1902 εὡς
310 1837 371 1891 ἐν
400 1837 588 1908 μορφῇ
615 1839 759 1891 θεου
788 1857 1060 1906 υπαρχων
1083 1832 1183 1906 οὐχ
1217 1830 1508 1907 ἁρπαγμὸν
1539 1832 1783 1906 ἡγήσατο

167 1917 229 1975 τὸ
262 1918 404 1975 εἶναι
438 1928 528 1974 ἴσα
557 1924 698 1992 θεῷ,
730 1915 870 1974 ἀλλὰ
902 1910 1104 1975 ἑαυτὸν
1136 1919 1371 1974 ἐκένωσε
1400 1917 1625 1991 μορφὴν
1658 1918 1782 1975 δού-

170 2011 271 2059 λου
302 1999 546 2074 λαβών,”
580 2001 676 2067 τάς
699 2025 759 2058 τε
792 2006 1238 2068 ἐπιτελεσθείσας
1270 2000 1420 2078 αὐτῷ
1454 2008 1531 2068 εἰς
1562 2001 1783 2075 ἀνθρώ-

169 2108 309 2152 πους
339 2089 805 2159 παραδοξοποιίας
835 2089 926 2142 καὶ
958 2085 1024 2143 τὰ
1054 2085 1176 2143 κατ’
1215 2084 1391 2142 αὐτοῦ
1419 2111 1484 2157 γε
1522 2094 1784 2159 τετολμη-

168 2172 308 2242 μένα
346 2174 422 2246 τῷ
457 2167 743 2227 Ἰουδαίων
789 2177 944 2228 ἔθνει
983 2184 1097 2237 τοῖς
1135 2173 1231 2242 τῆς
1262 2174 1441 2243 ψυχῆς
1465 2167 1783 2244 ’ὀφθαλμοῖς
1811 2183 1830 2214 b

106 2276 148 2307 25
171 2251 497 2327 προλαβών,
530 2252 597 2310 τά
627 2277 685 2310 τε
715 2257 986 2327 μέλλοντα
1017 2253 1410 2327 συμβήσεσθαι
1441 2259 1783 2328 κεκαθαρμέ-

170 2363 293 2405 ναις
338 2351 458 2404 ταῖς
511 2343 781 2405 διανοίαις
831 2337 980 2412 παρὰ
1029 2343 1128 2396 τοῦ
1189 2337 1552 2404 διδάσκοντος
1611 2337 1783 2394 αὐτὸν

170 2427 336 2479 θείου
366 2420 681 2494 πνεύματος
720 2421 949 2495 μαθων,
994 2426 1252 2495 ἐκστῆναι
1293 2421 1321 2478 ὁ
1363 2421 1648 2495 προφήτης
1692 2424 1782 2477 ἐπὶ

171 2519 285 2571 τοῖς
333 2505 662 2563 ἀκουσθεῐσι
708 2510 798 2563 καὶ
844 2511 1202 2579 πεφοβῆσθαι
1253 2502 1513 2578 ὁμολογεῖ
1549 2503 1782 2576 φάσκων

163 2585 380 2659 “κύριε,
415 2588 712 2661 εἰσακήκοα
727 2591 830 2662 τὴν
856 2590 1030 2662 ἀκοήν
1046 2608 1168 2660 σου,
1201 2591 1292 2645 καὶ
1325 2587 1642 2661 ἐφοβήθην’
1680 2588 1783 2644 κύ-

107 2692 145 2723 3(
172 2694 274 2743 ριε,
308 2671 611 2743 κατενόησα
640 2674 708 2729 τὰ
741 2680 872 2745 ἔργα
903 2693 1036 2745 σου,
1069 2676 1160 2729 καὶ
1192 2669 1467 2744 ἐξέστην.”
1529 2676 1576 2731 3.
1611 2671 1639 2729 ὅ
1671 2691 1780 2729 σω-

285 2865 340 2903 ⁴20
369 2863 485 2906 Phil.
509 2865 548 2914 2,
573 2866 613 2905 6.
