1992 3186
548 142 856 184 DEMONST.
881 142 1099 184 EVANG.
1129 143 1207 186 VI.
1236 144 1360 184 7—9.
1647 142 1749 194 361

143 261 204 316 ἐν
232 255 462 331 ὀνόματι
492 254 712 331 κυριόυ’
717 255 1036 331 ’διασαφεῖ
1063 255 1124 314 τὸ
1154 255 1343 330 λόγιον
1383 258 1506 331 ἑξῆς
1535 256 1752 331 φάσκον

132 341 303 408 “θεὸς
334 339 524 414 κύριος
555 344 646 398 καὶ
679 343 957 413 ε’πέφανεν
985 337 1134 414 ἡμῖν.
1144 338 1174 360 ”
1241 339 1450 446 0132c0fme
1493 339 1571 409 εἷς
1601 341 1747 399 καὶ
1724 367 1752 399 ο

142 425 308 492 αὐτὸς
338 417 408 499 ἦν
438 424 466 483 ὁ
510 428 798 498 ἐπιφανεὶς
828 424 963 498 ἡμῖν
1002 425 1133 492 θεὸς
1164 424 1381 499 κύριος,
1427 425 1456 483 ὁ
1486 429 1586 484 τοῦ
1614 430 1754 484 θεοῦ

142 508 356 583 δηλαδὴ
387 508 575 582 λόγος,
616 506 644 566 ὃ
676 512 768 566 καὶ
800 508 892 566 διὰ
931 513 1091 567 τοῦτο
1133 508 1527 584 εὐλογημένος,
1567 509 1650 568 ὅτι
1683 510 1751 583 δὴ

97 618 117 650 5
143 599 205 651 ἐν
233 591 460 667 ὀνόματι
490 599 690 668 κυρίου
733 598 831 650 τοῦ
870 596 1185 666 πέμψαντος
1217 593 1388 652 αὐτὸν
1417 595 1622 668 πατρὸς
1651 594 1754 668 τὴν

143 685 220 746 εἰς
250 677 589 751 ἀνθρώπους
620 675 789 736 αὐτοῦ
820 685 1132 749 παρουσίαν
1164 678 1470 751 ἐποιήσατο.
1515 682 1755 753 ἐλέγχων
1777 712 1795 734 c

140 768 278 834 γοῦν
307 762 435 829 τοὺς
465 761 832 828 ἀπιστοῦντας
864 761 1012 837 αὐτῷ
1043 766 1155 819 των
1187 766 1246 819 έκ
1277 766 1571 837 περιτομῆς
1602 771 1755 835 ἔλεγε

141 846 278 920 πρὸς
323 844 528 913 αὐτούς
563 842 707 917 “έγώ
747 838 928 917 ἦλθον
961 849 1020 903 ἐν
1049 849 1125 921 τῷ
1165 843 1391 919 ὀνόματι
1421 852 1520 904 τοῦ
1550 847 1754 922 πατρός

141 954 276 1003 μου,
318 933 410 986 καὶ
449 953 517 986 ου
558 927 870 1003 λαμβανετέ
905 953 987 1002 με.
1060 929 1223 995 αλλος
1266 929 1362 988 έαν
1401 937 1540 1004 ἔλθῃ
1588 936 1648 989 ἐν
1676 936 1753 1009 τῷ

78 1040 118 1070 10
141 1011 367 1087 ὀνόματι
398 1017 474 1090 τῷ
508 1019 663 1091 ἰδίῳ,
697 1016 911 1071 ἐκεινου
942 1011 1244 1085 λη’ψεσθε.”
1311 1014 1532 1082 εἰκότως
1563 1008 1664 1073 οὖν
1694 1015 1754 1073 τὸ

140 1104 360 1171 πνεῦμα
390 1096 449 1155 τό
480 1122 638 1171 αγιον
669 1094 853 1155 οὐκέτι
881 1101 960 1174 τῷ
981 1095 1268 1155 Ἰουδαίων
1290 1103 1425 1175 λαῷ,
1458 1097 1597 1156 ἄλλα
1622 1107 1756 1157 πᾶσι

140 1197 254 1250 τοῖς
286 1189 505 1255 ἔθνεσι,
546 1181 612 1239 τὰ
646 1185 704 1239 ἐν
734 1185 802 1257 τῇ
831 1180 971 1255 ἀρχῇ
1002 1186 1101 1239 τοῦ
1139 1187 1372 1256 Ψαλμοῦ
1413 1199 1752 1258 προσφωνεῖ.

648 1403 778 1462 ’And
817 1411 1052 1479 Ψαλμοῦ
1083 1431 1192 1480 ρμγ
1203 1405 1232 1464 ’.
1777 1430 1798 1461 <1

271 1529 353 1578 IX.
390 1513 630 1591 “Κυ’ριε,
674 1524 732 1573 τί
769 1519 918 1574 ἐστὶν
957 1515 1286 1591 ἅνθρωπος,
1339 1518 1423 1576 ὅτι
1467 1518 1756 1592 ε’γνώσθης

80 1626 121 1656 15
145 1601 323 1678 αὐτῷ,
366 1599 398 1673 ἢ
439 1600 560 1667 υίὸς
601 1599 939 1673 ἀνθρώπου,
981 1598 1064 1658 ὅτι
1106 1609 1291 1676 λογίζῃ
1334 1601 1534 1672 αὐτόν;
1579 1602 1755 1678 κύριε,

143 1694 337 1743 κλῖνον
367 1684 661 1758 οὐρανούς,
695 1687 786 1741 καὶ
818 1683 1115 1757 κατάβηθι,
1147 1684 1285 1753 ἅψαι
1315 1690 1428 1743 τοῖν
1457 1685 1634 1760 ὀρέων
1664 1691 1757 1745 καὶ

142 1767 674 1842 καπνισθήσονται.”
724 1772 815 1825 καὶ
841 1768 1056 1841 ὑποβὰς
1079 1773 1319 1841 ἐπιλέγει
1343 1767 1574 1844 “ὁ,θεὸς
1603 1769 1756 1848 ᾠδὴν

145 1853 344 1926 καινὴν
374 1851 583 1929 ᾅσομαί
608 1851 748 1910 σοι.”

253 1936 519 2011 ’Ἐχεσθαι
559 1940 651 1994 καὶ
689 1940 863 1994 ταῦτα
903 1941 998 2010 τῆς
1039 1940 1401 2010 προκειμένης
1430 1935 1754 2007 ὑποθέσεως
1779 1962 1865 2002 (267)

80 2045 122 2076 20
147 2018 401 2095 ἡγοῦμαι.
475 2021 576 2093 τὴν
615 2021 719 2094 γὰρ
761 2028 838 2087 εἰς
870 2019 1208 2094 ἀνθρώπους
1238 2041 1450 2093 γνωσιν
1490 2026 1590 2080 τοῦ
1617 2030 1756 2081 θεοῦ

143 2105 312 2207 λόγου
335 2105 638 2179 θαυμαζων
660 2104 1165 2206 ὑπερεκπλήττεται
1187 2110 1284 2178 τῆς
1308 2115 1756 2180 φιλανθρωπίας,

147 2189 221 2247 δι’
259 2191 323 2262 ἧς
353 2195 449 2262 τῆς
478 2188 740 2262 θεότητος
771 2186 988 2262 υποβὰς
1019 2192 1110 2246 καὶ
1141 2194 1241 2248 τοῦ
1273 2195 1566 2263 συμφυοῦς
1597 2195 1758 2264 μεγέ-

146 2285 286 2341 θους
334 2272 533 2331 εαυτὸν
573 2272 913 2348 σμικρυνας,
955 2272 1156 2345 ἠξίωσε
1195 2278 1290 2347 τῆς
1325 2281 1469 2340 ἰδίας
1499 2275 1756 2348 γνώσεως

143 2359 204 2414 τὸ
235 2355 591 2428 ἀνθρώπειον
630 2360 802 2430 γένος.
876 2363 925 2415 2.
973 2361 1220 2416 ἐνταῦθα
1258 2361 1360 2431 μὲν
1390 2351 1495 2416 οὖν
1541 2357 1757 2431 εὔχεται

82 2462 123 2493 25
147 2445 325 2513 λέγων
348 2439 571 2517 “κυ’ριε,
611 2450 806 2499 κλῖνον
845 2439 1119 2516 οὐρανούς
1159 2445 1250 2499 καὶ
1289 2441 1622 2514 κατάβηθι.”
1697 2446 1756 2499 ἐν

149 2526 210 2581 δὲ
249 2528 327 2602 τῷ
365 2525 811 2603 ἑπτακαιδεκάτῳ
858 2532 1070 2602 Ψαλμςό
1124 2536 1334 2599 εἴρηται
1368 2522 1498 2582 “acal
1540 2531 1757 2583 ἔκλινεν

147 2606 449 2682 οὐρανοὺς,
490 2613 582 2667 καὶ
620 2612 853 2683 κατέβη,
894 2613 987 2666 καὶ
1031 2609 1236 2681 γνόφος
1275 2605 1384 2666 ὑπὸ
1424 2608 1552 2675 τούς
1581 2608 1756 2676 πόδας

148 2689 373 2749 αὐτοῦ.”
436 2695 527 2749 καὶ
560 2697 729 2766 ε’πέβη
763 2697 848 2751 ἐπὶ
868 2695 1151 2768 Χερουβὶμ
1182 2696 1274 2749 καὶ
1307 2692 1605 2766 ἐπετάσθη,
1639 2696 1755 2750 ἐπε-

263 2885 288 2923 8
319 2885 390 2926 J0.
415 2885 455 2935 5,
478 2887 546 2925 43.
723 2889 772 2925 14
804 2888 879 2927 Ps.
905 2887 998 2935 143,
1025 2890 1064 2926 3.
1239 2888 1292 2926 26
1321 2887 1396 2927 Ps.
1422 2888 1486 2935 18,
1510 2889 1549 2927 8.
