1992 3186
264 137 368 190 272
945 138 1190 179 EUSEBII

265 251 433 311 ἄλλον
464 254 618 311 οἶκον
648 258 934 326 σημαίνων
963 249 996 324 ἢ
1027 250 1129 324 τὴν
1158 250 1292 310 καθ’
1334 251 1463 326 ὅλης
1493 256 1588 326 τῆς
1618 255 1874 326 οἰκουμέ-

265 362 364 411 νης
394 341 468 415 τῷ
500 340 721 412 Χριστῷ
750 334 1012 409 ὀνομαστὶ
1045 340 1327 394 συστᾶσαν
1359 341 1682 409 ἐκκλησίαν,
1730 344 1873 395 ἔνθα

266 426 370 488 πᾶς
394 420 422 478 6
449 421 540 478 διὰ
554 426 792 494 Χριστοῦ
815 425 913 477 τοῦ
935 426 1077 478 θεοῦ
1111 424 1404 494 ίερωμένος
1428 421 1564 478 κατὰ
1587 419 1682 488 τας
1706 445 1872 479 πνευ-

265 505 491 579 ματικὰς
515 510 859 578 λειτουργίας
882 502 947 561 τοὶ
978 504 1295 578 καταθύμια
1318 507 1410 562 καὶ
1433 503 1498 562 τοὶ
1521 504 1658 562 κατὰ
1689 504 1875 579 ψυχὴν

265 593 363 646 τοῦ
390 593 531 646 θεοῦ
562 591 775 660 λέγεται
807 588 1086 660 ποιήσειν,
1128 595 1240 646 τῶν
1273 586 1349 646 δι’
1395 594 1620 662 αἵματος
1649 588 1872 662 ταύρων
1894 609 1914 641 5

265 676 356 729 καὶ
395 671 616 746 τράγων
657 675 795 729 κατὰ
832 671 935 745 τὴν
977 671 1145 729 πάλαι
1174 672 1414 745 τυπικὴν
1443 670 1669 745 ἀγωγην
1702 677 1872 730 ἐπιτε-

267 759 554 829 λουμένων
583 760 923 829 μεμισῆσθαι
952 754 1061 813 ὑπὸ
1103 760 1203 813 τοῦ
1232 760 1375 814 θεοῦ
1408 756 1498 813 διὰ
1527 760 1623 828 τῆς
1645 756 1874 814 (Ησαΐου

267 847 605 915 προφητείας
635 839 1108 914 ὁμολογουμένων.

391 930 474 982 47.
516 929 766 982 Τοσαῦτα
800 924 871 982 δι’
910 926 989 982 ὠν
1018 921 1047 981 6
1073 923 1306 999 Χριστὸς
1329 923 1590 998 ὀνομαστὶ
1609 923 1874 998 προκεκη-

266 1025 456 1082 ρυκτο
514 1008 660 1081 πλὴν
699 1007 826 1066 ἀλλ’
874 1012 990 1066 ἐπεὶ
1033 1007 1124 1066 δια
1162 1014 1273 1067 τῶν
1318 1016 1592 1066 πλείστων
1621 1033 1687 1065 τα
1717 1007 1873 1082 παθη

266 1096 364 1149 τοῦ
394 1099 634 1166 Χριστοῦ
675 1097 952 1165 συνῆπται
997 1096 1064 1167 τῇ
1097 1090 1270 1150 αὐτοῦ
1299 1099 1670 1168 προσηγορία,
1703 1090 1876 1164 ἄναγ-

193 1202 195 1205 ·
265 1190 424 1234 καῖον
457 1181 831 1249 ἐπαναλαβεῖν
860 1177 925 1234 τὰ
949 1180 1324 1279 προειρημένα
1349 1179 1473 1251 περὶ
1496 1182 1591 1249 τῆς
1622 1177 1742 1233 κατ’
1777 1174 1874 1233 αῦ-

264 1260 362 1318 τὸν
391 1259 682 1333 θεότητος,
723 1287 794 1334 ην
835 1264 896 1318 ἐν
925 1286 999 1318 τω
1041 1260 1139 1334 μδ’
1179 1264 1391 1338 Ψαλμω
1423 1263 1873 1337 ἐπιγεγραμμένῳ

261 1349 415 1406 ’ὑπὲρ
438 1355 524 1396 τοῦ
547 1348 817 1409 dyonanto&
822 1349 1130 1418 φέρεσθαι
1155 1344 1706 1419 προπαρεστήσαμεν,
1733 1351 1875 1402 ἔνθα

1898 1028 1938 1060 10

264 1427 293 1485 6
326 1428 484 1500 λόγος
510 1433 570 1486 ἐν
591 1427 828 1502 πρώτοις
846 1426 1014 1486 αὐτον
1038 1425 1364 1501 ὑπομνήσας
1391 1453 1462 1495 ως
1485 1432 1716 1501 βασιλέα
1737 1426 1868 1502 μεθ’
1895 1447 1936 1479 15

1602 1509 1702 1532 *Cer

264 1516 422 1586 ε’τερα
455 1512 644 1585 ἐπαγει
675 1515 801 1586 περὶ
831 1517 925 1586 τῆς
955 1511 1216 1585 θεότητος
1246 1517 1345 1571 τοῦ
1377 1523 1618 1587 Χριστου
1679 1538 1708 1570 ο
1738 1510 1871 1587 θρό-

264 1621 358 1663 νος
391 1618 492 1656 σου
533 1593 559 1653 ὁ
603 1596 734 1663 θεὸς
777 1603 854 1664 εἰς
893 1595 990 1654 τὸν
1030 1603 1207 1654 αι’ωνα
1249 1602 1347 1655 τοῦ
1391 1601 1616 1664 αἰωνος
1665 1596 1870 1670 ραβδος

266 1677 602 1753 εὐθύτητος,
644 1679 677 1754 ἡ
719 1680 925 1756 ῥάβδος
955 1685 1051 1754 τῆς
1082 1688 1364 1753 βασιλείας
1395 1699 1510 1739 σου.
1583 1680 1871 1753 ἠγάπησας

267 1763 630 1837 δικαιοσύνην
661 1769 752 1822 καὶ
785 1770 1047 1838 ἐμίσησας
1077 1763 1325 1822 ἀδικίαν·
1375 1763 1467 1821 διὰ
1496 1769 1656 1821 τοῦτο
1691 1766 1878 1838 ἔχρισέ

265 1868 329 1905 σε
359 1847 387 1905 6
419 1848 550 1915 θεὸς
580 1848 608 1905 6
639 1849 770 1916 θεός
801 1868 904 1906 σου
937 1855 1122 1906 ἔλαιον
1152 1847 1526 1920 αγαλλιασεως
1566 1871 1714 1921 παρα
1744 1848 1870 1915 τοῦς
1893 1866 1934 1898 20

262 1931 524 2005 μετόχους
555 1931 705 1990 σου.”
747 1938 831 1990 48.
860 1950 1051 2004 σαφως
1081 1956 1184 2006 γαρ
1211 1935 1269 1989 ἐν
1295 1931 1524 2005 τούτοις,
1559 1958 1630 1999 ως
1650 1931 1758 2005 ἤδη
1780 1935 1872 1989 καὶ

264 2015 534 2090 πρότερον
564 2014 1125 2089 προπαρεστήσαμεν,
1170 2013 1247 2082 εἷς
1289 2012 1366 2074 ὧν
1396 2018 1487 2074 καὶ
1519 2014 1681 2083 αὐτὸς
1712 2015 1740 2074 6
1773 2022 1874 2090 δη-

264 2098 530 2171 λούμενος
560 2098 691 2165 θεὸς
725 2100 868 2156 εἶναι
899 2102 1112 2171 λέγεται
1132 2144 1146 2171 ,
1179 2097 1475 2173 ἠγαπηκως
1510 2099 1872 2173 δικαιοσύνην

264 2185 356 2238 καὶ
386 2182 700 2255 μεμισηκώς
742 2181 980 2241 ἀδικίαν.
1052 2186 1144 2240 καὶ
1175 2183 1376 2241 τούτου
1406 2184 1567 2259 χάριν
1606 2181 1707 2257 ὑφ’
1755 2187 1872 2241 ἐτέ-

266 2290 367 2336 ρου
407 2272 650 2339 μείζονος
700 2273 840 2324 θεοῦ
891 2270 983 2324 καὶ
1035 2267 1239 2342 πατρὸς
1291 2267 1462 2326 αὐτοῦ
1515 2271 1867 2342 κεχρισμένος
1892 2284 1933 2316 25

266 2353 430 2427 ἐλαίῳ
461 2357 730 2424 κρείττονι
760 2354 851 2408 καὶ
884 2354 1205 2424 διαφέροντι
1244 2348 1277 2425 ἢ
1309 2351 1444 2409 κατὰ
1473 2350 1598 2418 τοῦς
1638 2350 1869 2424 τύπους,

265 2438 339 2510 τῷ
372 2436 692 2512 καλουμένῳ
723 2439 817 2508 τῆς
847 2434 1237 2507 ἀγαλλιάσεως.
1285 2440 1367 2493 49.
1402 2434 1431 2492 6
1457 2436 1519 2492 δὲ
1541 2439 1616 2511 τῷ
1640 2434 1869 2512 τοιούτῳ

264 2521 514 2592 χρισθεὶς
547 2522 711 2596 ἐλαίῳ
743 2517 809 2576 οὐ
839 2517 974 2591 πρὸς
999 2518 1346 2592 ἀνθρώπων,
1377 2516 1509 2576 οὐδὲ
1535 2517 1608 2576 δι’
1643 2517 1871 2593 ἀνθρώ-

265 2623 406 2673 πων,
438 2600 565 2658 ἀλλ’
599 2599 698 2660 ὑπ’
734 2600 906 2660 αὐτοῦ
933 2607 1031 2660 τοῦ
1053 2602 1339 2660 ἀνωτάτου
1357 2607 1515 2674 θεοῦ,
1549 2609 1606 2660 τί
1626 2599 1868 2676 ἕτερονῆ

264 2685 495 2758 Χριστὸς
527 2686 746 2754 εἰκότως
771 2684 840 2745 ἂν
862 2684 1231 2760 ὀνομασθείη;
1263 2686 1470 2744 οὐκοῦν
1494 2687 1522 2744 6
1548 2687 1710 2755 αὐτὸς
1729 2684 1868 2761 ὁμοῦ
1891 2701 1931 2733 30

377 2879 399 2916 7
432 2878 662 2928 Es.1,11.
839 2881 888 2919 17
919 2881 994 2920 Ps.
1016 2881 1084 2930 45,
1110 2879 1166 2923 65
