1946 3158
227 117 258 168 3
904 116 1152 158 EUSEBII

226 241 341 302 ζειν
371 235 464 303 τῆς
494 229 698 304 ἀλόγου
739 230 900 305 χάριν
939 237 1202 304 πίστεως,
1246 230 1466 299 εἰκότως
1510 232 1709 291 διελών
1737 232 1836 300 τὰς

227 313 362 374 καθ’
396 315 552 389 ἡμῶν
585 316 845 388 διαβολὰς
889 318 949 372 ἐν
988 319 1056 389 τῇ
1085 320 1534 392 Προπαρασκευῇ
1561 323 1659 374 τοῦ
1689 340 1832 375 παν-

224 400 315 467 τὸς
346 400 514 473 λόγου
558 399 782 473 πρώτην
822 401 924 473 μὲν
963 399 1065 472 τὴν
1094 406 1208 459 τῶν
1236 403 1534 459 πολυθέων
1566 405 1835 476 ἐξεθέμην

229 488 430 557 ἐθνῶν,
452 483 906 556 ἐπεγκαλούντων
930 479 1063 558 ἡμῖν
1084 481 1167 542 ὅτι
1186 483 1255 558 δὴ
1276 488 1388 543 τῶν
1407 492 1656 558 πατρίων
1677 490 1830 544 θεῶν

225 567 527 628 ἀποστάται
557 570 920 642 κατέστημεν,
966 571 1053 626 ἐπὶ
1091 573 1229 642 μέγα
1269 572 1535 643 φαμένων
1564 595 1622 628 τε
1651 568 1734 627 ὅτι
1763 596 1828 628 τα
1852 591 1874 623 5

226 653 486 727 βάρβαρα
536 678 649 711 των
688 651 968 726 Ελλήνων
1019 653 1523 727 προτετιμήκαμεν,
1575 679 1640 711 τα
1692 652 1829 755 παρ’

214 738 488 811 Εβραίοις
528 735 907 811 ἀσπασάμενοι
948 735 1132 810 λόγια
1206 744 1286 795 16.
1322 741 1592 847 δευτέραν
1632 739 1691 795 δε
1731 737 1833 811 τὴν

226 820 411 880 amc-321
429 819 713 880 Ἰουδαίων
737 829 1089 895 κατηγορίαν,
1123 819 1197 880 δι’
1231 814 1294 895 ἧς
1319 824 1410 879 καὶ
1435 820 1591 880 αυτοὶ
1617 822 1835 890 δόξαιεν

225 902 294 964 ἂν
335 905 469 980 ἡμῖν
510 910 741 974 ἐνδίκως
784 908 1220 1009 ἐπιμέμφεσθαι,
1263 904 1344 963 ὅτι
1389 904 1457 978 δὴ
1496 920 1615 973 ταῖς
1647 904 1833 964 αὐτῶν

225 1005 465 1065 γραφαῖς
498 989 908 1064 καταχρώμενοι
939 990 1006 1048 οὐ
1036 989 1133 1049 τὸν
1163 1015 1352 1064 ομοιον
1393 990 1577 1057 αὐτοις
1608 994 1832 1065 μέτιμεν
1858 1012 1897 1043 ιο

223 1080 320 1133 τοῦ
352 1082 479 1148 βίου
510 1074 727 1149 τρόπον.
795 1080 872 1133 17.
906 1073 1116 1133 τούτων
1150 1073 1202 1132 δ’
1235 1099 1409 1141 ουτως
1434 1072 1568 1149 ἡμῖν
1593 1082 1831 1148 διευκρι-

225 1163 483 1263 νημένων
513 1157 648 1233 πρὸς
691 1184 793 1232 μεν
832 1159 933 1232 τὴν
963 1159 1215 1233 πρώτην,
1259 1184 1331 1226 ως
1362 1156 1482 1217 οἷόν
1519 1183 1578 1217 τε
1608 1151 1707 1232 ἦν,
1742 1160 1832 1217 διὰ

223 1247 319 1316 τῆς
333 1242 710 1317 Εὐαγγελικὴς
722 1249 1200 1316 Προπαρασκευῆς
1218 1243 1630 1317 ἀπηντησαμεν,
1635 1243 1834 1316 Ελλη-

224 1352 318 1395 νες
348 1329 451 1401 μὲν
484 1328 625 1386 εἶναι
670 1328 730 1386 τὸ
770 1330 903 1401 πρὶν
943 1327 1377 1402 ὁμολογήσαντες
1422 1331 1513 1385 καὶ
1547 1331 1599 1396 ἐξ
1632 1331 1834 1399 ἑτέρων

227 1416 411 1470 ἐθνῶν
442 1411 506 1470 τά
529 1412 810 1485 Ἑλλήνων
841 1411 1275 1486 πεφρονηκότες,
1311 1415 1369 1469 ἐκ
1392 1414 1646 1480 πατέρων
1676 1435 1735 1469 τε
1766 1417 1830 1487 τῇ
1857 1431 1896 1464 15

225 1500 485 1572 πολυθέςο
527 1496 708 1572 πλάνῃ
743 1500 1166 1570 δεδουλωμένοι,
1198 1496 1265 1554 οὐ
1296 1495 1406 1570 μὴν
1436 1499 1621 1570 μέντοι
1651 1495 1831 1573 ἀλόγῳ

134 1607 201 1648 (11)
229 1584 320 1638 καὶ
350 1578 689 1658 άνεξετάστςο
719 1580 881 1681 ὁρμῇ,
914 1589 1091 1654 κρίσει
1117 1583 1178 1639 δὲ
1203 1583 1293 1638 καὶ
1318 1580 1567 1654 σώφρονι
1591 1585 1831 1657 λογισμῷ

223 1670 671 1739 μετατιθέμενοι,
703 1664 805 1738 τήν
834 1689 892 1722 τε
923 1668 1048 1739 περὶ
1079 1691 1144 1722 τα
1167 1665 1439 1737 Ἑβραίων
1469 1664 1626 1736 λόγια
1658 1684 1834 1722 σπου-

225 1751 331 1824 δὴν
362 1752 696 1824 κεκριμένως
720 1749 854 1823 ημῖν
877 1752 968 1806 καὶ
993 1746 1232 1821 εὐλόγως
1256 1751 1629 1849 γεγενημένην
1659 1772 1832 1824 παρα-

225 1853 538 1906 στησαντες
603 1840 682 1891 18.
717 1834 852 1907 πρὸς
885 1834 947 1890 δε
976 1833 1078 1905 τὴν
1109 1836 1376 1903 δευτέραν
1402 1830 1517 1906 ω’ρα
1547 1837 1655 1891 νῦν
1685 1832 1832 1906 φρά-
1855 1853 1898 1885 20

226 1922 429 1986 ξασθαι
459 1920 550 1974 καὶ
583 1917 640 1974 τὸ
673 1925 865 1974 λεῖπον
899 1920 1160 1974 ἐπελθειν
1190 1920 1429 1990 σκέμμα·
1477 1923 1638 1975 τοῦτο
1671 1915 1729 1975 δ’
1763 1919 1832 1990 ἠν

227 2001 362 2076 πρὸς
393 2026 520 2068 τους
552 2005 609 2058 ἐκ
640 2005 964 2074 περιτομῆς,
996 1999 1150 2058 οὔπω
1182 2004 1274 2057 καὶ
1304 2006 1413 2058 νῦν
1447 2004 1830 2075 ἐξητασμένον,

226 2089 473 2144 ἐνταῦθα
506 2089 572 2143 δέ
598 2109 707 2143 που
739 2086 876 2142 κατὰ
907 2084 1102 2158 καιρὸν
1137 2087 1195 2142 ἐν
1226 2100 1337 2152 τοῖς
1369 2089 1832 2160 σπουδαζομένοις

224 2173 319 2242 τῆς
371 2169 748 2243 Εὐαγγελικῆς
796 2167 1150 2238 Ἀποδείξεως
1196 2167 1829 2245 ἄναπληρωθησόμενον.

229 2260 308 2312 19.
343 2257 480 2327 φέρε
510 2256 612 2312 οὐν
641 2252 737 2311 τὸν
766 2252 1027 2312 ἁπάντων
1051 2251 1334 2312 Ἰουδαίων
1364 2279 1422 2312 τε
1453 2258 1545 2312 καὶ
1554 2251 1832 2328 Ελλήνων
1853 2273 1899 2306 25

225 2339 362 2397 θεὸν
404 2338 478 2396 δι’
530 2336 699 2396 αυτοῦ
752 2343 849 2396 τοῦ
890 2343 1133 2411 σωτῆρος
1176 2334 1331 2411 ημῶν
1378 2338 1832 2412 ἐπικαλεσάμενοι

226 2430 445 2496 πρῶτον
477 2427 653 2481 ἐκεῖνο
685 2422 1142 2496 διασκεψώμεθα,
1175 2428 1255 2490 τίς
1285 2419 1313 2479 ὁ
1345 2421 1543 2497 τρόπος
1572 2422 1833 2496 τυγχάνει

225 2513 320 2581 τῆς
351 2507 481 2566 καθ’
520 2504 659 2581 ἡμᾶς
702 2504 902 2574 αὐτοὺς
942 2512 1287 2578 θεοσεβείας·
1338 2510 1397 2563 ἐν
1436 2510 1617 2583 ταυτῷ
1650 2508 1708 2564 δὲ
1740 2509 1830 2563 καὶ
1876 2539 1880 2543 -

225 2598 337 2649 τῶν
372 2594 809 2666 ἐπιζητουμένων
839 2590 1100 2649 ἁπάντων
1131 2589 1472 2664 ,ἐπιθήσομεν
1502 2591 1595 2657 τὰς
1628 2589 1828 2658 λύσεις.

354 2688 410 2736 ΙΙ.
458 2686 691 2750 Εἴρηται
721 2677 822 2749 μὲν
852 2674 959 2749 ἤδη
991 2678 1081 2732 καὶ
1112 2674 1380 2750 πρότερον
1412 2678 1469 2732 ἐν
1501 2679 1566 2748 τῇ
1599 2673 1897 2748 nomm-'30

227 2763 473 2833 ρασκευῇ
525 2757 596 2827 ὡς
650 2760 678 2818 ὁ
721 2758 1145 2834 Χριστιανισμός
1187 2757 1314 2817 οὔτε
1347 2755 1699 2832 Ἑλληνισμός
1750 2767 1830 2826 τίς

227 2848 378 2902 ἐστιν
409 2842 536 2902 οὕτε
560 2843 927 2918 Ἰουδαϊσμός,
960 2851 1165 2902 οἰκεῖον
1198 2846 1263 2901 δέ
1288 2868 1411 2900 τινα
1442 2845 1630 2918 φέρων
1662 2868 1831 2918 χαρα-
