1992 3186
222 107 328 160 284
891 109 1136 150 EUSEBII

110 249 195 290 (203)
225 226 367 283 εἶναι
398 225 456 282 τό
485 226 750 298 διαφέρον
774 227 884 280 τῶν
907 222 1036 297 παρ’
1067 219 1335 298 Ἑβραίοις
1359 228 1659 299 προφητῶν
1693 224 1827 298 πρὸς

222 309 287 366 τὰ
317 314 429 366 τῶν
469 312 676 366 λοιπων
719 311 904 365 ἐθνῶν
934 307 1258 382 χρηστήρια’
1316 307 1388 376 ὡς
1429 307 1533 381 γὰρ
1558 305 1828 381 Ἑβραίοις

225 392 316 450 δια
366 399 477 449 τῶν
515 395 746 449 τοιῶνδε
789 398 1118 466 προφητῶν,
1173 390 1316 450 οὕτω
1361 396 1451 450 καὶ
1491 407 1604 461 τοῖς
1643 392 1829 460 ἄλλοις

225 484 412 535 ἔθνεσι
445 477 536 533 διὰ
565 479 677 533 τῶν
707 476 844 534 κατὰ
875 475 1043 533 τόπον
1073 480 1347 550 μαντειῶν
1368 475 1463 535 τὸν
1485 481 1574 535 ἐπὶ
1604 477 1831 543 πάντων

222 561 360 618 θεὸν
399 565 538 634 χρᾶν
577 563 667 618 καὶ
707 559 773 618 τὰ
816 564 1173 634 συμφέροντα
1215 561 1601 620 ὑποτίθεσθαι.
1666 567 1714 619 4.
1757 562 1830 636 μὴ

221 645 326 718 γὰρ
353 641 639 704 Ἰουδαίων
679 644 851 718 μόνον
891 645 1034 703 εἶναι
1065 644 1229 718 θεὸν,
1277 644 1415 702 ἀλλὰ
1455 648 1546 703 καὶ
1575 649 1686 703 τῶν
1718 655 1833 704 λοι-

223 732 344 787 πων
374 728 635 787 ἁπάντων
666 727 1010 804 ἀνθρώπων
1060 733 1152 787 καὶ
1191 729 1259 787 οὐ
1299 734 1509 804 μᾶλλον
1541 734 1770 788 ἐκείνων
1799 727 1833 803 ἢ

221 812 434 871 τούτων
458 812 750 886 κήδεσθαι,
776 813 1002 871 πάντων
1025 813 1076 871 δ’
1117 818 1169 883 ἐξ
1195 824 1320 872 ἴσου
1343 829 1624 888 προνοεῖν,
1649 814 1833 888 ὥσπερ

223 891 326 955 οῦν
357 901 447 955 καὶ
478 895 635 972 ἥλιον
674 896 941 971 ἀφθόνως
972 913 1084 965 τοῖς
1124 903 1257 956 πᾶσι
1291 903 1673 972 δεδωρῆσθαι,
1705 896 1830 956 ἀλλ’

224 979 290 1040 οὐ
321 982 510 1056 μόνοις
534 979 825 1057 Ἑβραίοις,
858 986 950 1040 καὶ
980 984 1074 1050 τὰς
1101 987 1350 1056 ἐτησιόυς
1372 988 1484 1041 τῶν
1508 987 1834 1056 ἐπιτηδείων

178 1092 199 1124 b
225 1074 514 1140 χορηγίας,
547 1066 817 1140 σωμάτων
847 1090 906 1125 τε
936 1081 1050 1134 τοῖς
1080 1071 1213 1125 πᾶσι
1240 1068 1587 1140 κατασκευὴν
1617 1067 1832 1141 ὁμοίαν,

226 1154 322 1208 ἕνα
367 1175 425 1208 τε
463 1154 730 1223 γενέσεως
771 1165 884 1218 τοῖς
927 1155 1060 1209 πᾶσι
1104 1151 1309 1224 τρόπον
1349 1154 1440 1209 καὶ
1470 1153 1645 1226 φύσιν
1685 1161 1836 1224 λογι-

225 1242 323 1307 κῆς
354 1238 532 1334 ψυχῆς
561 1242 707 1308 μίαν.
771 1240 818 1293 5.
854 1234 997 1293 οὕτω
1033 1237 1092 1293 δὲ
1132 1239 1224 1293 καὶ
1254 1240 1346 1309 τῆς
1377 1240 1490 1293 τῶν
1520 1236 1836 1309 μελλόντων

225 1318 590 1392 προγνώσεως
629 1321 730 1392 τὴν
773 1319 1076 1393 ἐπιστήμην
1106 1326 1276 1377 πᾶσιν
1306 1319 1626 1393 ἀνθρώποις
1657 1319 1834 1392 ἀφθό-

225 1427 335 1470 νως
366 1426 658 1477 παρεχειν,
688 1417 801 1471 τοῖς
832 1429 934 1478 μεν
967 1403 1058 1461 διὰ
1088 1429 1390 1478 προφητων
1420 1402 1678 1478 ανδρων,
1722 1418 1834 1470 τοῖς

229 1488 289 1544 δε
322 1487 412 1544 διὰ
442 1495 818 1592 χρηστηρίων,
850 1503 965 1555 τοῖς
998 1489 1059 1546 δε
1092 1487 1182 1546 δια
1213 1488 1463 1561 ὀρνίθων
1493 1487 1771 1562 πτήσεως,
1803 1485 1836 1561 ἢ

229 1570 339 1630 διὰ
350 1579 612 1646 θυτικης,
645 1568 678 1645 ἢ
711 1571 785 1630 δι’
821 1571 1298 1647 ὀνειροπομπείας,
1330 1599 1363 1646 η
1400 1573 1493 1631 διὰ
1524 1572 1834 1648 κληδόνων,

225 1653 258 1729 ἢ
301 1663 560 1730 παλμων,
601 1656 635 1730 ἤ
676 1682 848 1715 τινων
891 1660 1094 1731 ἑτέρων
1133 1657 1444 1731 συμβόλων
1516 1665 1691 1714 ταῦτα
1729 1681 1834 1729 γαρ

225 1759 400 1813 φασιν
451 1748 620 1799 πᾶσιν
660 1738 980 1814 ανθρώποις
1023 1745 1081 1799 ἐκ
1119 1749 1214 1814 τῆς
1256 1747 1353 1798 τοῦ
1394 1747 1535 1798 θεοῦ
1574 1747 1835 1815 προνοίας

1859 1009 1897 1041 13

1859 1427 1900 1459 15

228 1830 613 1899 δεδωρῆσθαι,
678 1823 751 1893 ὡς
814 1827 991 1899 μηδὲν
1042 1829 1212 1883 πλέον
1270 1830 1414 1898 ε”χειν
1468 1830 1654 1883 δοκεῖν
1704 1824 1900 1891 τοῦςεο

216 1908 490 1981 Ἑβραίων
521 1909 820 1982 προφήτας.

180 2027 197 2048 c
354 1998 402 2049 6.
446 1999 700 2060 Τοιοῦτος
731 1994 833 2065 μὲν
862 1985 965 2049 οῦν
994 1988 1022 2048 ὁ
1054 1991 1184 2064 παρ’
1224 1996 1452 2049 ἐκείνων
1483 1992 1667 2065 λόγος’
1709 1991 1738 2049 ὁ
1775 1993 1836 2050 δὲ

227 2074 357 2144 παρ’
395 2072 551 2148 ἡμῶν
584 2068 696 2133 ὧδέ
723 2100 837 2143 πως
869 2073 1056 2142 αὐτοῖς
1085 2075 1474 2148 ἀπαντήσεται.
1546 2084 1597 2135 εί
1623 2080 1725 2149 μέν
1755 2101 1835 2141 τις

229 2165 460 2232 συνίστη
505 2158 663 2232 λόγος
703 2160 873 2227 θεοὺς
913 2158 1166 2232 ἀληθῶς,
1209 2157 1241 2234 ἢ
1282 2168 1442 2227 θείας
1477 2160 1767 2234 δυνάμεις,
1801 2158 1833 2231 ἢ

116 2269 203 2311 [129]
230 2250 495 2316 δαίμονας
518 2241 768 2317 αγαθοῦς
790 2243 1083 2317 ἐφεστάναι
1101 2258 1213 2310 τοῖς
1236 2270 1347 2302 των
1367 2248 1671 2318 είρημενων
1694 2269 1832 2317 μαν-
1857 2267 1900 2300 ‘25

228 2334 422 2400 τείοις,
464 2324 497 2400 ἢ
538 2343 651 2396 τοῖς
682 2335 926 2400 οἰωνοῖς,
971 2353 1004 2400 η
1044 2342 1155 2394 τοῖς
1187 2337 1398 2395 λοιποῖς
1437 2343 1550 2394 τοῖς
1590 2352 1835 2385 κατωνο-

228 2415 551 2486 μασμένοις,
593 2414 663 2486 ἠν
702 2411 772 2470 ἂν
811 2411 998 2486 χώραν
1027 2410 1321 2486 ἀπονεῖμαι
1355 2426 1470 2478 τοῖς
1500 2415 1833 2486 λεγομένοις,

230 2521 302 2562 ως
332 2503 428 2554 τοῦ
462 2500 549 2554 ἐπὶ
580 2521 806 2555 παντων
835 2503 974 2555 θεοῦ
1005 2494 1234 2554 κακεῑνα
1264 2511 1376 2564 τοῖς
1414 2499 1712 2570 χρωμένοις
1746 2494 1830 2554 ἐπ’

231 2578 469 2655 ὠφελείᾳ
510 2586 926 2655 δεδωρημένου·
998 2587 1048 2639 εἰ
1100 2582 1158 2638 δὲ
1202 2584 1476 2638 ἐντελέσιν
1519 2580 1834 2648 ἀποδείξεσι

230 2667 320 2720 καὶ
362 2662 547 2722 αὐτῶν
580 2662 862 2738 (Ελλήπων
901 2662 1212 2739 ὁμολογίαις
1252 2663 1358 2737 ἤδη
1399 2664 1667 2737 πρότερον
1707 2670 1832 2721 doas-
1855 2687 1898 2718 30

230 2772 400 2820 μονας
432 2748 633 2821 αὐτοὺς
666 2750 808 2808 εἶναι
834 2752 925 2807 καὶ
950 2746 1076 2807 οὐδ’
1109 2746 1376 2822 ἀγαθοὺς,
1411 2749 1587 2822 πάσης
1621 2750 1680 2805 δὲ·
1709 2746 1833 2821 βλά-

191 2856 212 2888 d
237 2838 336 2904 βης
379 2835 468 2888 καὶ
500 2841 806 2907 μοχθηρίας
847 2839 1082 2905 αἰτίους,
1115 2839 1230 2899 πῶς
1270 2830 1339 2890 ἂν
1391 2833 1650 2891 δύναιντο
1695 2837 1832 2889 θεοῦ
