1992 3186
573 96 880 141 DEMONST.
911 97 1132 140 EVANG.
1167 98 1220 138 x.
1254 99 1294 140 8.
1632 95 1737 148 665

129 216 447 290 ρευομένων
470 215 723 289 περιέσχε
745 237 832 287 με,
866 211 1086 286 ὤρυξαν
1108 211 1293 288 χεῖράς
1315 237 1424 287 μου
1445 215 1536 271 καὶ
1560 213 1734 281 πόδας

127 296 298 374 μου·”
344 301 437 355 καὶ
467 305 546 356 ἔτι
575 298 642 356 τὰ
671 296 812 372 ἀμφὶ
854 301 932 375 τῷ
961 296 1130 356 πάθει
1169 297 1559 372 συμβεβηκότα
1589 297 1738 375 αὐτῷ

128 381 376 458 σημήνας
409 383 500 440 διὰ
539 389 638 441 τοῦ
660 381 1083 456 “διεμερίσαντο
1124 381 1190 440 τὰ
1231 382 1416 456 ἱμάτιά
1455 407 1562 457 μου
1606 385 1739 440 ἑαυ-

127 483 270 540 τοῖς,
303 470 394 525 καὶ
429 471 518 525 ἐπὶ
546 467 643 525 τὸν
676 466 968 541 ἱματισμόν
996 492 1104 541 μου
1137 473 1338 539 ε”βαλον
1360 464 1620 541 κλῆρον.”
1651 471 1734 524 24.

84 578 105 611 5
127 558 297 611 ταῦτα
329 555 420 609 καὶ
450 551 516 609 τὰ
546 551 758 619 τούτοις
789 550 1146 625 παραπλήσια
1192 551 1476 625 προειπών
1513 549 1616 610 ούκ
1648 554 1736 609 ε’πὶ

127 635 343 704 τούτοις
375 643 530 710 ἔστη,
572 634 699 694 ἀλλ”
731 641 968 709 ἐπιλέγει
991 632 1085 693 “oc
1121 635 1463 710 φοβούμενοι
1501 635 1598 695 τὸν
1637 635 1738 694 κύ-
1762 661 1851 703 (494)

129 746 280 795 ριον,
334 724 590 780 αἰνέσατε
630 719 831 794 αὐτὸν,
884 718 967 779 ὅτι
1013 720 1116 779 οὐκ
1157 724 1558 794 ἐξουδένωσεν,
1604 720 1739 779 οὐδὲ

128 804 482 881 προσώχθισε
522 809 592 880 τῇ
623 804 808 878 δεήσει
837 811 940 863 τοῦ
970 809 1218 879 πτωχοῦ,
1260 804 1391 863 οὐδὲ
1430 805 1740 879 ἀπέστρεψε

126 891 188 949 τὸ
217 889 517 966 πρόσωπον
547 886 722 948 αὑτοῦ
749 889 843 947 ἀπ’
883 893 1045 963 ἐμοῦ,
1091 893 1184 948 καὶ
1218 894 1278 947 ἐν
1306 894 1385 968 τῷ
1413 893 1739 965 κεκραγέναι

65 1003 106 1035 10
128 1000 196 1050 με
227 974 364 1049 πρὸς
395 974 565 1033 αὐτὸν
598 974 874 1048 ἐπήκουσέ
899 971 1062 1048 μου.”
1115 979 1199 1032 25.
1234 978 1350 1042 πῶς
1376 974 1426 1032 δ’
1456 971 1527 1033 ἂν
1551 982 1740 1048 ἔλεγεν

131 1063 521 1134 εἰσηκοῦσθαι,
557 1066 607 1116 εί
633 1059 707 1133 μὴ
731 1057 950 1126 πάντως
973 1058 1258 1133 τετυχήκει
1291 1063 1404 1118 τῶν
1437 1059 1617 1134 εὐχῶν
1647 1062 1739 1116 καὶ

130 1137 210 1202 ὦν
241 1149 302 1203 έν
332 1159 447 1212 τοῖς
478 1143 732 1218 πρόσθεν
765 1146 1045 1216 ἐδεδέητο,
1077 1168 1168 1202 οτε
1192 1151 1345 1217 ἔλεγε
1367 1144 1426 1201 τὸ
1466 1143 1569 1211 εἰς
1599 1149 1740 1218 χοῦν

127 1228 380 1287 θανάτου
431 1228 736 1302 κατήγαγές
778 1252 859 1302 με.
945 1231 1110 1302 ῥῦσαι
1162 1225 1268 1286 απὸ
1322 1233 1597 1302 ῥομφαίας
1636 1228 1740 1301 τὴν

128 1313 315 1388 ψυχήν
344 1338 480 1388 μου,
513 1317 606 1371 καὶ
639 1318 698 1370 ἐκ
729 1313 909 1387 χειρὸς
939 1311 1106 1380 κυνὸς
1135 1310 1237 1387 τὴν
1258 1318 1531 1387 μονογενῆ
1561 1312 1715 1387 μου;’

67 1424 107 1456 15
129 1403 212 1456 26.
245 1405 421 1457 ταῦτα
451 1423 555 1473 γαρ
589 1397 886 1471 εὐξαμενος
926 1399 1017 1454 καὶ
1050 1400 1275 1471 δεηθεὶς
1307 1402 1366 1455 ἐκ
1394 1397 1609 1456 τούτων
1639 1402 1741 1472 ῥυ-

130 1485 347 1556 σθῆναί
381 1507 439 1542 τε
480 1485 571 1540 καὶ
614 1486 898 1555 σωθῆναι,
938 1482 1124 1556 τυχών
1155 1507 1234 1540 ων
1271 1481 1471 1556 ηὔξατο
1505 1486 1741 1555 ἐπιλέγει
1763 1508 1786 1540 b

121 1563 262 1626 “οῦκ
305 1570 678 1637 ἐξουδένωσεν
716 1564 848 1625 οῦδὲ
900 1565 1256 1642 προσώχθισε
1305 1570 1373 1642 τῇ
1418 1565 1603 1640 δεήσει
1641 1571 1741 1624 τοῦ

130 1656 379 1726 πτωχοῦ,
433 1649 566 1710 οῦδὲ
610 1650 922 1724 ἀπέστρεψε
970 1651 1029 1709 τὸ
1078 1650 1378 1725 πρόσωπον
1426 1648 1600 1709 αὑτοῦ
1639 1650 1733 1708 ἀπ’

132 1740 297 1810 ἐμοῦ,
328 1739 420 1794 καὶ
454 1741 515 1794 ἐν
544 1740 622 1814 τῷ
651 1739 979 1810 κεκραγέναι
1009 1760 1076 1808 με
1107 1734 1242 1809 πρὸς
1274 1735 1446 1794 αὐτὸν
1470 1735 1745 1809 ἐπήκουσέ

64 1847 107 1880 20
129 1819 295 1896 μου,”
358 1825 550 1894 σαφῶς
600 1820 704 1893 τὴν
743 1819 876 1894 μετα
921 1819 1171 1878 θάνατον
1209 1819 1519 1893 ἀναβίωσιν
1569 1819 1741 1878 αὑτοῦ

131 1911 347 1979 δηλῶν,
386 1903 503 1980 ἥτις
543 1908 774 1978 γέγονεν
814 1904 952 1962 κατὰ
994 1904 1096 1978 τὴν
1137 1904 1383 1979 ἑωθινὴν
1422 1903 1740 1979 ἀντίληψιν,

129 1985 202 2062 ἣν
235 1992 357 2064 ἑξῆς
387 1988 600 2065 προϊών
628 1987 657 2048 ὅ
696 1989 923 2064 Ψαλμός
954 1992 1299 2064 παρέστησεν
1341 1988 1518 2049 εἰπών
1539 1986 1646 2048 “σὺ
1680 1996 1742 2047 δὲ

131 2073 289 2149 κύριε
318 2074 391 2148 μὴ
422 2073 709 2150 μακρύνῃς
737 2073 839 2148 τὴν
869 2073 1143 2148 βοήθειάν
1171 2099 1307 2149 μου,
1352 2081 1431 2141 εἰς
1459 2074 1563 2148 τὴν
1593 2073 1740 2132 ἀντί-

131 2165 304 2232 ληψίν
332 2183 440 2233 μου
470 2156 792 2234 πρόσσχες.”
849 2167 1016 2218 ποίαν
1048 2159 1116 2232 δὴ
1136 2156 1433 2233 ἀντίληψιν
1460 2157 1580 2217 ἀλλ’
1608 2155 1644 2233 ἢ
1674 2156 1744 2232 ἣν

68 2271 110 2303 25
133 2245 226 2302 καὶ
257 2240 291 2317 ἡ
321 2242 617 2318 προγραφὴ
646 2250 747 2302 τοῦ
785 2247 1025 2318 Ψαλμοῦ
1053 2243 1331 2319 ᾐνίττετο;

258 2333 342 2387 27.
371 2326 534 2386 Ἀλλὰ
573 2332 748 2386 ταῦτα
786 2330 888 2402 μὲν
927 2327 1061 2401 ἡμῖν
1101 2327 1346 2400 εἰρήσθω
1388 2334 1465 2394 εἰς
1501 2327 1605 2399 τὴν
1643 2330 1743 2384 τοῦ

139 2418 374 2485 Ψαλμοῦ
403 2413 750 2486 προγραφήν.
815 2418 892 2479 εἰς
924 2413 986 2469 δὲ
1015 2410 1076 2468 τὰ
1099 2408 1260 2483 “ἦλεὶ
1302 2409 1423 2483 ἠλεὶ
1462 2417 1608 2484 λαμᾶ
1647 2429 1740 2467 σα·-

133 2493 427 2570 βαχθανί,”
461 2498 752 2569 εἰρημένον
781 2496 884 2568 μὲν
913 2492 1020 2552 ὑπὸ
1051 2497 1152 2552 τοῦ
1181 2499 1425 2568 σωτῆρος
1456 2493 1614 2568 ἡμῶν
1644 2494 1740 2553 αὖ·
1760 2526 1779 2549 c

132 2595 246 2647 τοῖς
268 2578 576 2655 Ἑβραϊκοῖς
604 2575 837 2653 ὀνόμασι
866 2581 993 2653 περὶ
1022 2577 1120 2636 τόν
1148 2586 1247 2637 τοῦ
1278 2578 1498 2646 πάθους
1528 2581 1741 2654 καιρὸν,

70 2692 110 2724 30
133 2670 391 2738 κείμενον
433 2665 492 2722 δὲ
522 2665 615 2721 καὶ
658 2668 718 2722 ἐν
747 2668 822 2741 τῷ
860 2667 1098 2741 Ψαλμῷ,
1138 2662 1242 2736 ὅρα
1280 2662 1356 2738 μή
1385 2688 1465 2731 τις
1505 2669 1742 2737 ἔγκειται

136 2750 421 2823 βαθυτέρα
450 2754 663 2823 θεωρία
703 2745 835 2823 παρ’
859 2749 1155 2822 Ἑβραίοις·
1199 2751 1396 2822 ε’λωεὶμ
1425 2746 1530 2823 γὰρ
1560 2747 1742 2816 ὁθεὸς

135 2831 468 2908 ὀνομάζεται.
540 2837 624 2891 28.
659 2834 751 2890 καὶ
795 2837 957 2891 τοῦτο
1000 2832 1088 2891 διὰ
1121 2831 1298 2907 πάσης
1330 2832 1530 2907 σχεδὸν
1561 2832 1740 2909 εὕροις
