1992 3186
578 101 888 143 DEMONST.
920 101 1146 144 EVANG.
1178 103 1232 145 x.
1265 103 1306 142 4.
1635 101 1738 153 649

327 214 358 235 22

131 236 316 291 νισμα.
417 221 501 274 20.
536 215 671 274 ἀνθ’
708 209 786 274 ὧν
817 215 846 274 ὁ
886 218 989 290 μὲν
1012 215 1244 283 Ἀκύλας
1274 218 1411 290 φησὶ
1437 213 1575 288 ’(τὴν
1605 224 1739 291 μίαν

134 302 365 360 ἐκάλεσα
411 300 775 374 εὐπρέπειαν,
819 303 910 358 καὶ
949 301 1051 374 τὴν
1091 304 1283 374 ἑτέραν
1324 300 1556 360 ἐκάλεσα
1587 309 1741 376 σχοί-

130 383 348 460 νισμα·’
436 384 464 443 ὁ
507 387 567 443 δὲ
609 385 947 460 Σύμμαχος
952 384 1076 459 τήν
1119 387 1221 459 μὲν
1263 385 1494 444 ἐκάλεσα
1539 383 1780 460 εὐπρέ-ο

131 494 321 543 πειαν,
353 468 454 543 τὴν
485 472 546 527 δὲ
569 477 704 544 μίαν
729 469 958 528 ἐκάλεσα
989 469 1332 544 σχοίνισμα.”
1382 475 1482 529 τοῦ
1511 495 1613 544 μεν
1635 473 1740 529 οὐν

87 582 109 615 5
130 554 335 622 παντὸς
360 561 563 622 ἔθνους
585 554 785 622 κάλλος
810 558 902 612 καὶ
927 553 1264 629 εὐπρέπειαν
1277 553 1373 613 τὸν
1388 566 1550 614 θεῖον
1564 554 1740 629 νόμον

131 643 221 698 καὶ
252 638 354 712 τὴν
395 643 453 698 ἐν
492 639 641 716 αὐτῷ
682 642 1079 713 περιεχομένην
1126 639 1404 713 διαθήκην
1449 639 1740 714 ὠνόμασεν

132 724 369 792 εἰκότως.
423 729 508 782 21.
542 723 608 780 τά
631 748 688 782 τε
711 722 815 797 γάρ
846 724 1020 797 σεμνὰ
1049 727 1144 796 τῆς
1166 724 1519 798 Ἰερουσαλὴμ
1551 727 1643 782 καὶ
1672 724 1739 782 τὰ

129 813 224 882 τῆς
270 808 651 883 ἀρχιερατικῆς
692 815 1062 882 λειτουργίας,
1102 811 1193 866 καὶ
1225 808 1406 866 πάντα
1435 808 1539 867 ὅσα
1570 809 1739 866 πάλαι

129 892 400 967 πρότερον
432 896 492 950 ἐν
522 889 709 959 αὐτοῖς
734 892 870 950 κατὰ
892 892 1019 961 τοὺς
1043 900 1234 961 θείους
1259 892 1464 967 νόμους
1487 896 1579 951 καὶ
1603 891 1739 951 κατὰ

66 1004 106 1036 10
129 977 232 1050 τὴν
270 975 514 1034 παλαιάν
554 976 834 1050 διαθήκην
879 976 1248 1050 ἐπολιτεύετο,
1291 977 1492 1052 κόσμος
1539 976 1740 1052 εὐπρε-

130 1062 234 1135 πὴς
275 1058 489 1135 ὑπῆρχε
529 1077 642 1128 τοῖς
691 1061 799 1119 ὑπὸ
839 1061 1052 1119 τούτων
1095 1065 1506 1136 κοσμουμένοις.
1586 1068 1741 1136 σχοί-

128 1164 297 1220 νισμα
345 1147 407 1202 δὲ
457 1144 517 1203 τὸ
556 1150 770 1219 πλῆθος
809 1152 909 1204 τοῦ
959 1154 1164 1213 ἔθνους
1203 1149 1295 1204 καὶ
1348 1145 1497 1220 παρά
1536 1156 1744 1204 Μωσεῖ

130 1233 386 1304 κέκληται
426 1233 641 1303 λέγοντι
664 1227 946 1304 “ε’γενη’θη
991 1235 1144 1304 μερὶς
1175 1237 1374 1306 κυρίου
1406 1229 1534 1298 λαός
1566 1230 1736 1289 αὐτοῦ
1765 1242 1788 1274 d

122 1312 344 1388 Ἰακώβ,
388 1321 679 1389 σχοίνισμα
719 1323 1084 1388 κληρονομίας
1125 1315 1298 1373 αὐτοῦ
1324 1313 1590 1390 Ἰσραήλ.”
1652 1321 1737 1373 22.

65 1423 106 1456 15
129 1398 268 1457 ἀλλὰ
297 1400 402 1472 γὰρ
424 1403 535 1458 τῶν
561 1398 662 1457 δύο
687 1399 898 1457 τούτων
922 1399 1151 1473 ῥάβδων
1181 1399 1399 1473 ἀθρόαν
1429 1399 1742 1474 μεταβολὴν

128 1483 467 1556 γενήσεσθαι
499 1484 634 1542 κατὰ
658 1484 784 1550 τοὺς
806 1487 1179 1557 δηλουμένους
1211 1483 1445 1559 χρόνους
1469 1491 1738 1556 θεσπίζει,

131 1568 203 1634 ὡς
227 1571 319 1624 καὶ
343 1573 437 1642 τῆς
469 1568 639 1626 πάλαι
674 1572 733 1625 ἐν
764 1566 903 1644 αὐτῇ
935 1573 1170 1635 παλαιᾶς
1196 1567 1487 1642 διαθήκης,
1520 1572 1612 1626 καὶ
1642 1571 1743 1626 τοῦ

127 1651 298 1710 πάλαι
340 1657 400 1710 ἐν
448 1652 586 1728 αὐτῇ
629 1652 864 1720 κάλλους
916 1652 1479 1727 άφανισθησομένου,
1530 1657 1628 1710 τοῦ
1682 1677 1742 1711 τε

129 1743 514 1811 σχοινίσματος
544 1740 636 1794 καὶ
664 1742 762 1794 τοῦ
793 1737 997 1804 παντὸς
1029 1744 1231 1805 ε”θνους
1265 1743 1740 1810 διασκεδασθησο-

63 1846 105 1878 20
129 1823 329 1896 μένου,
376 1820 514 1879 ἐπάν
552 1822 654 1893 τὴν
693 1847 858 1894 τιμην
895 1827 994 1879 τοῦ
1043 1824 1406 1895 τετιμημένου
1445 1821 1741 1893 τριάκοντα

128 1903 415 1980 ἀργυρίων
426 1905 785 1979 τιμησάμενοι
808 1909 903 1978 τῆς
928 1910 1091 1979 σφῶν
1117 1912 1446 1979 δυσσεβείας
1458 1905 1559 1979 τὴν
1573 1925 1740 2008 προσ-

126 1989 375 2063 ήκουσαν
418 1989 641 2064 άτιμίαν
679 1987 990 2063 υπόσχοιεν.
1062 1996 1145 2047 23.
1181 1994 1327 2063 λέγει
1374 1991 1423 2047 δ’
1474 1992 1576 2049 οὐν
1610 1987 1739 2048 “nal

128 2073 370 2148 λήψομαι
410 2075 512 2148 τὴν
551 2074 764 2149 ράβδον
793 2099 899 2148 μου
929 2074 1031 2147 τὴν
1071 2074 1275 2148 καλὴν,
1317 2079 1408 2132 καὶ
1448 2073 1740 2185 ἀπορρίψω

130 2183 335 2231 αυτην,
376 2162 475 2216 τοῦ
525 2158 887 2217 διασκεδάσαι
935 2159 1038 2232 τὴν
1091 2159 1370 2234 διαθήκην
1410 2185 1532 2234 μου.
1649 2162 1740 2217 καὶ

67 2267 110 2300 25
132 2242 303 2300 πάλιν
337 2239 468 2300 “acal
508 2241 786 2318 άπέρριψα
825 2243 927 2316 τὴν
967 2243 1182 2318 ράβδον
1224 2244 1326 2317 τὴν
1370 2247 1638 2318 δευτέραν
1681 2243 1740 2300 τὸ

129 2325 475 2401 σχοίνισμα.”
513 2331 602 2385 ἐπὶ
623 2327 834 2394 τούτοις
854 2327 992 2384 ε’πόιν
1016 2327 1050 2400 ἡ
1073 2335 1383 2402 προφητεία
1407 2326 1592 2400 φάσκῃ
1611 2323 1742 2383 “noel

132 2415 307 2483 ἐξαριό
335 2412 462 2478 τοὺς
501 2426 648 2484 τρεῖς
679 2413 942 2484 ποιμένας
976 2414 1034 2467 ἐν
1063 2413 1193 2484 μηνὶ
1229 2414 1339 2482 ἑνὶ,
1384 2418 1586 2483 νομίζω
1616 2418 1740 2483 τρία
1765 2423 1853 2463 (483)

131 2493 379 2567 τάγματα
421 2501 766 2552 αἰνίττεσθαι
804 2498 915 2551 τιὸν
956 2492 1124 2551 πάλαι
1165 2501 1264 2551 τοῦ
1306 2500 1443 2552 λαοῦ
1473 2499 1572 2551 τοῦ
1603 2499 1742 2552 θεοῦ

132 2577 523 2651 προεστώτων,
577 2580 844 2650 βασιλέως
895 2581 986 2635 καὶ
1043 2577 1338 2652 ἀρχιερέως
1387 2581 1479 2636 καὶ
1529 2577 1742 2654 προφή-

69 2687 108 2718 30
131 2686 251 2734 του,
286 2665 401 2719 ἐπεὶ
432 2666 525 2720 καὶ
557 2663 648 2720 διὰ
672 2666 783 2720 τῶν
813 2665 982 2735 τριῶν
1010 2662 1223 2720 τούτων
1253 2666 1533 2737 ποιμένων
1563 2663 1742 2721 πάντα

131 2745 197 2803 τὰ
229 2746 366 2803 κατὰ
396 2747 522 2813 τοὺς
553 2746 722 2803 πάλαι
752 2746 1021 2820 πρότερον
1053 2745 1439 2823 ᾠκονομεῖτο.”
1497 2752 1580 2805 24.
1615 2745 1739 2805 ἀλλ’

135 2829 327 2902 ἐπειδὴ
360 2830 703 2905 διαστροφὴν
735 2833 826 2888 καὶ
850 2835 905 2888 οἱ
925 2846 1071 2905 τρεῖς
1095 2824 1245 2889 οὗτοι
1277 2831 1594 2890 πεπόνθασι
1625 2856 1740 2890 ποι-
