1992 3186
569 121 874 163 DEMONST.
906 120 1125 162 E-VANG.
1157 121 1260 161 vn.
1294 122 1331 159 1.
1660 118 1762 169 417

156 239 342 309 εἶπεν,
385 240 486 302 ἕως
516 233 586 293 ἂν
619 239 948 308 ἐρημωθῶσι
978 233 1163 301 πόλεις
1204 233 1350 305 παρὰ
1392 233 1450 290 τὸ
1482 233 1554 306 μὴ
1586 259 1764 291 κατοι-

155 332 406 391 κεῖσθαι,
439 324 531 377 καὶ
563 321 704 377 οἶκοι
736 319 884 391 παρὰ
913 319 973 376 τὸ
1005 319 1079 392 μὴ
1112 319 1255 376 εἶναι
1285 316 1681 391 ἀνθρώπους.”

282 410 330 462 5.
350 415 524 462 Ποῖον
550 407 611 461 δὲ
636 403 867 477 θεμιτὸν
890 403 1130 475 φάσκειν
1151 403 1248 460 τὸν
1272 402 1564 476 προφήτην
1590 405 1767 475 ἑωρα-

155 493 311 548 κέναι
352 488 547 561 κύριον
586 484 619 560 ἢ
660 486 726 545 ὃν
756 503 870 554 τοῖς
901 491 1027 559 περὶ
1058 488 1154 544 τὸν
1178 487 1429 565 Ἀβρααμ
1458 487 1766 559 προπάτορ-

112 592 248 631 5σιν
300 566 497 645 ὦφθαί
542 597 602 630 τε
642 575 734 629 καὶ
778 569 1113 645 ὡμιληκέναι
1155 575 1214 629 ἐν
1252 585 1366 639 τοῖς
1408 571 1513 642 πρὸ
1554 571 1767 629 τούτων

155 655 553 731 ἄπεδείξαμεν;
593 660 788 715 τοῦτον
831 655 936 729 γάρ
978 653 1116 729 ὁμοῦ
1158 655 1297 713 θεὸν
1329 659 1421 713 καὶ
1450 655 1644 731 κύριον
1675 658 1768 712 καὶ

159 741 227 814 δὴ
251 740 486 814 ἄγγελον
512 742 655 798 εἶναι
678 743 769 798 καὶ
796 739 1232 815 ἀρχιστράτηγον
1258 740 1546 813 δυνάμεως
1570 747 1769 812 κυρίου
1798 775 1815 797 e

157 826 680 899 προμεμαθήκαμεν.
744 828 961 898 μέλλων
990 827 1287 898 τοιγαροῦν
1308 827 1410 898 τὴν
1436 831 1514 892 εἰς
1543 822 1769 899 ἀνθρώ-

157 934 296 976 πους
338 911 511 967 αὐτοῦ
553 910 802 981 πάροδον
841 908 869 964 ὁ
910 909 1104 980 παρών
1145 908 1303 980 λόγος
1342 916 1628 978 θεσπίζειν
1667 909 1771 981 τὴν

93 1020 134 1051 10
159 1000 359 1051 ἔνθεον
400 993 575 1051 αὐτου
617 1004 936 1066 προθεωρεῖ
980 1000 1303 1064 βασιλείαν,
1361 991 1436 1049 δι’
1490 986 1555 1065 ἧς
1598 1011 1770 1065 φησιν

91 1090 96 1094 ’
160 1081 463 1151 ἑωρακέναι
494 1076 667 1135 αὐτὸν
697 1078 1017 1150 καθήμενον
1050 1080 1138 1134 ἐπὶ
1182 1077 1396 1149 θρόνου
1425 1076 1647 1149 ὑψηλου
1678 1080 1771 1134 καὶ

159 1166 484 1271 ἐπηρμένου.
548 1167 594 1219 6.
630 1163 788 1227 οὗτος
824 1158 876 1217 δ’
910 1157 980 1218 ἂν
1011 1170 1097 1234 εἴη
1129 1158 1156 1218 ὁ
1189 1161 1393 1235 θρόνος
1426 1159 1598 1218 αὐτοῦ
1630 1165 1772 1220 ἐκει-

157 1271 250 1313 νος
281 1271 310 1302 ο
342 1249 433 1303 καὶ
466 1250 526 1303 ἐν
555 1251 630 1322 τῷ
662 1247 790 1320 περι
819 1252 918 1302 τοῦ
949 1244 1235 1318 ἀγαπητοῦ
1276 1251 1489 1321 Ψαλμῷ
1522 1251 1771 1317 δεδηλω-

158 1333 349 1403 μένος,
391 1330 528 1387 κατὰ
566 1329 626 1387 τὸ
649 1329 717 1386 “ὂ
759 1329 963 1403 θρόνος
995 1349 1098 1388 σου
1137 1326 1165 1386 ὃ
1197 1330 1327 1395 θεὸς
1360 1337 1437 1396 εἰς
1468 1329 1564 1387 τὸν
1596 1334 1771 1387 αι’ωνα

97 1439 137 1470 15
159 1421 255 1471 τοῦ
287 1411 548 1486 αἰῶνος,”
599 1413 686 1486 ἐφ’
723 1410 789 1471 ὃν
819 1416 911 1470 καὶ
942 1410 970 1471 ὅ
1002 1413 1263 1471 ἀνωτατω
1294 1439 1406 1471 των
1435 1412 1582 1472 όλων
1613 1437 1773 1486 ποιη-

159 1497 253 1571 τὴς
283 1498 416 1564 θεὸς
458 1497 636 1569 πατήρ
677 1523 735 1556 τε
767 1497 940 1555 αὐτοῦ
973 1497 1046 1564 ὥς
1086 1495 1156 1555 ἂν
1186 1513 1483 1570 μονογενεῖ
1509 1501 1600 1555 καὶ
1634 1496 1771 1571 ἀγα-

160 1587 314 1658 πητῷ
344 1585 679 1651 καθέζεσθαι
710 1581 1107 1655 παρεκελεύετο
1138 1585 1316 1653 λέγων
1338 1578 1560 1639 “κοὲθου
1593 1586 1652 1639 ἐκ
1686 1588 1771 1638 δε·
1796 1607 1818 1639 d

160 1671 292 1734 ξιῶν
336 1691 471 1739 μου,
516 1669 616 1734 ἕως
655 1664 734 1723 ἂν·
766 1673 853 1724 θῶ
894 1666 1020 1733 τούς
1054 1666 1289 1739 ἐχθρούς
1331 1685 1433 1723 σου
1462 1666 1774 1723 ὑποπόδιον

156 1755 268 1807 τῶν
299 1755 490 1807 ποδῶν
520 1748 677 1808 σου.”
746 1756 789 1807 7.
825 1757 1114 1822 συνίστησι
1149 1752 1208 1807 δὲ
1238 1749 1448 1823 ταύτην
1478 1749 1639 1822 ἡμῶν
1669 1750 1773 1822 τὴν

97 1859 138 1890 20
164 1841 239 1902 εἰς
269 1859 396 1901 τους
437 1833 638 1901 τόπους
672 1837 972 1937 ἑρμηνείαν
995 1833 1255 1906 Ἰωάννης
1297 1833 1325 1890 ὁ
1360 1832 1770 1910 εὐαγγελιστὴς,

158 1915 216 1986 ὃς
247 1921 634 1991 παραθέμενος
657 1918 751 1985 τὰς
783 1922 1144 1992 προκειμένας
1176 1923 1271 1976 τοῦ
1295 1918 1526 1976 ‘Hffazov
1557 1943 1768 1990 φωνας,
1799 1944 1884 1985 [1921

163 2007 222 2060 ἐν
253 2000 339 2069 αἶς
372 2001 591 2076 εἴρητο
596 2002 910 2112 ἐπαχύνθη
940 2028 1045 2076 γαρ
1077 2002 1110 2075 ἡ
1134 2009 1334 2072 καρδία
1361 2008 1458 2060 τοῦ
1483 2007 1620 2060 λαοῦ
1649 2002 1772 2060 τού-

161 2110 292 2158 του,
324 2091 416 2143 καὶ
447 2103 559 2155 τοῖς
591 2086 728 2144 ωσὶν
760 2087 944 2145 αὑτων
975 2089 1187 2160 βαρέως
1212 2086 1487 2159 ἤκουσαν,
1522 2090 1614 2144 καὶ
1645 2112 1772 2152 τους

159 2165 489 2244 ὀφθαλμοὺς
542 2171 728 2228 αὐτῶν
782 2169 1139 2245 ἐκάμμυσαν”
1198 2174 1444 2244 ἐπιφέρει
1497 2174 1623 2243 περὶ
1675 2177 1774 2229 τοῦ

99 2277 141 2310 25
165 2259 406 2326 Χριστοῦ
444 2255 668 2327 λέγων
674 2252 865 2313 ταῦτα
907 2257 1061 2314 εἶπεν
1096 2253 1346 2327 Ησαῖας,
1388 2255 1480 2313 ὅτε
1522 2257 1634 2314 εἶδε
1674 2255 1776 2328 τὴν

166 2339 331 2406 δόξαν
361 2338 559 2412 αὐτοῦ,
593 2343 686 2397 καὶ
718 2340 1062 2412 ἐμαρτύρησε
1092 2342 1217 2413 περὶ
1258 2339 1445 2398 αὐτοῦ.
1457 2337 1488 2359 ”
1555 2341 1776 2396 ς4ι’δών

166 2421 233 2492 δὴ
263 2425 367 2480 οὐν
396 2423 424 2480 ὁ
455 2424 740 2497 προφήτης
770 2425 872 2497 τὴν
897 2427 986 2482 ἐπὶ
1015 2429 1112 2482 τοῦ
1137 2430 1404 2494 πατρικοῦ
1435 2423 1649 2494 θρόνου
1679 2430 1774 2494 τῆς

167 2507 366 2563 ἐνθέου
399 2507 558 2579 δόξης
587 2532 646 2565 τε
687 2511 779 2565 καὶ
827 2515 1111 2581 βασιλείας
1142 2513 1367 2581 ἵδρυσιν
1397 2511 1496 2563 τοῦ
1527 2510 1774 2579 σωτῆρος

165 2587 353 2659 ἡμῶν,
384 2594 461 2666 τῷ
489 2615 547 2647 τε
576 2591 716 2663 ἁγίω
750 2591 1069 2658 ἐπιθειάσας
1101 2590 1402 2663 πνεύματι,
1436 2593 1527 2647 καὶ
1558 2593 1775 2663 μέλλων

103 2695 143 2726 30
168 2675 287 2743 ἑξῆς
326 2672 427 2744 τὴν
468 2680 544 2740 εἰς
583 2673 919 2747 ἀνθρώπους
961 2675 1132 2732 αὐτοῦ
1163 2674 1409 2747 πάροδον
1450 2678 1541 2731 καὶ
1580 2675 1684 2746 τὴν
1718 2678 1776 2731 ἐκ

284 2867 335 2904 14
367 2866 440 2908 Ps.
463 2868 531 2916 44,
555 2868 593 2905 6.
772 2871 820 2909 17
852 2870 926 2908 Ps.
952 2870 1046 2916 109,
1073 2870 1111 2908 1.
1285 2870 1339 2908 ⁶25
1369 2869 1442 2910 Jo.
1469 2870 1532 2908 12.
1555 2869 1626 2911 41.

255 2948 483 2976 EUSEBIUS
518 2949 594 2980 111.
1439 2936 1502 2988 27
