1992 3186
250 95 354 148 664
932 96 1180 139 EUSEBII

200 237 222 270 b
252 209 607 287 εὑρίσκουσιν
639 209 810 269 αὐτὸν
841 212 1363 286 ἀποκεκυλισμένον.
1413 207 1485 287 ἦν
1510 215 1571 272 δὲ
1594 213 1702 288 ἤδη
1735 218 1864 289 ἐγη-

249 300 526 373 γερμένος.
590 302 728 369 ἔχεις
752 299 844 353 καὶ
867 296 1016 368 παρὰ
1038 302 1114 374 τῷ
1140 293 1368 372 Ἰωάννῃ
1390 295 1494 372 τὴν
1517 297 1693 374 αὐτὴν
1721 324 1863 374 μαρ-

249 388 448 455 τυρίαν
499 383 715 453 λέγοντι
747 379 854 455 “τῇ
897 382 959 438 δὲ
997 387 1095 457 μιᾷ
1134 387 1248 439 τῶν
1301 381 1599 455 σαββάτων
1649 391 1863 459 ἔρχεται

250 473 446 540 Μαρία
475 463 509 538 ἡ
542 463 896 539 [Μαγδαληνὴ
940 471 1088 539 πρωῒ
1117 472 1194 534 εἰς
1224 465 1284 524 τὸ
1323 481 1594 541 μνημεῖον
1624 474 1702 526 ἔτι
1733 489 1864 526 σκο-

248 559 366 617 τίας
417 547 615 624 οὔσης,
668 553 761 607 καὶ
813 552 1006 622 βλέπει
1045 549 1143 608 τὸν
1182 557 1348 608 λίθον
1386 550 1629 627 ἠρμένον
1671 556 1731 610 ἐκ
1761 556 1860 612 τοῦ
1884 576 1905 608 5

247 640 535 709 μνημείου.
543 632 573 654 ”
631 639 715 693 20.
750 633 888 692 καὶ
865 659 894 692 ο
921 643 1217 701 Ματθαῖος
1250 636 1331 708 δε,
1365 641 1416 693 εἰ
1444 635 1571 694 καὶ
1574 634 1700 705 “ὀψὲ
1730 644 1865 710 σαβ-

247 717 436 793 βάτων
460 727 700 794 εἰρηκεν,
725 717 846 777 ἀλλ’
879 721 1125 794 ἐπιφέρει
1148 718 1371 794 λέγων“
1379 724 1445 796 τῇ
1471 720 1866 797 ἐπιφωσκούσῃ

251 810 328 871 εἰς
368 809 503 878 μίαν
542 803 840 878 σαββάτων
880 796 1021 878 ἦλθε
1061 811 1259 878 Μαρία
1300 801 1334 878 ἡ
1374 803 1730 879 Μαγδαληνὴ
1768 809 1862 863 καὶ

249 884 282 960 ἡ
315 888 454 973 άλλη
468 896 666 964 Μαρία
696 892 982 963 θεωρῆσαι
1011 888 1110 947 τὸν
1141 887 1338 963 τάφον,
1368 892 1462 948 καὶ
1489 888 1614 948 ἰδού
1646 888 1866 964 σεισμὸς

210 1004 226 1026 c
252 975 467 1047 ἐγένετο
507 976 691 1047 μέγας.
761 978 846 1032 21.
880 971 1110 1047 άγγελος
1154 974 1259 1050 γὰρ
1301 980 1500 1050 κυρίου
1539 973 1780 1047 καταβὰς
1813 977 1866 1043 ἐξ
1889 999 1931 1031 ιο

250 1055 498 1132 οὐρανου
536 1057 870 1133 προσελθων
907 1057 1208 1117 ἀπεκύλισε
1255 1058 1381 1118 τὸν
1399 1066 1565 1118 λίθον
1615 1058 1723 1117 ἀπὸ
1772 1063 1868 1132 τῆς

249 1142 434 1218 θύρας
463 1145 566 1200 τοῦ
593 1140 922 1217 μνημείου.”
983 1147 1158 1202 ταῦτα
1191 1144 1252 1201 δε
1284 1141 1598 1216 ἀναγκαίως
1628 1147 1867 1218 παρεθέ-

249 1251 360 1301 μην
404 1233 481 1295 εἰς
522 1227 871 1302 παράστασιν
910 1230 1007 1300 τῆς
1048 1231 1108 1285 ἐν
1149 1231 1224 1304 τῷ
1270 1232 1482 1306 Ψαλμῷ
1523 1250 1868 1303 προφητευσ-

249 1315 419 1385 μένης
450 1315 690 1385 ἑωθινῆς
721 1310 1081 1385 ἀντιλήψεως.
1134 1316 1220 1370 22.
1255 1315 1371 1370 ἐπεὶ
1395 1311 1500 1388 γὰρ
1524 1311 1591 1370 τά
1613 1315 1742 1388 περὶ
1763 1319 1865 1371 τοῦ

250 1394 472 1463 πάθους
501 1420 601 1454 του
634 1403 879 1471 σωτῆρος
918 1392 1077 1470 ἡμων
1117 1403 1402 1471 σημαίνει,
1445 1394 1512 1456 οὐ
1553 1395 1665 1471 μὴν
1706 1399 1867 1455 κατέ-
1889 1419 1931 1452 15

249 1483 415 1555 ληξεν
464 1477 498 1554 ἡ
538 1480 657 1539 κατ’
704 1479 877 1539 αὐτὸν
927 1487 1214 1556 οἰκονομία
1256 1485 1316 1540 ἐν
1356 1506 1431 1539 τω
1474 1481 1675 1555 πάθει,
1715 1483 1868 1550 τέλος

252 1566 313 1623 δε
342 1571 442 1623 τοῦ
482 1564 703 1633 πάθους
732 1562 767 1639 ἡ
801 1569 860 1624 ἐκ
890 1571 1107 1642 νεκρῶν
1136 1564 1434 1635 ἀνάστασις
1464 1558 1536 1639 ἦν
1567 1569 1661 1624 καὶ
1699 1565 1734 1640 ἡ
1771 1563 1868 1625 ἀν-

249 1657 467 1723 τίληψις
508 1646 540 1723 ἡ
587 1650 829 1725 εωθινὴ,
884 1650 1106 1719 εἰκότως
1149 1649 1178 1709 ὁ
1213 1650 1393 1724 λόγος
1442 1675 1518 1709 τω
1572 1649 1867 1729 παραδόξω

204 1758 225 1790 d
250 1737 391 1793 τέλει
444 1733 547 1808 τὴν
597 1734 823 1809 γραφὴν
871 1734 1229 1808 ἀνατίθεται,
1282 1760 1355 1803 ως
1401 1739 1498 1809 τῆς
1544 1734 1868 1802 ὑποθέσεως

250 1815 465 1892 ἀπάσης
504 1822 598 1877 καὶ
639 1823 752 1878 των
782 1819 888 1896 πρὸ
926 1825 1025 1878 τοῦ
1054 1824 1248 1887 τέλους
1286 1818 1634 1894 παθημάτων
1668 1825 1764 1893 τῆς
1808 1821 1867 1877 ἐκ
1888 1843 1930 1875 20

248 1908 466 1974 νεκρῶν
510 1901 863 1973 ἀναστάσεως
908 1907 1001 1963 καὶ
1041 1911 1139 1977 τῆς
1169 1902 1511 1977 ἀντιλήψεως
1554 1910 1650 1977 τῆς
1697 1906 1867 1962 ἑωθι-

249 1992 350 2060 νῆς
380 1991 572 2046 ἕνεκεν
600 1992 932 2063 γενομένων.
992 1993 1078 2045 23.
1111 1985 1284 2045 εἰπών
1317 1990 1457 2061 γοῦν
1496 1986 1524 2045 ὁ
1557 1986 1742 2063 σωτὴρ
1773 1990 1865 2046 καὶ

250 2071 438 2146 κύριος
480 2071 638 2145 ἡμῶν
682 2073 740 2130 τὸ
776 2068 844 2129 “ὁ
882 2070 1016 2139 θεὸς
1055 2070 1084 2129 ὁ
1124 2070 1257 2139 θεός
1297 2096 1405 2146 μου
1444 2070 1714 2147 πρόσσχες
1752 2097 1864 2147 μοι,

251 2160 402 2213 ἱνατί
439 2158 787 2229 ἐγκατέλιπές
834 2153 939 2230 με”
988 2159 1081 2214 καὶ
1123 2159 1244 2228 ἑξῆς
1283 2155 1579 2230 ἐπαγαγών
1621 2157 1681 2215 τὸ
1715 2153 1865 2230 “ἐγω

253 2242 319 2297 δέ
367 2245 478 2314 εἰμι
526 2239 773 2315 σκώληξ,
822 2243 915 2298 καὶ
962 2239 1065 2299 οὐκ
1124 2237 1452 2314 ἅνθρωπος,
1502 2239 1716 2309 ὄνειδος
1763 2241 1866 2300 ἀν-
1887 2265 1929 2299 25

250 2323 502 2399 θρώπων
551 2328 644 2383 καὶ
685 2327 1026 2400 ἐξουδένημα
1074 2327 1209 2383 λαοῦ
1223 2322 1277 2397 ,”
1337 2328 1431 2383 καὶ
1471 2331 1549 2383 ἔτι
1596 2329 1866 2401 προσθεὶς

250 2409 311 2466 τὸ
336 2406 829 2485 τεπεριεκύκλωσάν
857 2433 926 2484 με
965 2408 1159 2484 μόσχοι
1188 2412 1409 2481 πολλοὶ,
1451 2413 1647 2482 ταῦροι
1677 2417 1865 2477 πίονες

252 2496 546 2568 περιέσχον
575 2493 702 2569 με,”
739 2496 832 2552 καὶ
873 2500 1064 2568 σαφῶς
1103 2494 1200 2552 τὸν
1232 2492 1482 2553 θάνατον
1523 2493 1696 2552 αὑτοῦ
1726 2517 1864 2567 προ-

252 2578 665 2654 μαρτυρόμενος
707 2578 799 2637 διὰ
838 2577 898 2637 τὸ
931 2577 1050 2648 “sig
1091 2584 1228 2653 χοῦν
1267 2577 1519 2637 θανάτου
1562 2577 1865 2652 κατήγαγές

253 2686 347 2735 με,
379 2660 462 2720 ὅτι
494 2662 814 2722 ἐκύκλωσάν
843 2687 911 2738 με
933 2663 1097 2731 κύνες
1119 2665 1331 2735 πολλοὶ,
1365 2662 1662 2736 συναγωγὴ
1689 2686 1864 2737 πονη-
1884 2686 1928 2720 30

366 2858 393 2895 4
424 2857 498 2899 Jo.
522 2859 590 2910 20,
612 2859 652 2897 4.
833 2860 856 2898 7
886 2859 1049 2899 Matth.
1074 2858 1140 2909 28,
1168 2860 1204 2899 1.
