1946 3158
565 142 1289 188 DEMONST.EVANG.H.3.
1664 143 1732 196 95

124 255 483 334 ἁμαρτήματα
528 257 690 332 ὑμῶν
743 263 1017 332 διίστησιν
1068 256 1346 334 ἀναμέσον
1401 258 1587 332 ὑμῶν,
1640 263 1732 317 καὶ
1750 278 1823 322 (59)

124 342 401 418 ἀναμέσον
430 349 529 401 τοῦ
558 349 717 416 θεοῦ,
750 345 841 400 καὶ
869 345 960 400 διὰ
987 343 1082 411 τάς
1112 343 1378 418 ἁμαρτίας
1409 342 1568 417 ὑμῶν
1597 343 1734 401 ἀπέ-

125 442 364 500 στρεψεν
393 426 451 486 τὸ
483 426 784 500 πρόσωπον
814 425 989 486 αὐτοῦ
1018 426 1120 502 ἀφ’
1153 425 1311 502 ὑμῶν
1341 432 1441 486 τοῦ
1469 429 1542 502 μὴ
1575 432 1734 502 ἐλεῆ-

124 530 241 570 σαι·
304 517 364 569 αἱ
400 512 507 587 γάρ
546 527 724 586 χεῖρες
767 509 925 586 ὑμῶν
954 516 1363 588 μεμολυσμέναι
1393 519 1608 587 αἵματι,
1640 517 1732 571 καὶ

82 628 102 660 5
124 603 182 656 οἱ
209 595 470 656 δάκτυλοι
499 594 658 670 ὑμῶν
690 601 752 655 ἐν
781 597 1089 670 ἁμαρτίαις,
1120 603 1205 656 26.
1225 597 1291 655 τὰ
1315 600 1375 656 δὲ
1398 605 1551 672 χείλη
1572 597 1731 672 ὑμῶν

124 681 387 756 ἐλάλησεν
417 679 683 757 ἀνομίαν,
725 684 816 739 καὶ
859 678 892 754 ἡ
933 686 1155 754 γλῶσσα
1186 679 1345 756 ὑμῶν
1384 681 1607 741 ἀδικίαν
1637 708 1728 757 με-

123 771 266 843 λετᾷ.
326 765 514 834 οὐδεὶς
544 774 700 824 λαλεῖ
732 772 947 839 δίκαια,
979 765 1102 824 οὐδ’
1140 773 1290 824 ἔστιν
1320 767 1353 841 ἡ
1385 774 1564 839 κρίσις
1594 765 1731 840 ἀλη-

122 850 283 925 θινή·
339 861 680 910 πεποίθασιν
722 853 812 909 ἐπὶ
854 858 1130 925 ματαίοις,
1172 855 1265 908 καὶ
1305 855 1535 910 λαλοῦσι
1575 853 1728 924 κενὰ,

119 935 202 995 ὅτι
243 935 442 994 κύουσι
494 935 668 994 πόνον
729 939 821 993 καὶ
860 943 1142 994 τίκτουσιν
1183 935 1443 1010 ἀνομίαν·
1519 941 1603 995 27.
1649 935 1730 994 ὥὰ

61 1053 98 1081 ω
121 1018 375 1080 ἀσπίδων
406 1024 670 1095 ἔρρηξαν,
702 1023 794 1078 καὶ
826 1021 979 1079 ἱστὸν
1009 1018 1252 1094 ἀράχνης
1282 1018 1603 1095 ὑφαίνουσι,
1637 1025 1728 1078 καὶ

121 1102 149 1164 ὁ
180 1109 367 1164 θέλων
404 1110 516 1164 τῶν
556 1103 685 1164 ὠῶν
726 1103 913 1163 αὐτῶν
955 1120 1161 1179 φαγεῖν
1201 1113 1506 1178 συντρίψας
1537 1105 1729 1180 οὔριον
1754 1124 1774 1156 b

122 1184 248 1263 εὗρε
278 1193 369 1249 καὶ
401 1195 461 1249 ἐν
483 1187 633 1267 αὐτῷ
651 1197 998 1263 βασιλίσκον,
1029 1187 1222 1258 ὀϊστὸς
1247 1188 1432 1248 αὐτῶν
1455 1188 1557 1248 οὐκ
1578 1197 1728 1248 ἔσται

124 1281 201 1343 εἰς
245 1273 489 1349 ἱμάτιον,
530 1273 666 1333 οὐδὲ
707 1274 780 1349 μὴ
819 1274 1228 1350 περιβάλωνται
1269 1274 1376 1333 ἀπὸ
1406 1279 1519 1333 των
1550 1282 1730 1349 ἔργων

121 1357 329 1418 αὐτῶν·
376 1358 441 1416 τά
472 1357 576 1434 γὰρ
595 1366 727 1433 ἔργα
750 1358 936 1418 αὐτῶν
960 1367 1092 1435 ἔργα
1123 1358 1373 1434 ἀνομιάς,
1406 1365 1462 1418 οἱ
1481 1361 1542 1418 δὲ
1562 1360 1729 1427 πόδες

58 1474 97 1504 15
122 1443 308 1502 αὐτῶν
341 1447 431 1502 ἐπὶ
461 1451 737 1518 πονηρίαν
774 1448 1053 1518 τρέχουσι·
1108 1449 1320 1518 ταχινοὶ
1362 1448 1542 1519 ἐκχέαι
1574 1451 1727 1519 αἱμα,

121 1531 212 1586 καὶ
242 1534 299 1586 οἱ
327 1531 671 1603 διαλογισμοὶ
694 1525 880 1587 αὐτῶν
904 1532 1249 1603 διαλογισμοὶ
1274 1528 1563 1602 ἀφρόνων·
1596 1530 1728 1588 σύν-

119 1639 321 1688 τριμμα
352 1617 443 1671 καὶ
465 1621 810 1686 ταλαιπωρία
833 1618 892 1671 ἐν
911 1629 1028 1680 ταῖς
1052 1613 1203 1680 ὁδοῖς
1226 1613 1429 1686 αὐτῶν,
1462 1619 1525 1670 αἰ
1549 1620 1729 1687 τρίβοι

120 1696 304 1756 αὐτῶν
337 1699 779 1771 διεστραμμέναι,
810 1695 874 1764 ἃς
907 1698 1280 1771 διοδεύουσιν,
1311 1701 1404 1756 καὶ
1433 1697 1539 1755 οὐκ
1569 1704 1727 1756 οῖ’δα-
1750 1729 1817 1772 [39]

119 1802 209 1841 σιν
241 1781 484 1857 εἰρήνην.
545 1788 628 1839 28.
665 1781 756 1839 διὰ
786 1787 948 1840 τοῦτο
979 1781 1187 1856 ἀπέστη
1219 1782 1252 1856 ἡ
1284 1790 1462 1856 κρίσις
1493 1780 1589 1840 ἀπ’
1624 1781 1728 1839 αύ-

56 1896 96 1926 20
119 1873 261 1940 τῶν,
294 1869 386 1925 καὶ
417 1865 484 1924 οὐ
517 1866 591 1941 μὴ
623 1866 907 1942 καταλάβῃ
939 1865 1140 1934 αὐτοὺς
1174 1866 1516 1940 δικαιοσύνη.
1587 1869 1730 1925 ὑπο-

117 1951 427 2026 μεινάντων
466 1957 619 2025 ‹pc-39,
674 1954 888 2024 ἐγένετο
929 1951 1119 2021 αὐτοῖς
1169 1951 1384 2020 σκότος’
1439 1959 1726 2025 μείναντες
1752 1984 1770 2006 c

119 2034 326 2111 αὐγὴν,
369 2040 429 2095 ἐν
469 2035 647 2113 ἀωρία
686 2036 1111 2111 περιεπάτησαν.
1189 2035 1615 2111 ψηλαφήσουσιν
1656 2035 1728 2103 ὡς

118 2124 316 2195 τυφλοὶ
358 2137 570 2196 τοῖχον,
612 2124 704 2179 καὶ
748 2121 821 2190 ὡς
861 2120 963 2196 οὐχ
1010 2118 1376 2196 ὑπαρχόντων
1416 2118 1729 2196 ὀφθαλμῶν

9 2280 10 2283 ¹
119 2205 542 2280 ψηλαφήσουσι,
586 2210 887 2265 πεσοῦνται
929 2212 990 2265 ἐν
1027 2214 1342 2283 μεσημβρία
1374 2203 1447 2275 ὥς
1479 2210 1539 2265 ἐν
1568 2226 1727 2280 μεσο-

56 2318 97 2350 25
119 2299 354 2369 νυκτίςο“
403 2288 474 2358 ὦς
515 2289 966 2365 ἀποθνήσκοντες
1009 2292 1390 2361 στενάξουσιν·
1450 2290 1521 2359 ὡς
1562 2290 1729 2366 ἄρκος

118 2379 210 2434 καὶ
227 2375 521 2452 περιστερά
541 2375 653 2450 ἅμα
675 2375 1093 2451 πορεύσονται.”
1139 2375 1317 2435 καὶτὰ
1345 2379 1482 2450 ἑξῆς.
1535 2381 1619 2433 29.
1646 2376 1728 2441 οἷς

122 2464 358 2534 ἐπιλέγει
382 2459 515 2519 “acal
544 2461 967 2536 φοβηθήσονται
990 2466 1048 2520 οἱ
1074 2459 1180 2519 ἀπὸ
1215 2466 1444 2535 δυσμῶν
1465 2459 1524 2518 τὸ
1555 2459 1728 2533 ὄνομα

119 2552 345 2619 κυρίου,
378 2549 471 2604 καὶ
501 2552 559 2604 oc
584 2543 690 2604 ἀπὸ
721 2543 1006 2606 ἀνατολῶν
1037 2545 1227 2620 ἡλίου,
1258 2545 1318 2604 τὸ
1348 2544 1521 2619 ὄνομα
1551 2543 1610 2602 τὸ
1642 2550 1728 2603 ε”ν-

123 2627 342 2699 δοξον.”

10 2770 26 2799 ¹„
58 2742 99 2773 30
244 2711 404 2772 Ἀλλά
435 2714 538 2788 γὰρ
570 2724 846 2774 πλείστων
883 2715 1030 2775 ὅσων
1061 2715 1247 2774 οὐσῶν
1277 2717 1402 2790 περὶ
1433 2718 1527 2787 τῆς
1559 2710 1728 2786 αὐτῆς

234 2911 288 2950 26
319 2909 576 2961 Es.59,19.
