<?xml version="1.0" encoding="UTF-8"?>
<!DOCTYPE html PUBLIC "-//W3C//DTD XHTML 1.0 Transitional//EN"
    "http://www.w3.org/TR/xhtml1/DTD/xhtml1-transitional.dtd">
<html xmlns="http://www.w3.org/1999/xhtml" xml:lang="en" lang="en">
 <head>
  <title>
</title>
<meta http-equiv="Content-Type" content="text/html;charset=utf-8" />
  <meta name='ocr-system' content='tesseract 3.04.00' />
  <meta name='ocr-capabilities' content='ocr_page ocr_carea ocr_par ocr_line ocrx_word'/>
</head>
<body>
  <div class='ocr_page' id='page_1' title='image "./operaeusebius03euseuoft_0453.png"; bbox 0 0 1992 3186; ppageno 0'>
   <div class='ocr_carea' id='block_1_1' title="bbox 569 117 1770 169">
    <p class='ocr_par' dir='ltr' id='par_1_1' title="bbox 569 117 1770 169">
     <span class='ocr_line' id='line_1_1' title="bbox 569 117 1770 169; baseline 0.009 -10"><span class='ocrx_word' id='word_1_1' title='bbox 569 118 876 160; x_wconf 82' lang='lat' dir='ltr'>DEMONST.</span> <span class='ocrx_word' id='word_1_2' title='bbox 907 119 1127 160; x_wconf 82' lang='lat' dir='ltr'><strong>EVANG.</strong></span> <span class='ocrx_word' id='word_1_3' title='bbox 1158 120 1260 160; x_wconf 82' lang='lat' dir='ltr'><em>vn.</em></span> <span class='ocrx_word' id='word_1_4' title='bbox 1297 122 1333 158; x_wconf 93' lang='lat'><em>1.</em></span> <span class='ocrx_word' id='word_1_5' title='bbox 1665 117 1770 169; x_wconf 76' lang='lat'><em>429</em></span> 
     </span>
    </p>
   </div>
   <div class='ocr_carea' id='block_1_2' title="bbox 84 233 1820 2746">
    <p class='ocr_par' dir='ltr' id='par_1_2' title="bbox 84 233 1820 2408">
     <span class='ocr_line' id='line_1_2' title="bbox 161 233 1770 308; baseline -0.001 -15.977"><span class='ocrx_word' id='word_1_6' title='bbox 161 241 269 308; x_wconf 88' lang='grc' dir='ltr'><em>γῆν</em></span> <span class='ocrx_word' id='word_1_7' title='bbox 298 233 849 307; x_wconf 80' lang='grc' dir='ltr'><em>καταλειφθήσεσθαι</em></span> <span class='ocrx_word' id='word_1_8' title='bbox 879 233 1247 305; x_wconf 79' lang='grc' dir='ltr'><strong><em>ἀβασίλευτον</em></strong></span> <span class='ocrx_word' id='word_1_9' title='bbox 1276 240 1554 303; x_wconf 79' lang='grc' dir='ltr'><em>θεσπίζει,</em></span> <span class='ocrx_word' id='word_1_10' title='bbox 1604 241 1770 292; x_wconf 89' lang='grc' dir='ltr'><em>ποίαν</em></span> 
     </span>
     <span class='ocr_line' id='line_1_3' title="bbox 166 316 1768 391; baseline -0.001 -15"><span class='ocrx_word' id='word_1_11' title='bbox 166 321 228 376; x_wconf 87' lang='grc' dir='ltr'><em>δε</em></span> <span class='ocrx_word' id='word_1_12' title='bbox 256 325 366 391; x_wconf 86' lang='grc' dir='ltr'><em>γῆν</em></span> <span class='ocrx_word' id='word_1_13' title='bbox 394 316 427 391; x_wconf 79' lang='grc' dir='ltr'><em>ἢ</em></span> <span class='ocrx_word' id='word_1_14' title='bbox 459 318 563 391; x_wconf 87' lang='grc' dir='ltr'><em>τὴν</em></span> <span class='ocrx_word' id='word_1_15' title='bbox 591 323 704 375; x_wconf 85' lang='grc' dir='ltr'><em>τῶν</em></span> <span class='ocrx_word' id='word_1_16' title='bbox 729 322 1122 391; x_wconf 72' lang='grc' dir='ltr'><em>Δαμασκηνῶν</em></span> <span class='ocrx_word' id='word_1_17' title='bbox 1151 319 1242 375; x_wconf 87' lang='grc' dir='ltr'><em>καὶ</em></span> <span class='ocrx_word' id='word_1_18' title='bbox 1273 317 1375 391; x_wconf 84' lang='grc' dir='ltr'><em>τὴν</em></span> <span class='ocrx_word' id='word_1_19' title='bbox 1399 322 1495 376; x_wconf 82' lang='grc' dir='ltr'><em>τοῦ</em></span> <span class='ocrx_word' id='word_1_20' title='bbox 1523 316 1768 391; x_wconf 82' lang='grc' dir='ltr'><em>Ἰσραήλ;</em></span> 
     </span>
     <span class='ocr_line' id='line_1_4' title="bbox 160 395 1770 476; baseline -0.001 -16"><span class='ocrx_word' id='word_1_21' title='bbox 160 403 374 461; x_wconf 84' lang='grc' dir='ltr'><em>τούτων</em></span> <span class='ocrx_word' id='word_1_22' title='bbox 416 401 522 475; x_wconf 76' lang='grc' dir='ltr'><em>γὰρ</em></span> <span class='ocrx_word' id='word_1_23' title='bbox 561 395 707 475; x_wconf 80' lang='grc' dir='ltr'><em>ἦσαν</em></span> <span class='ocrx_word' id='word_1_24' title='bbox 748 407 805 460; x_wconf 78' lang='grc' dir='ltr'><em>οῖ</em></span> <span class='ocrx_word' id='word_1_25' title='bbox 840 402 941 460; x_wconf 83' lang='grc' dir='ltr'><em>δύο</em></span> <span class='ocrx_word' id='word_1_26' title='bbox 981 410 1228 476; x_wconf 81' lang='grc' dir='ltr'><strong><em>βασιλεῖς</em></strong></span> <span class='ocrx_word' id='word_1_27' title='bbox 1273 408 1331 459; x_wconf 76' lang='lat' dir='ltr'><em>oc</em></span> <span class='ocrx_word' id='word_1_28' title='bbox 1355 405 1480 474; x_wconf 87' lang='grc' dir='ltr'><em>περὶ</em></span> <span class='ocrx_word' id='word_1_29' title='bbox 1514 396 1593 460; x_wconf 85' lang='grc' dir='ltr'><em>ῶν</em></span> <span class='ocrx_word' id='word_1_30' title='bbox 1622 402 1650 459; x_wconf 84' lang='grc' dir='ltr'>ὁ</span> <span class='ocrx_word' id='word_1_31' title='bbox 1684 402 1770 459; x_wconf 88' lang='grc' dir='ltr'><em>λό-</em></span> 
     </span>
     <span class='ocr_line' id='line_1_5' title="bbox 159 483 1768 560; baseline -0.001 -16"><span class='ocrx_word' id='word_1_32' title='bbox 159 511 270 559; x_wconf 89' lang='grc' dir='ltr'><em>γος.</em></span> <span class='ocrx_word' id='word_1_33' title='bbox 334 512 413 544; x_wconf 89' lang='grc' dir='ltr'><em>ων</em></span> <span class='ocrx_word' id='word_1_34' title='bbox 442 486 471 544; x_wconf 83' lang='grc' dir='ltr'>ὁ</span> <span class='ocrx_word' id='word_1_35' title='bbox 492 485 656 560; x_wconf 82' lang='grc' dir='ltr'><em>’Ἀχαζ</em></span> <span class='ocrx_word' id='word_1_36' title='bbox 682 486 785 560; x_wconf 83' lang='grc' dir='ltr'><em>τὴν</em></span> <span class='ocrx_word' id='word_1_37' title='bbox 815 492 924 560; x_wconf 89' lang='grc' dir='ltr'><em>γῆν</em></span> <span class='ocrx_word' id='word_1_38' title='bbox 955 491 1283 560; x_wconf 86' lang='grc' dir='ltr'><em>ἐσίκχαινεν,</em></span> <span class='ocrx_word' id='word_1_39' title='bbox 1317 483 1351 560; x_wconf 80' lang='grc' dir='ltr'>ἢ</span> <span class='ocrx_word' id='word_1_40' title='bbox 1386 486 1768 559; x_wconf 81' lang='grc' dir='ltr'><em>ἐβδελύσσετο,</em></span> 
     </span>
     <span class='ocr_line' id='line_1_6' title="bbox 117 565 1769 644; baseline -0.001 -15"><span class='ocrx_word' id='word_1_41' title='bbox 117 570 499 644; x_wconf 76' lang='grc' dir='ltr'><em>5ἀποκοὲμνων</em></span> <span class='ocrx_word' id='word_1_42' title='bbox 538 569 572 643; x_wconf 78' lang='grc' dir='ltr'>ἢ</span> <span class='ocrx_word' id='word_1_43' title='bbox 617 577 867 644; x_wconf 84' lang='grc' dir='ltr'><em>ἐγκακῶν</em></span> <span class='ocrx_word' id='word_1_44' title='bbox 907 569 1003 628; x_wconf 75' lang='grc' dir='ltr'><em>ἀπ’</em></span> <span class='ocrx_word' id='word_1_45' title='bbox 1047 571 1232 644; x_wconf 80' lang='grc' dir='ltr'><em>αὐτῆς.</em></span> <span class='ocrx_word' id='word_1_46' title='bbox 1310 571 1430 628; x_wconf 88' lang='grc' dir='ltr'><em>πότ’</em></span> <span class='ocrx_word' id='word_1_47' title='bbox 1476 565 1580 628; x_wconf 77' lang='grc' dir='ltr'><em>οὖν</em></span> <span class='ocrx_word' id='word_1_48' title='bbox 1609 575 1769 628; x_wconf 85' lang='grc' dir='ltr'><em>τοῦτο</em></span> 
     </span>
     <span class='ocr_line' id='line_1_7' title="bbox 159 653 1770 729; baseline 0 -17"><span class='ocrx_word' id='word_1_49' title='bbox 159 658 416 728; x_wconf 85' lang='grc' dir='ltr'><em>γέγονεν;</em></span> <span class='ocrx_word' id='word_1_50' title='bbox 459 656 671 713; x_wconf 84' lang='grc' dir='ltr'><em>τούτων</em></span> <span class='ocrx_word' id='word_1_51' title='bbox 700 657 805 728; x_wconf 78' lang='grc' dir='ltr'><em>γὰρ</em></span> <span class='ocrx_word' id='word_1_52' title='bbox 838 659 1349 729; x_wconf 83' lang='grc' dir='ltr'><em>συμπερασθέντων</em></span> <span class='ocrx_word' id='word_1_53' title='bbox 1378 659 1526 712; x_wconf 83' lang='grc' dir='ltr'><em>πᾶσα</em></span> <span class='ocrx_word' id='word_1_54' title='bbox 1557 653 1770 728; x_wconf 80' lang='grc' dir='ltr'><em>ἀναγκη</em></span> 
     </span>
     <span class='ocr_line' id='line_1_8' title="bbox 161 739 1771 840; baseline 0.001 -44"><span class='ocrx_word' id='word_1_55' title='bbox 161 743 253 797; x_wconf 85' lang='grc' dir='ltr'><em>καὶ</em></span> <span class='ocrx_word' id='word_1_56' title='bbox 283 740 343 797; x_wconf 85' lang='grc' dir='ltr'><em>τὸ</em></span> <span class='ocrx_word' id='word_1_57' title='bbox 374 739 783 813; x_wconf 88' lang='grc' dir='ltr'><em>προλεγόμενον</em></span> <span class='ocrx_word' id='word_1_58' title='bbox 813 743 975 813; x_wconf 88' lang='grc' dir='ltr'><em>μέρος</em></span> <span class='ocrx_word' id='word_1_59' title='bbox 1005 747 1100 812; x_wconf 88' lang='grc' dir='ltr'><em>τῆς</em></span> <span class='ocrx_word' id='word_1_60' title='bbox 1131 747 1468 840; x_wconf 79' lang='grc' dir='ltr'><em>προφητείας</em></span> <span class='ocrx_word' id='word_1_61' title='bbox 1498 746 1575 807; x_wconf 82' lang='grc' dir='ltr'><em>εἰς</em></span> <span class='ocrx_word' id='word_1_62' title='bbox 1607 746 1771 812; x_wconf 80' lang='grc' dir='ltr'><em>ἔργον</em></span> 
     </span>
     <span class='ocr_line' id='line_1_9' title="bbox 160 823 1771 897; baseline 0.001 -17"><span class='ocrx_word' id='word_1_63' title='bbox 160 827 560 897; x_wconf 74' lang='grc' dir='ltr'><em>κεχωρηκέναι·</em></span> <span class='ocrx_word' id='word_1_64' title='bbox 621 830 783 882; x_wconf 85' lang='grc' dir='ltr'><em>τοῦτο</em></span> <span class='ocrx_word' id='word_1_65' title='bbox 825 826 888 881; x_wconf 73' lang='grc' dir='ltr'><em>δὲ</em></span> <span class='ocrx_word' id='word_1_66' title='bbox 926 826 997 895; x_wconf 82' lang='grc' dir='ltr'><em>ἠν</em></span> <span class='ocrx_word' id='word_1_67' title='bbox 1039 824 1099 880; x_wconf 86' lang='grc' dir='ltr'><em>τὸ</em></span> <span class='ocrx_word' id='word_1_68' title='bbox 1139 823 1242 896; x_wconf 85' lang='grc' dir='ltr'><em>τὴν</em></span> <span class='ocrx_word' id='word_1_69' title='bbox 1272 827 1559 897; x_wconf 80' lang='grc' dir='ltr'><em>παρθένον</em></span> <span class='ocrx_word' id='word_1_70' title='bbox 1588 838 1771 882; x_wconf 81' lang='grc' dir='ltr'><em>τεκεῖν</em></span> 
     </span>
     <span class='ocr_line' id='line_1_10' title="bbox 161 907 1819 981; baseline -0.001 -16"><span class='ocrx_word' id='word_1_71' title='bbox 161 908 257 965; x_wconf 82' lang='grc' dir='ltr'><em>τὸν</em></span> <span class='ocrx_word' id='word_1_72' title='bbox 300 907 430 981; x_wconf 84' lang='grc' dir='ltr'><em>μεθ’</em></span> <span class='ocrx_word' id='word_1_73' title='bbox 483 907 640 981; x_wconf 85' lang='grc' dir='ltr'><em>ἡμῶν</em></span> <span class='ocrx_word' id='word_1_74' title='bbox 683 907 834 965; x_wconf 81' lang='grc' dir='ltr'><em>θεόν.</em></span> <span class='ocrx_word' id='word_1_75' title='bbox 925 912 1009 965; x_wconf 83' lang='grc'><em>49.</em></span> <span class='ocrx_word' id='word_1_76' title='bbox 1073 911 1164 964; x_wconf 87' lang='grc' dir='ltr'><em>καὶ</em></span> <span class='ocrx_word' id='word_1_77' title='bbox 1219 908 1287 979; x_wconf 89' lang='grc' dir='ltr'><em>δὴ</em></span> <span class='ocrx_word' id='word_1_78' title='bbox 1333 907 1614 980; x_wconf 89' lang='grc' dir='ltr'><em>πρόδηλον</em></span> <span class='ocrx_word' id='word_1_79' title='bbox 1658 923 1819 974; x_wconf 70' lang='grc' dir='ltr'><em>τοῖςι)</em></span> 
     </span>
     <span class='ocr_line' id='line_1_11' title="bbox 96 991 1772 1065; baseline 0 -16"><span class='ocrx_word' id='word_1_80' title='bbox 96 1018 135 1049; x_wconf 87' lang='lat'><em>10</em></span> <span class='ocrx_word' id='word_1_81' title='bbox 159 992 254 1059; x_wconf 77' lang='grc' dir='ltr'><em>τὰς</em></span> <span class='ocrx_word' id='word_1_82' title='bbox 300 998 540 1064; x_wconf 71' lang='grc' dir='ltr'><em>ἱστορίας</em></span> <span class='ocrx_word' id='word_1_83' title='bbox 589 991 927 1060; x_wconf 76' lang='grc' dir='ltr'><em>ἐξετάζουσιν</em></span> <span class='ocrx_word' id='word_1_84' title='bbox 968 991 1041 1058; x_wconf 80' lang='grc' dir='ltr'><em>ῶς</em></span> <span class='ocrx_word' id='word_1_85' title='bbox 1082 994 1240 1065; x_wconf 84' lang='grc' dir='ltr'><em>μέχρι</em></span> <span class='ocrx_word' id='word_1_86' title='bbox 1280 995 1383 1064; x_wconf 74' lang='grc' dir='ltr'><em>μὲν</em></span> <span class='ocrx_word' id='word_1_87' title='bbox 1412 997 1524 1049; x_wconf 90' lang='grc' dir='ltr'><em>τῶν</em></span> <span class='ocrx_word' id='word_1_88' title='bbox 1555 992 1772 1065; x_wconf 86' lang='grc' dir='ltr'><em>χρόνων</em></span> 
     </span>
     <span class='ocr_line' id='line_1_12' title="bbox 158 1075 1770 1149; baseline 0 -17"><span class='ocrx_word' id='word_1_89' title='bbox 158 1081 254 1147; x_wconf 82' lang='grc' dir='ltr'><em>τῆς</em></span> <span class='ocrx_word' id='word_1_90' title='bbox 299 1080 623 1147; x_wconf 81' lang='grc' dir='ltr'><em>ἐπιφανείας</em></span> <span class='ocrx_word' id='word_1_91' title='bbox 663 1082 761 1132; x_wconf 86' lang='grc' dir='ltr'><em>τοῦ</em></span> <span class='ocrx_word' id='word_1_92' title='bbox 802 1079 1047 1148; x_wconf 80' lang='grc' dir='ltr'><em>σωτῆρος</em></span> <span class='ocrx_word' id='word_1_93' title='bbox 1086 1076 1247 1149; x_wconf 81' lang='grc' dir='ltr'><em>ἡμῶν</em></span> <span class='ocrx_word' id='word_1_94' title='bbox 1283 1075 1463 1148; x_wconf 81' lang='grc' dir='ltr'><em>Ἰησοῦ</em></span> <span class='ocrx_word' id='word_1_95' title='bbox 1501 1083 1598 1132; x_wconf 85' lang='grc' dir='ltr'><em>τοῦ</em></span> <span class='ocrx_word' id='word_1_96' title='bbox 1640 1086 1770 1146; x_wconf 89' lang='grc' dir='ltr'><em>Χρι-</em></span> 
     </span>
     <span class='ocr_line' id='line_1_13' title="bbox 159 1159 1771 1232; baseline 0 -15"><span class='ocrx_word' id='word_1_97' title='bbox 159 1164 291 1218; x_wconf 84' lang='grc' dir='ltr'><em>στοῦ</em></span> <span class='ocrx_word' id='word_1_98' title='bbox 338 1162 430 1217; x_wconf 79' lang='grc' dir='ltr'><em>καὶ</em></span> <span class='ocrx_word' id='word_1_99' title='bbox 471 1163 560 1218; x_wconf 85' lang='grc' dir='ltr'><em>ἐπὶ</em></span> <span class='ocrx_word' id='word_1_100' title='bbox 599 1165 695 1232; x_wconf 80' lang='grc' dir='ltr'><em>τῆς</em></span> <span class='ocrx_word' id='word_1_101' title='bbox 727 1166 1036 1232; x_wconf 84' lang='grc' dir='ltr'><em>Δαμασκοῦ</em></span> <span class='ocrx_word' id='word_1_102' title='bbox 1078 1160 1427 1232; x_wconf 83' lang='grc' dir='ltr'><em>συνειστήκει</em></span> <span class='ocrx_word' id='word_1_103' title='bbox 1457 1159 1516 1217; x_wconf 84' lang='grc' dir='ltr'><em>τὸ</em></span> <span class='ocrx_word' id='word_1_104' title='bbox 1551 1163 1610 1216; x_wconf 84' lang='grc' dir='ltr'><em>ἐκ</em></span> <span class='ocrx_word' id='word_1_105' title='bbox 1640 1184 1771 1231; x_wconf 87' lang='grc' dir='ltr'><em>προ-</em></span> 
     </span>
     <span class='ocr_line' id='line_1_14' title="bbox 159 1243 1772 1318; baseline 0 -17"><span class='ocrx_word' id='word_1_106' title='bbox 159 1243 343 1316; x_wconf 88' lang='grc' dir='ltr'><em>γόνων</em></span> <span class='ocrx_word' id='word_1_107' title='bbox 386 1250 647 1318; x_wconf 80' lang='grc' dir='ltr'><em>διαδοχῆς</em></span> <span class='ocrx_word' id='word_1_108' title='bbox 687 1252 982 1316; x_wconf 87' lang='grc' dir='ltr'><em>βασίλειον.</em></span> <span class='ocrx_word' id='word_1_109' title='bbox 1058 1248 1325 1318; x_wconf 85' lang='grc' dir='ltr'><em>μέμνηται</em></span> <span class='ocrx_word' id='word_1_110' title='bbox 1369 1247 1508 1316; x_wconf 76' lang='grc' dir='ltr'><em>γοῦν</em></span> <span class='ocrx_word' id='word_1_111' title='bbox 1550 1244 1579 1302; x_wconf 86' lang='grc' dir='ltr'>ὁ</span> <span class='ocrx_word' id='word_1_112' title='bbox 1627 1245 1772 1316; x_wconf 75' lang='grc' dir='ltr'><em>ἱερὸς</em></span> 
     </span>
     <span class='ocr_line' id='line_1_15' title="bbox 159 1325 1773 1402; baseline 0.001 -18"><span class='ocrx_word' id='word_1_113' title='bbox 159 1325 462 1394; x_wconf 74' lang='grc' dir='ltr'><em>ἀπόστολος</em></span> <span class='ocrx_word' id='word_1_114' title='bbox 479 1327 671 1400; x_wconf 87' lang='grc' dir='ltr'><em>Ἀρέτα</em></span> <span class='ocrx_word' id='word_1_115' title='bbox 695 1331 795 1386; x_wconf 80' lang='grc' dir='ltr'><em>τοῦ</em></span> <span class='ocrx_word' id='word_1_116' title='bbox 818 1331 1086 1400; x_wconf 88' lang='grc' dir='ltr'><em>βασιλέως</em></span> <span class='ocrx_word' id='word_1_117' title='bbox 1110 1335 1522 1402; x_wconf 76' lang='grc' dir='ltr'><em>Δαμασκηνῶν,</em></span> <span class='ocrx_word' id='word_1_118' title='bbox 1557 1332 1648 1386; x_wconf 86' lang='grc' dir='ltr'><em>καὶ</em></span> <span class='ocrx_word' id='word_1_119' title='bbox 1671 1333 1773 1386; x_wconf 80' lang='grc' dir='ltr'><em>τοῦ</em></span> 
     </span>
     <span class='ocr_line' id='line_1_16' title="bbox 98 1409 1772 1486; baseline 0.002 -18"><span class='ocrx_word' id='word_1_120' title='bbox 98 1437 138 1469; x_wconf 84' lang='lat'><em>15</em></span> <span class='ocrx_word' id='word_1_121' title='bbox 154 1409 442 1470; x_wconf 88' lang='grc' dir='ltr'><em>Ἰουδαίων</em></span> <span class='ocrx_word' id='word_1_122' title='bbox 490 1414 551 1469; x_wconf 72' lang='grc' dir='ltr'><em>δὲ</em></span> <span class='ocrx_word' id='word_1_123' title='bbox 597 1420 803 1479; x_wconf 80' lang='grc' dir='ltr'><em>ἔθνους</em></span> <span class='ocrx_word' id='word_1_124' title='bbox 839 1411 872 1484; x_wconf 81' lang='grc' dir='ltr'>ἡ</span> <span class='ocrx_word' id='word_1_125' title='bbox 917 1411 1144 1479; x_wconf 77' lang='grc' dir='ltr'><em>ἄτακτος</em></span> <span class='ocrx_word' id='word_1_126' title='bbox 1184 1416 1276 1470; x_wconf 87' lang='grc' dir='ltr'><em>καὶ</em></span> <span class='ocrx_word' id='word_1_127' title='bbox 1315 1413 1382 1470; x_wconf 86' lang='grc' dir='ltr'><em>οὐ</em></span> <span class='ocrx_word' id='word_1_128' title='bbox 1424 1413 1561 1470; x_wconf 80' lang='grc' dir='ltr'><em>κατὰ</em></span> <span class='ocrx_word' id='word_1_129' title='bbox 1599 1412 1772 1486; x_wconf 87' lang='grc' dir='ltr'><em>νόμον</em></span> 
     </span>
     <span class='ocr_line' id='line_1_17' title="bbox 162 1495 1771 1569; baseline 0.001 -17"><span class='ocrx_word' id='word_1_130' title='bbox 162 1498 327 1553; x_wconf 84' lang='grc' dir='ltr'><em>εἰσέτι</em></span> <span class='ocrx_word' id='word_1_131' title='bbox 355 1496 476 1554; x_wconf 88' lang='grc' dir='ltr'><em>τότε</em></span> <span class='ocrx_word' id='word_1_132' title='bbox 510 1499 727 1568; x_wconf 86' lang='grc' dir='ltr'><em>διέμενε</em></span> <span class='ocrx_word' id='word_1_133' title='bbox 758 1503 1040 1568; x_wconf 87' lang='grc' dir='ltr'><em>βασιλεία·</em></span> <span class='ocrx_word' id='word_1_134' title='bbox 1087 1496 1153 1554; x_wconf 86' lang='grc' dir='ltr'><em>οὐ</em></span> <span class='ocrx_word' id='word_1_135' title='bbox 1178 1495 1280 1569; x_wconf 76' lang='grc' dir='ltr'><em>γαρ</em></span> <span class='ocrx_word' id='word_1_136' title='bbox 1305 1496 1412 1553; x_wconf 81' lang='grc' dir='ltr'><em>ἀπὸ</em></span> <span class='ocrx_word' id='word_1_137' title='bbox 1437 1501 1632 1568; x_wconf 80' lang='grc' dir='ltr'><em>γένους</em></span> <span class='ocrx_word' id='word_1_138' title='bbox 1656 1507 1771 1554; x_wconf 87' lang='grc' dir='ltr'><em>Δα-</em></span> 
     </span>
     <span class='ocr_line' id='line_1_18' title="bbox 162 1578 1778 1655; baseline 0.001 -19"><span class='ocrx_word' id='word_1_139' title='bbox 162 1582 258 1652; x_wconf 82' lang='grc' dir='ltr'><em>βὶδ</em></span> <span class='ocrx_word' id='word_1_140' title='bbox 289 1587 491 1654; x_wconf 83' lang='grc' dir='ltr'><em>ἔφερον</em></span> <span class='ocrx_word' id='word_1_141' title='bbox 519 1580 621 1653; x_wconf 81' lang='grc' dir='ltr'><em>τὴν</em></span> <span class='ocrx_word' id='word_1_142' title='bbox 651 1587 746 1652; x_wconf 85' lang='grc' dir='ltr'><em>τῆς</em></span> <span class='ocrx_word' id='word_1_143' title='bbox 777 1580 947 1654; x_wconf 79' lang='grc' dir='ltr'><em>ἀρχῆς</em></span> <span class='ocrx_word' id='word_1_144' title='bbox 981 1580 1248 1655; x_wconf 81' lang='grc' dir='ltr'><em>διαδοχὴν</em></span> <span class='ocrx_word' id='word_1_145' title='bbox 1272 1578 1551 1653; x_wconf 76' lang='grc' dir='ltr'><em>Ἡρώδης,</em></span> <span class='ocrx_word' id='word_1_146' title='bbox 1596 1583 1689 1637; x_wconf 85' lang='grc' dir='ltr'><em>καὶ</em></span> <span class='ocrx_word' id='word_1_147' title='bbox 1719 1585 1778 1638; x_wconf 72' lang='grc' dir='ltr'><em>οὗ</em></span> 
     </span>
     <span class='ocr_line' id='line_1_19' title="bbox 162 1661 1773 1766; baseline -0.001 -44"><span class='ocrx_word' id='word_1_148' title='bbox 162 1661 279 1736; x_wconf 90' lang='grc' dir='ltr'><em>μετ’</em></span> <span class='ocrx_word' id='word_1_149' title='bbox 315 1663 486 1721; x_wconf 80' lang='grc' dir='ltr'><em>αὐτὸν</em></span> <span class='ocrx_word' id='word_1_150' title='bbox 511 1667 600 1722; x_wconf 84' lang='grc' dir='ltr'><em>ἐπὶ</em></span> <span class='ocrx_word' id='word_1_151' title='bbox 623 1670 722 1721; x_wconf 85' lang='grc' dir='ltr'><em>τοῦ</em></span> <span class='ocrx_word' id='word_1_152' title='bbox 746 1668 988 1736; x_wconf 83' lang='grc' dir='ltr'><em>σωτῆρος</em></span> <span class='ocrx_word' id='word_1_153' title='bbox 1012 1664 1171 1737; x_wconf 84' lang='grc' dir='ltr'><em>ἡμῶν</em></span> <span class='ocrx_word' id='word_1_154' title='bbox 1193 1664 1496 1766; x_wconf 82' lang='grc' dir='ltr'><em>γενόμενοι.</em></span> <span class='ocrx_word' id='word_1_155' title='bbox 1529 1669 1612 1722; x_wconf 79' lang='lat'><em>50.</em></span> <span class='ocrx_word' id='word_1_156' title='bbox 1638 1663 1773 1738; x_wconf 73' lang='grc' dir='ltr'><em>μετα</em></span> 
     </span>
     <span class='ocr_line' id='line_1_20' title="bbox 163 1746 1820 1849; baseline 0 -45"><span class='ocrx_word' id='word_1_157' title='bbox 163 1749 225 1804; x_wconf 89' lang='grc' dir='ltr'><em>δε</em></span> <span class='ocrx_word' id='word_1_158' title='bbox 253 1773 356 1849; x_wconf 82' lang='grc' dir='ltr'><em>την</em></span> <span class='ocrx_word' id='word_1_159' title='bbox 388 1748 718 1819; x_wconf 85' lang='grc' dir='ltr'><em>ε’πιφανειαν</em></span> <span class='ocrx_word' id='word_1_160' title='bbox 741 1746 912 1806; x_wconf 81' lang='grc' dir='ltr'><em>αυτοῦ</em></span> <span class='ocrx_word' id='word_1_161' title='bbox 944 1752 1034 1806; x_wconf 85' lang='grc' dir='ltr'><em>καὶ</em></span> <span class='ocrx_word' id='word_1_162' title='bbox 1057 1747 1117 1805; x_wconf 84' lang='grc' dir='ltr'>τό</span> <span class='ocrx_word' id='word_1_163' title='bbox 1149 1747 1508 1821; x_wconf 80' lang='grc' dir='ltr'><em>εὐαγγελικόν</em></span> <span class='ocrx_word' id='word_1_164' title='bbox 1535 1755 1611 1815; x_wconf 88' lang='grc' dir='ltr'><em>είς</em></span> <span class='ocrx_word' id='word_1_165' title='bbox 1635 1772 1771 1805; x_wconf 90' lang='grc' dir='ltr'><em>παν-</em></span> <span class='ocrx_word' id='word_1_166' title='bbox 1802 1782 1820 1804; x_wconf 79' lang='lat' dir='ltr'>e</span> 
     </span>
     <span class='ocr_line' id='line_1_21' title="bbox 97 1829 1773 1915; baseline 0.001 -26"><span class='ocrx_word' id='word_1_167' title='bbox 97 1857 138 1889; x_wconf 79' lang='lat'><em>20</em></span> <span class='ocrx_word' id='word_1_168' title='bbox 160 1856 256 1898; x_wconf 90' lang='grc' dir='ltr'><em>τας</em></span> <span class='ocrx_word' id='word_1_169' title='bbox 285 1829 624 1905; x_wconf 79' lang='grc' dir='ltr'><em>ανθρώπους</em></span> <span class='ocrx_word' id='word_1_170' title='bbox 653 1837 752 1890; x_wconf 84' lang='grc' dir='ltr'><em>τοῦ</em></span> <span class='ocrx_word' id='word_1_171' title='bbox 785 1836 844 1889; x_wconf 84' lang='grc' dir='ltr'><em>ἐκ</em></span> <span class='ocrx_word' id='word_1_172' title='bbox 861 1836 956 1905; x_wconf 81' lang='grc' dir='ltr'><em>τῆς</em></span> <span class='ocrx_word' id='word_1_173' title='bbox 979 1835 1268 1906; x_wconf 82' lang='grc' dir='ltr'><em>παρθένου</em></span> <span class='ocrx_word' id='word_1_174' title='bbox 1292 1832 1486 1899; x_wconf 83' lang='grc' dir='ltr'><em>παιδὸς</em></span> <span class='ocrx_word' id='word_1_175' title='bbox 1517 1833 1773 1915; x_wconf 84' lang='grc' dir='ltr'><em>κήρυγμα</em></span> 
     </span>
     <span class='ocr_line' id='line_1_22' title="bbox 84 1915 1773 1990; baseline 0.001 -17"><span class='ocrx_word' id='word_1_176' title='bbox 84 1931 90 1935; x_wconf 91' lang='grc'><em>“</em></span> <span class='ocrx_word' id='word_1_177' title='bbox 161 1919 578 1974; x_wconf 80' lang='grc' dir='ltr'><em>καταλέλειπται</em></span> <span class='ocrx_word' id='word_1_178' title='bbox 609 1915 808 1974; x_wconf 82' lang='grc' dir='ltr'><em>αὐτίκα</em></span> <span class='ocrx_word' id='word_1_179' title='bbox 838 1942 872 1989; x_wconf 90' lang='grc' dir='ltr'><em>η</em></span> <span class='ocrx_word' id='word_1_180' title='bbox 904 1922 972 1990; x_wconf 85' lang='grc' dir='ltr'><em>γῆ</em></span> <span class='ocrx_word' id='word_1_181' title='bbox 1004 1916 1111 1974; x_wconf 82' lang='grc' dir='ltr'><em>ἀπὸ</em></span> <span class='ocrx_word' id='word_1_182' title='bbox 1143 1917 1442 1987; x_wconf 76' lang='grc' dir='ltr'><em>προσώπου</em></span> <span class='ocrx_word' id='word_1_183' title='bbox 1465 1932 1586 1975; x_wconf 86' lang='grc' dir='ltr'><em>τοῖν</em></span> <span class='ocrx_word' id='word_1_184' title='bbox 1611 1923 1773 1975; x_wconf 84' lang='grc' dir='ltr'><em>δυοῖν</em></span> 
     </span>
     <span class='ocr_line' id='line_1_23' title="bbox 162 2000 1773 2075; baseline 0.001 -18"><span class='ocrx_word' id='word_1_185' title='bbox 162 2004 451 2071; x_wconf 88' lang='grc' dir='ltr'><em>βασιλέων.</em></span> <span class='ocrx_word' id='word_1_186' title='bbox 527 2005 580 2069; x_wconf 83' lang='grc' dir='ltr'><em>ἐξ</em></span> <span class='ocrx_word' id='word_1_187' title='bbox 627 2005 842 2058; x_wconf 83' lang='grc' dir='ltr'><em>ἐκείνου</em></span> <span class='ocrx_word' id='word_1_188' title='bbox 881 2027 988 2074; x_wconf 87' lang='grc' dir='ltr'><em>γαρ</em></span> <span class='ocrx_word' id='word_1_189' title='bbox 1029 2007 1123 2073; x_wconf 88' lang='grc' dir='ltr'><em>τῆς</em></span> <span class='ocrx_word' id='word_1_190' title='bbox 1154 2000 1435 2075; x_wconf 88' lang='grc' dir='ltr'><em>Ρωμαίων</em></span> <span class='ocrx_word' id='word_1_191' title='bbox 1474 2009 1773 2075; x_wconf 87' lang='grc' dir='ltr'><em>μοναρχίας</em></span> 
     </span>
     <span class='ocr_line' id='line_1_24' title="bbox 162 2083 1771 2159; baseline 0.001 -19"><span class='ocrx_word' id='word_1_192' title='bbox 162 2089 276 2141; x_wconf 82' lang='grc' dir='ltr'><em>τῶν</em></span> <span class='ocrx_word' id='word_1_193' title='bbox 314 2089 500 2142; x_wconf 83' lang='grc' dir='ltr'><em>ἐθνῶν</em></span> <span class='ocrx_word' id='word_1_194' title='bbox 551 2087 987 2159; x_wconf 77' lang='grc' dir='ltr'><em>ἐπικρατησάσης</em></span> <span class='ocrx_word' id='word_1_195' title='bbox 1029 2088 1223 2143; x_wconf 84' lang='grc' dir='ltr'><em>λέλυτο</em></span> <span class='ocrx_word' id='word_1_196' title='bbox 1262 2087 1365 2159; x_wconf 74' lang='grc' dir='ltr'><em>μὲν</em></span> <span class='ocrx_word' id='word_1_197' title='bbox 1406 2090 1498 2142; x_wconf 82' lang='grc' dir='ltr'><em>καὶ</em></span> <span class='ocrx_word' id='word_1_198' title='bbox 1550 2091 1698 2142; x_wconf 83' lang='grc' dir='ltr'><em>πᾶσα</em></span> <span class='ocrx_word' id='word_1_199' title='bbox 1738 2083 1771 2157; x_wconf 78' lang='grc' dir='ltr'><em>ἡ</em></span> 
     </span>
     <span class='ocr_line' id='line_1_25' title="bbox 162 2166 1772 2243; baseline 0.001 -18"><span class='ocrx_word' id='word_1_200' title='bbox 162 2166 298 2226; x_wconf 72' lang='grc' dir='ltr'><em>κατὰ</em></span> <span class='ocrx_word' id='word_1_201' title='bbox 338 2169 467 2235; x_wconf 79' lang='grc' dir='ltr'><em>τοὺς</em></span> <span class='ocrx_word' id='word_1_202' title='bbox 506 2169 708 2235; x_wconf 90' lang='grc' dir='ltr'><em>τόπους</em></span> <span class='ocrx_word' id='word_1_203' title='bbox 742 2174 1011 2243; x_wconf 84' lang='grc' dir='ltr'><em>ἐθναρχία</em></span> <span class='ocrx_word' id='word_1_204' title='bbox 1055 2193 1115 2227; x_wconf 86' lang='grc' dir='ltr'><em>τε</em></span> <span class='ocrx_word' id='word_1_205' title='bbox 1145 2173 1237 2227; x_wconf 84' lang='grc' dir='ltr'><em>καὶ</em></span> <span class='ocrx_word' id='word_1_206' title='bbox 1269 2177 1588 2243; x_wconf 89' lang='grc' dir='ltr'><em>πολιαρχία,</em></span> <span class='ocrx_word' id='word_1_207' title='bbox 1620 2172 1772 2236; x_wconf 87' lang='grc' dir='ltr'><em>τέλος</em></span> 
     </span>
     <span class='ocr_line' id='line_1_26' title="bbox 99 2251 1774 2328; baseline 0.002 -21"><span class='ocrx_word' id='word_1_208' title='bbox 99 2275 140 2307; x_wconf 84' lang='lat'><em>25</em></span> <span class='ocrx_word' id='word_1_209' title='bbox 165 2253 225 2309; x_wconf 73' lang='grc' dir='ltr'><em>δὲ</em></span> <span class='ocrx_word' id='word_1_210' title='bbox 266 2251 400 2325; x_wconf 71' lang='grc' dir='ltr'><em>μετὰ</em></span> <span class='ocrx_word' id='word_1_211' title='bbox 439 2257 552 2311; x_wconf 88' lang='grc' dir='ltr'><em>τῶν</em></span> <span class='ocrx_word' id='word_1_212' title='bbox 591 2253 775 2311; x_wconf 75' lang='grc' dir='ltr'><em>ἄλλων</em></span> <span class='ocrx_word' id='word_1_213' title='bbox 812 2257 904 2311; x_wconf 85' lang='grc' dir='ltr'><em>καὶ</em></span> <span class='ocrx_word' id='word_1_214' title='bbox 942 2255 1008 2311; x_wconf 79' lang='grc' dir='ltr'><em>τὰ</em></span> <span class='ocrx_word' id='word_1_215' title='bbox 1047 2257 1142 2328; x_wconf 81' lang='grc' dir='ltr'><em>τῆς</em></span> <span class='ocrx_word' id='word_1_216' title='bbox 1175 2258 1234 2312; x_wconf 84' lang='grc' dir='ltr'><em>ἐν</em></span> <span class='ocrx_word' id='word_1_217' title='bbox 1275 2257 1467 2328; x_wconf 87' lang='grc' dir='ltr'><em>χερσὶν</em></span> <span class='ocrx_word' id='word_1_218' title='bbox 1499 2253 1774 2327; x_wconf 75' lang='grc' dir='ltr'><em>ἐλάμβανε</em></span> 
     </span>
     <span class='ocr_line' id='line_1_27' title="bbox 163 2343 514 2408; baseline 0.011 -16"><span class='ocrx_word' id='word_1_219' title='bbox 163 2343 514 2408; x_wconf 87' lang='grc' dir='ltr'><em>προφητείας.</em></span> 
     </span>
    </p>

    <p class='ocr_par' dir='ltr' id='par_1_3' title="bbox 165 2415 1770 2662">
     <span class='ocr_line' id='line_1_28' title="bbox 289 2415 1768 2495; baseline 0 -19"><span class='ocrx_word' id='word_1_220' title='bbox 289 2426 371 2476; x_wconf 78' lang='lat'><em>51.</em></span> <span class='ocrx_word' id='word_1_221' title='bbox 398 2417 556 2494; x_wconf 78' lang='grc' dir='ltr'><em>Ῥητὰ</em></span> <span class='ocrx_word' id='word_1_222' title='bbox 584 2423 688 2494; x_wconf 74' lang='grc' dir='ltr'><em>μὲν</em></span> <span class='ocrx_word' id='word_1_223' title='bbox 717 2415 822 2480; x_wconf 82' lang='grc' dir='ltr'><em>οὖν</em></span> <span class='ocrx_word' id='word_1_224' title='bbox 851 2422 1010 2480; x_wconf 80' lang='grc' dir='ltr'><em>τάδε·</em></span> <span class='ocrx_word' id='word_1_225' title='bbox 1067 2422 1203 2495; x_wconf 88' lang='grc' dir='ltr'><em>πρὸς</em></span> <span class='ocrx_word' id='word_1_226' title='bbox 1235 2424 1295 2479; x_wconf 74' lang='grc' dir='ltr'><em>δὲ</em></span> <span class='ocrx_word' id='word_1_227' title='bbox 1329 2421 1582 2479; x_wconf 76' lang='grc' dir='ltr'><em>διάνοιαν</em></span> <span class='ocrx_word' id='word_1_228' title='bbox 1611 2418 1640 2477; x_wconf 83' lang='grc' dir='ltr'>ὁ</span> <span class='ocrx_word' id='word_1_229' title='bbox 1671 2424 1768 2492; x_wconf 82' lang='grc' dir='ltr'><em>τῆς</em></span> 
     </span>
     <span class='ocr_line' id='line_1_29' title="bbox 165 2505 1769 2579; baseline 0.001 -21"><span class='ocrx_word' id='word_1_230' title='bbox 165 2510 501 2574; x_wconf 82' lang='grc' dir='ltr'><em>προφητείας</em></span> <span class='ocrx_word' id='word_1_231' title='bbox 554 2505 712 2577; x_wconf 81' lang='grc' dir='ltr'><em>λόγος</em></span> <span class='ocrx_word' id='word_1_232' title='bbox 763 2505 978 2579; x_wconf 78' lang='grc' dir='ltr'><em>ἁπάσης</em></span> <span class='ocrx_word' id='word_1_233' title='bbox 1030 2511 1208 2578; x_wconf 83' lang='grc' dir='ltr'><em>ψυχῆς</em></span> <span class='ocrx_word' id='word_1_234' title='bbox 1259 2505 1320 2562; x_wconf 88' lang='grc' dir='ltr'><em>τὸ</em></span> <span class='ocrx_word' id='word_1_235' title='bbox 1364 2505 1633 2571; x_wconf 72' lang='grc' dir='ltr'><em>εὐσταθὲς</em></span> <span class='ocrx_word' id='word_1_236' title='bbox 1678 2507 1769 2560; x_wconf 82' lang='grc' dir='ltr'><em>καὶ</em></span> 
     </span>
     <span class='ocr_line' id='line_1_30' title="bbox 165 2589 1770 2662; baseline 0.002 -21"><span class='ocrx_word' id='word_1_237' title='bbox 165 2594 468 2656; x_wconf 83' lang='grc' dir='ltr'><em>γαληναῖον</em></span> <span class='ocrx_word' id='word_1_238' title='bbox 491 2591 581 2645; x_wconf 82' lang='grc' dir='ltr'><em>καὶ</em></span> <span class='ocrx_word' id='word_1_239' title='bbox 607 2596 891 2662; x_wconf 83' lang='grc' dir='ltr'><em>εἰρηναῖον</em></span> <span class='ocrx_word' id='word_1_240' title='bbox 914 2596 1169 2662; x_wconf 88' lang='grc' dir='ltr'><em>σημαίνει</em></span> <span class='ocrx_word' id='word_1_241' title='bbox 1191 2592 1286 2661; x_wconf 84' lang='grc' dir='ltr'><em>τῆς</em></span> <span class='ocrx_word' id='word_1_242' title='bbox 1309 2589 1404 2645; x_wconf 85' lang='grc' dir='ltr'><em>τὸν</em></span> <span class='ocrx_word' id='word_1_243' title='bbox 1424 2591 1770 2660; x_wconf 81' lang='grc' dir='ltr'><em>γεννηθέντα</em></span> 
     </span>
    </p>

    <p class='ocr_par' dir='ltr' id='par_1_4' title="bbox 103 2667 1819 2746">
     <span class='ocr_line' id='line_1_31' title="bbox 103 2667 1819 2746; baseline 0.003 -22"><span class='ocrx_word' id='word_1_244' title='bbox 103 2692 144 2724; x_wconf 85' lang='lat'><em>30</em></span> <span class='ocrx_word' id='word_1_245' title='bbox 167 2667 331 2740; x_wconf 80' lang='grc' dir='ltr'><em>θεὸν,</em></span> <span class='ocrx_word' id='word_1_246' title='bbox 381 2667 548 2728; x_wconf 77' lang='grc' dir='ltr'><em>αὐτὸν</em></span> <span class='ocrx_word' id='word_1_247' title='bbox 602 2673 670 2745; x_wconf 81' lang='grc' dir='ltr'><em>δὴ</em></span> <span class='ocrx_word' id='word_1_248' title='bbox 720 2673 817 2730; x_wconf 90' lang='grc' dir='ltr'><em>τὸν</em></span> <span class='ocrx_word' id='word_1_249' title='bbox 863 2672 1235 2746; x_wconf 65' lang='grc' dir='ltr'><em>Ἐμμανουήλ,</em></span> <span class='ocrx_word' id='word_1_250' title='bbox 1300 2675 1767 2745; x_wconf 80' lang='grc' dir='ltr'><em>παραδεξαμένης.</em></span> <span class='ocrx_word' id='word_1_251' title='bbox 1797 2699 1819 2729; x_wconf 61' lang='grc' dir='ltr'><em>ε</em></span> 
     </span>
    </p>
   </div>
   <div class='ocr_carea' id='block_1_3' title="bbox 167 2794 499 2800">
    <p class='ocr_par' dir='ltr' id='par_1_5' title="bbox 167 2794 499 2800">
     <span class='ocr_line' id='line_1_32' title="bbox 167 2794 499 2800; baseline 0 0"><span class='ocrx_word' id='word_1_252' title='bbox 167 2794 499 2800; x_wconf 95' lang='lat' dir='ltr'><em> </em></span> 
     </span>
    </p>
   </div>
   <div class='ocr_carea' id='block_1_4' title="bbox 283 2863 708 2914">
    <p class='ocr_par' dir='ltr' id='par_1_6' title="bbox 283 2863 708 2914">
     <span class='ocr_line' id='line_1_33' title="bbox 283 2863 708 2914; baseline 0.009 -13"><span class='ocrx_word' id='word_1_253' title='bbox 283 2865 333 2901; x_wconf 74' lang='lat'><em>14</em></span> <span class='ocrx_word' id='word_1_254' title='bbox 363 2865 402 2902; x_wconf 72' lang='lat'><em>2.</em></span> <span class='ocrx_word' id='word_1_255' title='bbox 428 2863 528 2904; x_wconf 81' lang='lat' dir='ltr'><strong>Cor.</strong></span> <span class='ocrx_word' id='word_1_256' title='bbox 557 2867 619 2914; x_wconf 88' lang='lat'><em>11,</em></span> <span class='ocrx_word' id='word_1_257' title='bbox 643 2867 708 2905; x_wconf 79' lang='lat'><strong>3-2.</strong></span> 
     </span>
    </p>
   </div>
  </div>
 </body>
</html>
