1992 3186
573 114 879 158 DEMONST.
906 114 1125 159 EVANG.
1156 115 1256 156 v11.
1287 116 1329 159 2.
1641 111 1744 165 467

645 282 776 343 Ἀπὸ
816 290 1049 359 Ψαλμοῦ
1080 293 1184 361 ρλα
1198 282 1225 343 ’.

260 403 345 456 28.
380 393 757 471 “Μνήσθητι,
810 397 999 473 κύριε,
1052 402 1151 456 τοῦ
1191 399 1385 471 Δαβὶδ
1432 399 1525 455 καὶ
1566 397 1746 471 πάσης

133 487 230 556 τῆς
269 481 579 556 πραΰτητος
621 480 817 540 αὐτοῦ·
874 478 948 549 ὦς
979 480 1159 555 ὤμοσε
1188 486 1265 559 τῷ
1287 487 1504 559 κυρίῳ,
1543 479 1746 555 ηὔξατο

133 571 211 645 τῷ
237 570 356 644 θεῷ
378 564 597 638 Ἰακώβ·
647 572 698 624 εί
736 564 1118 639 εἰσελεύσομαι
1159 572 1236 634 εἰς
1281 565 1546 639 σκήνωμα
1587 575 1746 624 οἴκου

90 675 110 707 5
133 675 260 724 μου,
283 656 333 708 εἰ
350 647 700 723 ἀναβήσομαι
721 652 813 708 ἐπὶ
827 658 1019 724 κλίνης
1040 653 1331 724 στρωμνῆς
1348 666 1481 723 μου·
1516 655 1566 708 εί
1584 647 1745 707 δώσω

133 733 315 793 ὕπνον
344 749 459 801 τοῖς
496 731 813 808 ὀφθαλμοῖς
851 759 987 808 μου,
1028 736 1122 791 καὶ
1161 748 1276 800 τοῖς
1307 732 1608 808 βλεφάροις
1637 758 1748 807 μου

135 819 480 892 νυσταγμόν,
521 820 613 876 καὶ
643 816 965 878 ἀναπαυσιν
993 830 1107 884 τοῖς
1136 817 1433 892 κροτάφοις
1453 841 1601 891 μου,
1644 821 1746 885 ἕως

133 904 200 960 οὐ
232 900 379 1004 εὕρω
409 901 580 960 τόπον
616 905 695 979 τῷ
733 907 939 979 κυρίῳ,
980 899 1245 975 σκήνωμα
1285 906 1363 960 τῶ
1392 904 1512 979 θεω
1533 901 1743 974 Ἰακώβ.

140 986 264 1044 ἰδοῦ
296 983 614 1059 ἠκούσαμεν
653 983 831 1057 αὐτὴν
878 989 938 1043 ἐν
961 983 1244 1060 Ἐφραθα,
1286 983 1524 1061 εὕρομεν
1570 983 1748 1058 αὐτὴν

71 1096 111 1127 10
137 1074 198 1128 ἐν
236 1084 350 1136 τοῖς
389 1074 601 1136 πεδίοις
639 1071 739 1127 τοῦ
779 1072 1018 1144 δρυμοῦ·
1077 1069 1511 1143 είσελευσόμεθα
1565 1075 1642 1135 εἰς
1679 1067 1746 1126 τὰ

132 1152 465 1227 σκηνώματα
497 1151 698 1225 αὐτοῦ,
730 1152 1191 1227 προσκυνήσομεν
1224 1160 1301 1220 εἰς
1328 1151 1429 1212 τὸν
1457 1151 1648 1226 τόπον,
1678 1145 1746 1211 οῦ

132 1245 369 1310 ἔστησαν
418 1242 477 1295 οἱ
521 1236 689 1305 πόδες
741 1234 969 1296 αῦτοῦ.”
1033 1242 1138 1296 29.
1182 1237 1293 1296 εἷθ’
1343 1241 1466 1311 ἑξῆς
1506 1239 1746 1310 ἐπιλέγει

122 1318 354 1380 Ἕνεκεν
382 1324 572 1394 Δαβὶδ
610 1324 708 1380 τοῦ
756 1321 962 1380 δούλου
991 1339 1134 1394 σου,
1178 1321 1250 1396 μὴ
1293 1319 1645 1396 ἆποστρέψης
1683 1319 1744 1379 τὸ

132 1404 430 1480 πρόσωπον
459 1409 559 1462 τοῦ
589 1410 832 1478 Χριστοῦ
863 1422 980 1465 σου,
1038 1403 1219 1479 ὤμοσε
1243 1404 1433 1480 κύριος
1456 1407 1533 1483 τῷ
1553 1407 1748 1478 Δαβὶδ

69 1515 109 1546 15
133 1487 434 1563 ἀλήθειαν,
477 1490 569 1546 καὶ
599 1486 667 1547 οῦ
695 1489 769 1562 μὴ
799 1487 1049 1565 ἆθετήσῃ
1081 1487 1278 1546 αὐτόνι
1323 1492 1382 1546 ἐκ
1404 1493 1626 1564 καρποῦ-
1649 1492 1747 1560 τῆς

133 1579 341 1639 κοιλίας
384 1591 486 1631 σου
525 1571 774 1646 θήσομαι
806 1576 895 1631 ἐπὶ
923 1573 1021 1631 τὸν
1050 1571 1263 1647 θρόνον
1302 1570 1461 1631 σου.”
1533 1577 1604 1629 30
1650 1574 1745 1629 καὶ

134 1660 385 1730 ἐπιφέρει
430 1656 642 1723 τούτοις
694 1660 873 1730 λέγων
905 1655 1065 1714 “guez
1106 1659 1411 1724 ἐξανατελῶ
1461 1658 1624 1731 κέρας
1655 1659 1746 1732 ,τῷ

133 1743 342 1814 Δαβὶδ,
365 1739 637 1814 ἡτοίμασα
661 1740 867 1814 λύχνον
889 1743 968 1818 τῷ
979 1744 1198 1818 Χριστῷ
1209 1757 1342 1813 μου·
1368 1738 1495 1806 τοῦς
1509 1739 1745 1813 ἐχθροὺς

134 1823 306 1883 αυτοῦ
338 1823 556 1882 ἐνδύσω
588 1824 886 1899 αἰσχύνην,
930 1827 1018 1882 ἐπὶ
1061 1826 1122 1881 δὲ
1152 1821 1326 1882 αὐτὸν
1357 1822 1652 1895 ἐξανθήσει
1681 1821 1742 1880 τὸ

72 1933 111 1966 2ο
135 1907 377 1982 ἁγίασμα
407 1906 558 1982 μου.’

260 1997 344 2050 31.
378 1993 629 2067 Συνᾴδει
656 1996 726 2064 τῇ
755 1990 859 2091 πρὸ
889 1980 1091 2065 ταύτης
1132 1994 1225 2049 καὶ
1264 1988 1298 2065 ἡ
1330 1995 1583 2066 παροῦσα
1612 2013 1745 2065 προ-

133 2083 360 2149 φητεία,
394 2079 454 2133 ἐκ
483 2077 739 2150 Βηθλεεμ
762 2075 860 2134 τὸν
882 2074 1402 2151 προκηρυττόμενον
1422 2075 1562 2134 θεὸν
1584 2097 1743 2148 προε-

133 2161 436 2219 λεύσεσθαι
489 2167 852 2234 σημαίνουσα.
933 2164 1094 2218 τοῦτο
1149 2160 1211 2219 δε
1261 2161 1364 2218 οὐν
1403 2156 1537 2218 αυτό
1575 2161 1670 2217 καὶ
1714 2154 1743 2215 ὁ

134 2247 323 2317 Δαβὶδ
353 2242 621 2320 πρότερον
650 2245 754 2317 μὲν
784 2241 1007 2317 ἀγνοῶν
1038 2242 1260 2317 εὔχεται
1289 2266 1438 2318 παρα
1466 2249 1566 2300 τοῦ
1591 2234 1742 2300 θεοῦ

1771 310 1859 353 [215]

1778 433 1796 456 e

73 2351 111 2382 25
135 2338 369 2401 μαθεῖν,
413 2326 511 2387 εἰτ’
558 2326 854 2402 εὐξάμενος
891 2327 1232 2387 παιδεύεται.
1294 2332 1378 2384 32.
1395 2325 1603 2398 ἐπειδὴ
1633 2349 1738 2398 γαρ
1764 2352 1855 2394 (347)

135 2413 395 2485 τετύχηκε
425 2416 672 2487 χρησμοῦ
701 2416 800 2470 τοῦ
830 2410 968 2487 πρὸς
999 2410 1168 2469 αὐτὸν
1200 2414 1262 2468 ἐν
1289 2414 1369 2487 τῷ
1393 2415 1603 2486 Ψαλμςό
1634 2406 1747 2481 φή-

136 2512 333 2561 σαντος
356 2491 455 2553 “ε’κ
486 2499 703 2571 καρποῦ
741 2499 837 2569 τῆς
868 2501 1077 2562 κοιλίας
1107 2513 1211 2552 σου
1251 2493 1497 2566 θήσομαι
1529 2495 1619 2549 ἐπὶ
1648 2491 1746 2549 τὸν

136 2577 347 2652 θρόνον
389 2576 546 2651 σου,”
593 2582 686 2637 καὶ
725 2572 893 2647 αὗθις
926 2578 1082 2637 “ε’κεῖ
1121 2580 1426 2645 ἐξανατελῶ
1465 2577 1630 2651 κε’ρας
1668 2578 1747 2652 τῷ

137 2665 356 2736 Λαβὶδ,
397 2661 902 2737 ἡτοίμασα-λύχνον
945 2667 1021 2739 τῷ
1053 2665 1272 2738 Χριστῷ
1310 2659 1476 2734 μου,”
1524 2659 1744 2726 εἰκότως

251 2859 274 2896 2
306 2856 382 2897 Ps.
409 2858 502 2907 131,
527 2858 563 2904 1,

1338 2920 1445 2973 30*
