1992 3186
248 71 357 149 680
821 62 823 65 ¹
931 97 1178 138 EUSEBII

249 211 405 271 οὔπω
436 211 707 286 γενόμενα
739 214 1099 285 προβλέπων,
1133 209 1205 278 ὥς
1237 212 1398 284 ἐγγὺς
1422 213 1483 270 δὲ
1506 214 1598 270 καὶ
1622 218 1861 285 πλησίον

248 297 357 371 ἤδη
400 299 609 356 ἑστῶτα
650 298 743 353 καὶ
783 298 1224 368 περικυκλοῦντα
1265 293 1464 370 αὐτὸν,
1509 304 1713 370 ἔλεγεν.
1779 301 1858 354 78.

250 375 417 448 αὖθις
450 382 510 438 δὲ
543 378 910 452 ἐπαναλαβών
932 380 998 438 τὰ
1021 379 1128 453 ἤδη
1159 383 1627 454 προπεπραγμένα
1651 387 1730 449 εἰς
1759 380 1862 452 τὴν

248 470 361 523 τῶν
390 464 707 538 μελλόντων
739 464 1131 538 συμβήσεσθαι
1161 471 1556 538 παραμυθίαν,
1602 462 1751 522 οἶα’
1720 468 1861 523 υπέ-

248 574 437 622 μεινεν
469 551 890 621 ἐπιβουλευθεὶς
921 548 1173 607 διδάσκει
1196 551 1375 622 λέγων
1396 546 1516 607 “Bu
1542 548 1902 608 ἐκύκλωσαν
1884 587 1905 609 0

248 659 315 706 με
338 633 502 700 κύνες
526 636 739 707 πολλοὶ,
764 633 1062 707 συναγωγὴ
1087 635 1550 708 πονηρευομένων
1573 636 1865 707 περιέσχον

248 715 379 791 με·”
419 717 510 775 διὰ
539 717 771 792 τούτων,
805 718 877 784 ὡς
909 717 1071 791 εἰκὸς,
1107 723 1293 792 δηλῶν
1314 714 1453 792 ὁμοῦ
1482 719 1585 792 μὲν
1614 721 1707 776 καὶ
1735 718 1866 787 τοὺς

249 801 610 875 στρατιώτας,
650 802 789 877 ὁμοῦ
833 804 894 861 δὲ
935 806 1028 861 καὶ
1066 803 1198 871 τοὺς
1231 806 1290 860 ἐκ
1329 805 1626 877 περιτομῆς
1657 805 1866 860 ἐπανα-

249 886 484 954 στάντας
515 886 680 963 αὐτῷ.
754 891 812 946 oc
836 889 937 961 μὲν
976 888 1081 962 γὰρ
1113 894 1438 962 στρατιῶται
1478 892 1577 946 τοῦ
1614 886 1866 946 Πιλάτου

249 971 667 1045 παραλαβόντες
706 970 803 1030 τὸν
826 971 1044 1045 Ἰησοῦν
1086 979 1163 1040 εἰς
1201 971 1262 1030 τὸ
1308 972 1645 1047 πραιτώριον
1689 970 1864 1045 συνή-
1887 999 1928 1032 10

205 1083 223 1113 ο
249 1081 423 1129 γαγον
463 1054 599 1130 ὅλην
639 1056 742 1129 τὴν
773 1071 1010 1132 σπεῖραν
1042 1056 1126 1114 ἐπ’
1165 1054 1364 1131 αύτόν,
1407 1059 1498 1115 καὶ
1531 1055 1865 1125 ἐκδύσαντες

251 1138 421 1198 αὐτὸν
450 1140 704 1215 χλαμύδα
735 1148 999 1214 κοκκίνην
1029 1144 1376 1215 περιέθηκαν
1405 1139 1577 1219 αὐτῷ,
1608 1143 1700 1199 καὶ
1733 1143 1868 1199 πλέ-

249 1230 440 1294 ξαντες
471 1228 749 1299 στέφανον
781 1229 835 1294 ἐξ
866 1223 1135 1285 ἀκανθῶν
1159 1229 1445 1299 ἐπέθηκαν
1471 1229 1557 1284 ἐπὶ
1581 1231 1677 1300 τῆς
1694 1249 1864 1300 κεφα-

250 1315 348 1381 λῆς
379 1307 578 1382 αύτοῦ,
609 1313 703 1369 καὶ
734 1309 981 1385 κάλαμον
1008 1314 1067 1369 ἐν
1097 1315 1163 1386 τῇ
1195 1313 1336 1386 χειρὶ
1361 1310 1551 1384 αὐτοῦ,
1583 1314 1676 1368 καὶ
1696 1335 1866 1384 γονυ-

250 1393 584 1468 πετήσαντες
598 1401 917 1470 ἔμπροσθεν
928 1394 1103 1454 αὐτοῦ
1126 1398 1410 1466 ἐνέπαιζον
1422 1393 1572 1472 αὐτῷ
1591 1399 1863 1469 λέγοντες,
1887 1420 1929 1454 15

249 1492 407 1552 χαῖρε
437 1475 465 1536 ὁ
498 1479 761 1552 βασιλεὺς
786 1485 898 1539 τῶν
922 1478 1237 1554 Ἰουδαίων,
1270 1483 1362 1538 καὶ
1387 1480 1761 1555 ἐμπτύσαντες
1787 1486 1865 1548 εἰς

249 1562 419 1622 αὐτὸν
459 1569 662 1637 ἔλαβον
691 1558 789 1623 τὸν
827 1564 1103 1639 κάλαμον,
1147 1568 1240 1623 καὶ
1272 1571 1508 1623 ἔτυπτον
1539 1571 1616 1633 εἰς
1646 1563 1749 1638 τὴν
1779 1589 1866 1623 κε·

247 1647 435 1720 φαλὴν
466 1647 652 1707 αὐτοῦ.
717 1655 796 1707 79.
830 1652 922 1707 καὶ
952 1647 1042 1708 ὅτε
1074 1652 1368 1719 ἐνέπαιξαν
1397 1647 1566 1727 αὐτῷ,
1599 1651 1866 1719 ἐξέδυσαν

249 1730 420 1790 αὐτὸν
450 1733 552 1805 τὴν
591 1733 874 1808 χλαμύδα,
915 1737 1010 1792 καὶ
1058 1736 1331 1793 ἐνέδυσαν
1371 1732 1542 1793 αὐτὸν
1580 1734 1647 1792 τὰ
1679 1733 1864 1808 ἱμάτια

248 1814 441 1925 αὐτοῦ,
461 1820 553 1874 καὶ
569 1815 859 1892 ἀπήγαγον
882 1818 1055 1878 αὐτὸν
1080 1825 1157 1888 είς
1179 1819 1240 1877 τὸ
1257 1816 1629 1893 σταυρωσαι,”
1665 1842 1861 1891 μονον-
1884 1843 1928 1876 20

248 1903 371 1974 ουχὶ
412 1907 555 1979 ἔργω
599 1910 940 1977 πληροῦντες
978 1902 1038 1961 τὸ
1069 1900 1193 1961 “ὃ’τι
1234 1900 1555 1960 ἐκύκλωσαν
1593 1925 1661 1975 με
1701 1901 1864 1970 κύνες

139 2011 229 2051 (505)
254 1988 480 2057 πολλοὶ,
534 1986 834 2060 συναγωγὴ
886 1988 1351 2060 πονηρευομένων
1390 1989 1683 2060 περιέσχον
1727 1985 1840 2061 με·’

248 2067 387 2125 ἀλλα
418 2071 510 2126 καὶ
539 2070 600 2126 τὸ
624 2067 883 2144 “ὧ’ρυξαν
913 2068 1099 2144 χειράς
1128 2094 1236 2172 μου
1266 2073 1359 2128 καὶ
1389 2070 1563 2138 πόδας
1586 2095 1713 2144 μου,
1747 2074 1867 2144 ἐξη-

248 2159 533 2225 ρίθμησαν
563 2152 743 2212 πάντα
774 2179 837 2211 τα
869 2151 1001 2212 ὀστᾶ
1032 2153 1178 2228 μου,’
1242 2157 1334 2212 καὶ
1367 2162 1446 2213 ἔτι
1484 2154 1581 2213 τὸ“
1589 2151 1767 2213 αὐτοὶ
1800 2156 1863 2213 δε

247 2235 591 2310 κατενόησαν
614 2241 705 2296 καὶ
732 2238 956 2296 ἐπεῖδόν
985 2237 1107 2312 με,”
1144 2241 1235 2296 καὶ
1259 2236 1354 2297 τὸ
1359 2238 1765 2313 “διεμερίσαντο
1795 2263 1861 2297 τοι
1883 2263 1927 2297 25

248 2319 436 2393 ιμάτια
466 2345 573 2394 μου
607 2325 851 2396 ἑαυτοις,
892 2325 984 2381 καὶ
1017 2326 1106 2381 ἐπὶ
1134 2322 1231 2381 τὸν
1263 2323 1553 2398 ιματισμόν
1591 2349 1699 2397 μου
1730 2329 1862 2397 ἔβα-

248 2412 347 2462 λον
377 2405 618 2481 κληρον”
657 2400 823 2475 αὖθις
866 2411 1199 2483 ἐπληροῦτο,
1240 2407 1330 2466 ὅτε
1369 2406 1522 2481 ηλοις
1562 2406 1734 2466 αὐτοῦ
1764 2432 1862 2476 τας

247 2503 432 2564 χεῖρας
474 2493 567 2547 καὶ
605 2491 734 2559 τοὺς
778 2492 952 2560 πόδας
990 2517 1066 2550 τω
1111 2499 1334 2569 σταυρῷ
1364 2495 1726 2567 κατέπειραν,
1767 2494 1861 2550 καὶ

247 2569 487 2646 ὁπηνίκα
516 2599 582 2632 τα
616 2575 802 2650 ιμοὲτια
834 2575 1006 2635 αὐτοῦ
1024 2552 1288 2649 λαβόντες
1314 2582 1694 2650 διεμερίσαντο
1727 2578 1862 2634 ἑαυ-

248 2672 376 2724 τοῖς.
421 2664 502 2717 80.
536 2658 565 2716 ὁ
596 2665 735 2733 γοῦν
757 2659 1016 2735 Ἰωάννης
1037 2667 1245 2735 ιστορει
1265 2660 1470 2734 λέγων“
1477 2657 1554 2719 ‘oo
1570 2662 1674 2718 οὐν
1697 2678 1857 2734 στρα-
1879 2683 1923 2716 30

361 2851 387 2889 5
415 2851 581 2891 Matth.
606 2855 672 2904 ⁶27,
698 2856 765 2898 27.
942 2857 996 2896 30
1024 2855 1097 2895 Jo.
1126 2856 1190 2907 19,
1214 2857 1284 2897 23.
