1992 3186
212 441 235 474 d

146 611 233 650 (231)

212 1452 231 1483 b

144 2456 230 2497 [ιω]

215 2551 231 2572 c

258 135 362 187 320
940 136 1188 178 EUSEBH

259 253 556 324 φέρουσαν.
622 250 707 307 διὸ
737 253 829 307 καὶ
861 258 1065 324 σοφίαν
1101 248 1276 324 αὐτὴν
1315 253 1406 308 καὶ
1437 255 1576 309 θεοῦ
1617 249 1783 323 λόγον
1812 255 1870 308 οἱ

259 346 407 392 θεῖοι
438 337 670 408 χρησμοὶ
701 333 1227 409 προσαγορεύουσιν.

387 430 463 478 Vl.
490 415 727 475 “''Axove'
744 442 851 491 μου
874 417 1069 491 Ἰακῶβ
1092 421 1183 476 καὶ
1206 417 1439 493 Ἰσραὴλ,
1470 415 1535 476 ὂν
1560 416 1665 491 ἐγῶ
1697 421 1861 476 καλῶ.

261 502 369 574 ἐγώ
399 509 508 574 εἰμι
538 505 779 575 πρῶτος,
821 506 911 559 καὶ
946 503 1053 575 ε’γω’
1084 509 1194 576 εἰμι
1227 509 1303 569 εἰς
1333 502 1430 560 τὸν
1460 507 1665 574 αἰῶνα,
1707 504 1795 559 καὶ
1830 499 1863 574 ἡ

259 592 376 659 χείρ
407 609 514 658 μου
547 589 885 659 ἐθεμελίωσε
913 587 1015 660 τὴν
1044 593 1178 661 γῆν,
1209 589 1302 643 καὶ
1333 583 1366 658 ἡ
1402 586 1551 654 δεξιά
1582 610 1688 659 μου
1721 590 1863 643 ἐστε·
1889 609 1909 642 5

258 671 430 741 ρέωσε
459 667 556 727 τὸν
586 668 842 744 οὐρανόν,
915 674 1130 728 καλέσω
1170 668 1400 741 αὐτοὺς,
1442 672 1533 726 καὶ
1574 668 1866 741 στήσονται

257 752 398 826 ἅμα,
431 758 523 810 καὶ
554 754 1002 828 συναχθήσονται
1033 754 1262 827 πάντες,
1294 757 1386 811 καὶ
1423 752 1756 812 ἀκούσονται
1785 761 1867 820 τίς

259 834 446 904 αὐτοῖς
477 837 771 912 ἀνήγγειλε
800 844 987 897 ταῦτα.
1059 838 1246 914 κύριος
1278 836 1509 912 ἀγαπῶν
1549 856 1611 895 σε
1643 842 1866 910 ἐποίησε

256 922 316 978 τὸ
345 921 562 995 θέλημά
591 944 694 980 σου
727 926 816 980 ἐπὶ
838 928 1170 997 Βαβυλῶνα,
1202 930 1300 981 τοῦ
1331 916 1459 998 ἆραι
1490 925 1704 996 σπέρμα
1717 930 1868 980 Χαλ-

260 1011 446 1063 δαίων,
506 1006 611 1079 ἐγῶ
638 1006 875 1081 ἐλάλησα
898 1011 990 1065 καὶ
1015 1007 1119 1081 ἐγώ
1146 1007 1391 1066 ἐκάλεσα.
1439 1005 1649 1078 ἤγαγον
1672 1003 1863 1079 αὐτὸν,
1892 1032 1928 1062 ιο

258 1092 348 1146 καὶ
382 1087 649 1148 εὐώδωσα
679 1090 781 1164 τὴν
810 1091 944 1150 ὁδὸν
968 1089 1156 1149 αὐτοῦ.
1213 1090 1590 1166 προσαγάγετε
1613 1089 1750 1163 πρός
1777 1114 1864 1163 με,

259 1176 350 1230 καὶ
380 1173 652 1232 ἀκούσατε
683 1182 870 1233 ταῦτα.
933 1173 1034 1233 οὐκ
1065 1173 1161 1232 ἀπ’
1196 1172 1364 1248 ἀρχῆς
1398 1179 1458 1232 ἐν
1489 1178 1677 1249 κρυφῇ
1709 1172 1865 1231 λελά-

257 1266 411 1358 ληκα.
482 1254 648 1330 ἡνίκα
692 1262 936 1332 ἐγένετο,
986 1263 1102 1317 ἐκεῖ
1136 1258 1297 1333 ἥμην.
1383 1261 1471 1316 καὶ
1525 1262 1634 1316 νῦν
1676 1257 1865 1332 κύριος

256 1340 445 1416 κύριος
477 1340 786 1400 ἆπέσταλκέ
812 1367 906 1416 με,
939 1346 1032 1400 καὶ
1062 1343 1121 1400 τὸ
1153 1349 1371 1415 πνεῦμα
1402 1340 1588 1400 αὐτοῦ.
1600 1339 1626 1361 ”

383 1430 431 1483 2.
463 1423 598 1497 Ὀρα
642 1425 710 1500 δὴ
752 1430 843 1484 καὶ
884 1432 990 1486 νῦν
1028 1434 1152 1485 τίνα
1191 1426 1397 1501 τρόπον
1437 1423 1465 1484 ὁ
1506 1424 1730 1498 φήσας
1735 1421 1865 1497 ἐγω
1891 1450 1930 1481 15

259 1514 366 1581 εἰμι
397 1506 426 1566 ὁ
467 1515 706 1585 πρῶτος,
749 1513 841 1568 καὶ
885 1512 992 1584 ἐγώ
1033 1518 1143 1585 εἰμι
1186 1518 1264 1578 εἰς
1295 1509 1392 1568 τὸν
1424 1507 1658 1583 αἰῶνα,”
1702 1508 1731 1566 ὁ
1763 1508 1866 1582 τὴν

255 1599 362 1664 γῆν
391 1597 483 1650 καὶ
521 1592 618 1652 τὸν
649 1594 892 1669 οὐρανὸν
923 1594 1337 1669 συστησάμενος
1352 1640 1367 1668 ‚
1411 1599 1657 1669 ἐναργῶς
1688 1592 1864 1659 οὕτως
1918 1619 1923 1625 “

255 1673 601 1736 ἀπεστάλθαι
640 1678 900 1752 ὁμολογει
932 1676 1040 1737 ὑπὸ
1081 1687 1280 1753 κυρίου
1321 1685 1546 1753 κυρίου,
1593 1675 1739 1735 οὑτω
1769 1677 1865 1734 τὸν

254 1763 462 1834 πατέρα
494 1762 756 1836 συνήθως
790 1767 873 1830 δὶς
905 1763 1098 1838 κύριον
1122 1763 1500 1836 αναγορεύων,
1534 1786 1606 1827 ως
1628 1757 1699 1818 ἂν
1724 1767 1864 1834 ε’χοις

255 1849 346 1902 καὶ
377 1845 585 1919 ταύτην
625 1846 1036 1920 ἀναμφίλεκτον
1073 1853 1172 1904 τοῦ
1214 1849 1547 1919 ζητουμένου
1586 1843 1689 1917 τὴν
1728 1869 1861 1917 μαρ-
1887 1869 1927 1900 20

254 1936 468 2001 τυρίαν.
542 1936 591 1987 3.
624 1938 844 2004 πρῶτον
885 1932 945 1987 δὲ
976 1928 1148 1987 αὐτὸν
1189 1929 1261 1995 ῶς
1295 1933 1354 1986 ἐν
1393 1943 1678 2002 γεννητοῖς
1711 1927 1862 1985 εὐσε-

256 2018 367 2083 βῶς
400 2014 543 2070 εἶναι
573 2018 752 2086 λέγει,
784 2013 887 2085 τὴν
917 2012 1159 2087 ἄναρχον
1190 2016 1282 2070 καὶ
1312 2012 1617 2086 ἀγέννητον
1640 2015 1732 2070 καὶ
1763 2011 1864 2086 τήν

254 2096 395 2169 ὑπὲρ
426 2098 485 2153 τὸ
517 2101 737 2172 πρῶτον
767 2094 967 2154 οὐσίαν
999 2095 1292 2171 ἀπονέμων
1321 2104 1396 2174 τῶ
1428 2104 1608 2170 πατρί.
1665 2095 1725 2154 τὸ
1755 2098 1861 2170 γάρ

255 2202 337 2236 τοι
368 2183 588 2252 πρῶτον
617 2178 862 2254 ἀριθμοῦ
893 2188 1147 2248 πλείονος
1171 2181 1410 2255 ἡγεῖται,
1442 2188 1570 2255 τιμῇ
1595 2183 1687 2238 καὶ
1716 2179 1863 2249 τάξει

255 2267 718 2338 προτεταγμένον·
775 2263 910 2339 ὅπερ
956 2264 1056 2322 οὐκ
1097 2263 1166 2323 ἂν
1197 2267 1285 2322 ἐπὶ
1325 2265 1422 2322 του
1464 2265 1666 2338 πατρὸς
1698 2263 1860 2339 ἁρμό·
1886 2289 1926 2320 25

256 2366 419 2405 σειεν.
481 2353 528 2405 4.
563 2348 628 2406 οὐ
659 2349 764 2422 γὰρ
797 2348 863 2421 δὴ
897 2354 1179 2421 γεννητῶν
1211 2354 1424 2423 πρῶτος
1455 2348 1483 2406 ὁ
1517 2352 1603 2406 ἐπὶ
1635 2348 1862 2406 πάντων

256 2430 417 2505 θεὸς,
452 2435 569 2489 ἐπεὶ
598 2431 731 2506 μηδ’
766 2430 904 2506 άρχή
935 2458 1015 2500 τις
1040 2437 1338 2490 ἐπινοεῖται
1369 2430 1564 2489 αὐτοῦ·
1610 2434 1861 2490 ἐπέκεινα

259 2512 310 2571 δ’
345 2514 414 2574 ἂν
447 2526 530 2589 εἴη
562 2520 653 2574 καὶ
684 2514 944 2574 ἀνωτάτω
969 2522 1066 2574 τοῦ
1090 2516 1328 2590 πρώτου,
1361 2515 1456 2573 ἅτε
1483 2516 1549 2588 δὴ
1576 2514 1736 2582 αὐτὸς
1768 2518 1859 2572 καὶ

254 2599 311 2655 τὸ
345 2604 563 2672 πρῶτον
592 2600 867 2673 γεννήσας
909 2603 1000 2657 καὶ
1039 2601 1517 2674 ὑποστησάμενος,
1558 2600 1732 2674 μόνου
1763 2604 1861 2657 τοῦ

254 2690 418 2741 θείου
450 2683 617 2756 λόγου
648 2684 871 2743 πάντων
902 2690 1012 2742 τῶν
1042 2690 1326 2758 γεννητῶν
1357 2685 1577 2759 πρώτου
1601 2690 1856 2759 χρηματί-
1881 2705 1921 2736 30

368 2878 392 2915 3
425 2871 498 2916 Es.
523 2878 590 2923 48,
618 2879 680 2916 12.
