1992 3186
246 143 250 147 .
265 117 374 168 440
933 116 1181 158 EUSEBII

271 234 332 290 δὲ
362 240 486 291 τίνα
517 231 721 305 τρόπον
751 228 859 288 ὑπὸ
890 238 1024 304 μίαν
1054 235 1144 288 καὶ
1170 230 1270 304 τὴν
1295 229 1468 306 αὐτὴν
1503 231 1754 290 διάνοιαν
1784 236 1877 306 γέ-

270 337 416 384 νεσις
460 320 518 372 ἐκ
558 318 846 389 παρθενου
878 315 1311 390 προφητεύεται,
1355 320 1446 374 καὶ
1487 317 1622 374 κατὰ
1652 315 1711 375 τὸ
1743 316 1876 374 αὐτό

266 420 438 475 φησιν
461 399 488 456 ὁ
515 399 674 472 λόγος
697 398 799 472 τὴν
815 401 917 472 μὲν
940 399 1108 457 πάλαι
1133 400 1487 475 καρποφόρον
1517 405 1623 474 γῆν
1653 401 1712 458 τὸ
1743 404 1878 476 πρὶν

267 506 442 542 ουσαν
473 490 667 557 χιλίων
698 490 907 541 σίκλων
926 491 1003 550 εἰς
1028 487 1227 558 χέρσον
1252 491 1481 542 ἔσεσθαι
1499 488 1587 542 καὶ
1614 492 1690 552 εἰς
1709 483 1876 543 ἅκαν-

220 596 241 627 d
267 580 409 640 θαν,
456 567 639 624 πᾶσάν
683 592 742 625 τε
788 568 887 640 τὴν
931 574 1037 641 γῆν
1068 566 1253 626 αὐτῶν
1295 568 1386 625 διὰ
1414 568 1475 626 τὸ
1504 573 1768 641 γενέσθαι
1800 576 1876 636 εἰς
1899 591 1920 623 5

266 651 525 709 ἄκανθαν
566 656 655 709 καὶ
702 659 777 718 εἰς
818 654 1017 726 χέρσον
1060 652 1564 726 παραδοθήσεσθαι
1603 669 1715 719 τοῖς
1746 653 1880 727 μετὰ

267 741 463 810 βέλους
504 739 594 792 καὶ
635 736 960 810 τοξεύματος
1002 741 1494 811 εἰσελευσομένοις·
1551 735 1880 795 τούναντίον

268 822 330 878 δὲ
362 827 657 878 πείσεσθαι
688 826 799 878 πᾶν
828 819 976 893 ὅρος
1025 819 1132 878 ἀπὸ
1163 826 1302 926 γοιῖἰν
1331 827 1426 894 τῆς
1457 825 1724 896 προτέρας
1754 825 1881 895 χέρα

269 928 370 963 σου
403 907 489 962 καὶ
517 904 768 1005 ἀκανθης
799 904 1269 978 μεταβαλεῖσθαι
1273 906 1374 973 εεἰς
1393 905 1642 979 βόσκημα
1675 905 1879 980 προβα-

266 1015 364 1047 του
397 992 487 1046 καὶ
520 1013 880 1063 καταπατημα
911 988 1100 1062 βοός,”
1135 989 1276 1047 ὥστε
1308 988 1439 1048 αυτό
1472 988 1880 1066 αροτριῶμενον
1903 1012 1944 1043 10

269 1073 782 1148 ἀροτριαθήσεσθαι
827 1077 919 1131 καὶ
964 1074 1037 1146 μὴ
1085 1074 1484 1132 ἐπελεύσεσθαι
1532 1079 1646 1132 ἐκεῖ
1684 1074 1877 1147 φόβον.

268 1164 351 1215 90.
388 1155 463 1214 δι’
500 1150 579 1215 ῶν
611 1163 803 1230 σαφῶς
835 1157 1072 1231 ἡγοῦμαι
1105 1166 1478 1232 σημαίνεσθαι
1508 1157 1610 1231 τὴν
1639 1162 1738 1216 τοῦ
1769 1178 1878 1216 σω-

267 1247 431 1316 τῆρος
462 1241 618 1315 ἡμῶν
661 1247 719 1298 ἐκ
751 1246 1039 1315 παρθένου
1079 1246 1327 1316 γένεσιν,
1371 1245 1462 1299 καὶ
1493 1242 1558 1299 τὰ
1588 1243 1722 1316 μετὰ
1752 1241 1881 1299 ταύ-

269 1351 371 1400 την
411 1325 550 1399 ὁμοῦ
588 1330 680 1383 καὶ
719 1325 940 1399 ἀθρόως
975 1324 1264 1394 Ἰουδαίοις
1305 1352 1363 1384 τε
1403 1330 1639 1392 καὶτοῖς
1670 1335 1882 1393 λοιποῖς

270 1418 461 1468 ἔθνεσι
492 1410 900 1484 συμβεβηκότα,
932 1409 1035 1483 τὴν
1065 1416 1203 1483 γοῦν
1235 1414 1512 1485 ἑκατέρων
1539 1416 1650 1468 τῶν
1679 1409 1880 1484 ταγμά»
1902 1429 1944 1462 15

270 1520 380 1552 των
414 1502 488 1562 εἰς
519 1494 849 1552 τούναντίον
879 1494 1189 1568 μεταβολὴν
1220 1492 1252 1568 ἡ
1285 1501 1592 1570 προφητεία
1618 1502 1880 1568 παρίστη-

271 1597 389 1652 σιν,
421 1583 520 1636 τοῦ
549 1580 652 1652 μὲν
674 1578 963 1636 Ἰουδαίων
995 1586 1197 1646 ἔθνους
1227 1580 1330 1652 τὴν
1360 1579 1466 1636 ἀπὸ
1497 1583 1609 1637 τῶν
1639 1579 1882 1652 κρειττό-

269 1689 387 1721 νων
430 1665 516 1719 έπὶ
557 1662 616 1720 τὸ
659 1666 871 1737 χεῖρον,
912 1668 1008 1736 τῆς
1051 1666 1110 1721 δὲ
1151 1667 1205 1732 ἐξ
1239 1668 1423 1722 ἐθνῶν
1461 1668 1750 1736 ἐκκλησίας
1780 1662 1883 1734 τὴν

269 1745 376 1804 ἀπὸ
405 1750 501 1819 τῆς
532 1746 701 1804 πάλαι
734 1753 958 1821 ἐρημίας
1001 1751 1089 1804 ἐπὶ
1119 1748 1221 1820 τὴν
1261 1749 1412 1805 nocto?
1427 1747 1565 1805 θεὸν
1596 1768 1883 1820 καρποφο-

159 1859 249 1898 (327)
275 1839 431 1905 ρίαν,
463 1831 633 1905 ἅπερ,
672 1831 804 1889 καθ’
844 1835 940 1889 ἕνα
970 1835 1063 1889 καὶ
1094 1831 1192 1889 τὸν
1232 1830 1401 1888 αὐτὸν
1431 1830 1627 1903 καιρόν
1658 1836 1752 1902 τῆς
1783 1835 1881 1887 τοῦ
1905 1851 1947 1882 20

266 1914 611 1989 Ἐμμανουὴλ
644 1920 968 1988 ἐπιφανείας
1001 1914 1530 1986 ἐπιτελεσθήσεσθαι
1572 1938 1882 1987 προφητευ-

271 2004 474 2070 θέντα,
517 2015 636 2065 ταῖς
679 1998 1052 2073 προρρήσεσιν
1091 1998 1415 2066 ἀκολούθως
1465 1998 1567 2055 οὐκ
1607 1999 1800 2056 ἄλλοτε
1847 1996 1882 2070 ἢ

272 2082 406 2155 μετὰ
444 2083 546 2154 τὴν
586 2087 684 2139 τοῦ
726 2086 967 2155 σωτῆρος
1011 2081 1169 2155 ἡμῶν
1199 2090 1512 2154 παρουσίαν
1549 2085 1701 2149 τέλος
1735 2089 1886 2155 εἰλη-

272 2164 414 2237 φότα
447 2172 751 2237 δείκνυται,
785 2166 877 2223 διά
899 2190 958 2223 τε
980 2171 1091 2224 τῶν
1124 2171 1381 2239 ἐμφανῶς
1414 2171 1720 2241 εἰρημένων
1744 2165 1882 2222 κατὰ

266 2250 571 2317 Ἰουδαίους
611 2250 951 2323 πραγμάτων
991 2254 1082 2307 καὶ
1118 2251 1208 2307 διὰ
1248 2255 1342 2322 τῆς
1387 2254 1438 2318 ἐξ
1471 2255 1658 2308 ἐθνῶν
1690 2255 1884 2322 ἐκκλη-
1904 2269 1947 2303 25

275 2341 413 2401 σίας.
476 2339 557 2391 91.
594 2341 643 2391 εἰ
671 2337 774 2408 μὲν
804 2334 907 2407 γὰρ
938 2333 1073 2407 μετα
1102 2333 1203 2408 τὴν
1233 2341 1546 2409 παρουσίαν
1576 2337 1676 2391 τοῦ
1705 2337 1885 2407 σωτῆ-

275 2443 368 2492 ρος
399 2418 574 2492 ἡμῶν,
607 2417 780 2476 αὐτοῦ
811 2419 879 2491 δὴ
905 2416 1080 2491 Ἰησοῦ
1110 2423 1208 2476 τοῦ
1241 2422 1501 2492 Χριστοῦ,
1533 2417 1606 2490 μὴ
1636 2421 1883 2475 πέπαυτο

276 2505 679 2576 βασιλευομένη
711 2500 743 2575 ἡ
775 2507 886 2560 τῶν
909 2509 1302 2576 Δαμασκηνῶν
1325 2500 1463 2575 ἀρχὴ
1495 2506 1586 2559 καὶ
1617 2506 1728 2559 τῶν
1753 2499 1883 2559 Ἰου-

279 2592 483 2660 δαίων,
517 2590 607 2643 καὶ
642 2594 692 2645 εἰ
720 2585 791 2662 μὴ
826 2591 885 2644 ἐν
914 2586 1109 2654 ὄψεσιν
1138 2583 1271 2659 ἡμῖν
1301 2586 1488 2652 αὐτοῖς
1516 2590 1623 2643 νῦν
1653 2597 1882 2659 θεωρεῖ-

275 2695 364 2727 ται
396 2674 859 2745 καταλελειμμένη
895 2667 987 2728 ὑπ’
1022 2668 1209 2727 αὐτῶν
1240 2666 1272 2742 ἡ
1305 2675 1401 2743 γῆ,
1433 2674 1524 2727 καὶ
1559 2667 1659 2727 ὑπ’
1696 2674 1882 2727 ἐθνῶν
1905 2694 1947 2725 30

233 2781 254 2809 r.
278 2751 724 2825 ἆλλοφύλωνκαὶ
748 2761 1165 2828 εἰδωλολατρῶν
1191 2756 1614 2826 κατοικουμένη·
1643 2755 1733 2810 καὶ
1748 2751 1882 2826 πρὸς

281 2837 490 2905 τούτοις
525 2845 577 2894 εἰ
604 2838 676 2911 μὴ
717 2842 945 2911 γέγονεν
979 2846 1055 2906 είς
1097 2842 1291 2913 χέρσον
1326 2841 1415 2894 καὶ
1448 2837 1704 2894 ἄκανθαν
1735 2840 1883 2893 πᾶσα
