1992 3186
242 138 345 191 362
915 138 1163 180 EUSEBHJ

198 281 220 312 b
244 254 424 328 τάσθη
459 256 547 311 ἐπὶ
577 251 866 327 πτερύγων
897 250 1132 326 ἀνέμων.
1195 258 1243 311 3.
1281 252 1351 310 δι’
1389 247 1468 312 ὦν
1503 247 1568 310 τὰ
1597 256 1694 326 τῆς
1723 250 1850 311 ἄνό·

246 345 376 412 δου,
416 336 489 411 ἣν
531 334 637 394 ἀπὸ
676 339 777 409 γῆς
809 342 886 404 εἰς
917 334 1188 412 οὐρανοὺς
1219 337 1540 411 ἐποιήσατο,
1580 345 1845 406 θεσπίζει.

242 422 388 489 ὅπως
423 423 482 478 δὲ
511 419 760 478 κάθοδον
788 420 892 496 χρὴ
922 436 1076 479 νοεῖν
1105 424 1198 479 καὶ
1227 419 1431 480 ἄνοδον
1461 426 1560 480 τοῦ
1587 425 1727 479 θεοῦ
1755 421 1851 478 λό-

242 531 372 580 γου,
416 502 481 562 οὐ
521 508 756 572 τοπικοῖς
796 505 1123 579 μεταβάσεις
1171 509 1537 580 ποιουμένου,
1577 512 1850 580 τροπικῶς

246 592 307 647 δὲ
335 588 430 655 τοὶς
459 588 682 647 τοιάσδε
712 595 1027 663 οἰκονομίας
1068 588 1238 648 αὐτοῦ
1276 595 1475 648 τοῦτον
1503 594 1599 663 τῆς
1628 594 1845 664 γραφῆς
1867 619 1888 650 5

243 671 626 747 ἀποκαλούσης
668 672 766 732 τὸν
815 673 1049 749 τρόπον,
1105 677 1189 732 ἐπ’
1243 681 1449 742 οἰκείας
1488 673 1852 747 ἀποδώσομεν

243 761 455 832 σχολῆς.
509 763 574 815 -4.
611 764 723 816 ἔδει
767 759 828 815 δὲ
866 762 1245 832 μνημονεῦσαι
1287 762 1347 816 ἐν
1387 757 1603 824 τούτοις
1634 760 1727 815 καὶ
1756 761 1853 830 τῆς

243 847 438 915 καινῆς
470 841 772 916 διαθήκης,
816 839 889 915 ἢν
920 850 1147 916 ἔμελλεν
1176 841 1210 915 ἡ
1243 846 1343 901 τοῦ
1372 848 1614 916 Χριστοῦ
1645 865 1852 917 παρου-

244 933 338 984 σία
368 926 729 1000 προξενήσειν
766 924 1110 1001 ἀνθρώποις·
1159 925 1299 1001 αῦτη
1343 930 1409 984 δέ
1448 930 1596 985 ἐστιν
1625 926 1658 999 ἡ
1690 925 1852 998 καινὴ

246 1011 488 1084 διαθήκη
528 1010 661 1084 μετὰ
699 1009 802 1084 τὴν
842 1011 1084 1070 παλαιὰν
1121 1011 1233 1069 ὑπὸ
1275 1016 1517 1086 Χριστοῦ
1565 1016 1700 1068 πᾶσι
1739 1024 1852 1077 τοῖς
1875 1038 1916 1068 10

246 1102 436 1154 ἔθνεσι
469 1097 755 1169 δεδομένη.
819 1095 907 1153 διό
937 1115 1074 1169 φησι
1103 1096 1164 1154 τὸ
1194 1094 1329 1168 μετὰ
1358 1109 1544 1170 χεῖρας
1575 1095 1764 1167 λόγιον
1785 1091 1853 1151 “ὁ

243 1180 376 1247 θεὸς
409 1175 562 1256 ᾠδὴν
602 1178 802 1253 καινὴν
832 1178 1039 1255 ᾆσομαί
1074 1176 1215 1238 σοι.”
1276 1184 1323 1238 5.
1357 1179 1418 1237 τὸ
1453 1180 1512 1236 δὲ
1537 1175 1712 1248 “filma
1742 1182 1854 1236 τῶν

243 1263 420 1337 ὀρέων
481 1266 573 1320 καὶ
634 1263 1145 1336 καπνισθήσονται”
1203 1270 1550 1321 αἰνίττεσθαι
1615 1262 1855 1336 ἡγοῦμαι

246 1346 567 1421 ἐμπρησμὸν
597 1351 689 1405 καὶ
712 1347 1029 1421 ἀφανισμὸν
1053 1347 1233 1421 πάσης
1260 1354 1703 1421 εἰδωλολατρίας,
1736 1343 1855 1418 ἥτις

244 1430 393 1506 παρὰ
431 1445 544 1499 τοῖς
586 1440 840 1499 παλαιοῖς
883 1435 942 1490 ἐν
971 1446 1085 1499 τοϊς
1125 1430 1277 1507 ὄρεσι
1317 1431 1551 1505 μάλιστα
1584 1429 1853 1489 ἐσπουδά-
1878 1457 1918 1489 15

245 1523 376 1584 ζετο.
440 1515 578 1573 ὥστε
609 1514 716 1589 ἤδη
749 1518 840 1574 καὶ
873 1513 1073 1583 αὐτούς
1097 1513 1398 1584 Ἰουδαίους
1429 1513 1853 1589 άπελέγχεσθαι,

245 1598 318 1667 ὥς
352 1602 439 1656 ἐπὶ
471 1603 581 1657 πᾶν
610 1598 735 1672 ὅρος
766 1599 984 1674 ὑψηλὸν
1024 1600 1161 1658 κατὰ
1190 1609 1422 1675 μίμησιν
1466 1605 1578 1658 τῶν
1608 1597 1857 1672 ἀλλοφύ-

244 1691 358 1742 λων
390 1687 576 1742 ε’θνῶν
608 1690 1159 1759 εἰδωλολατροῦντας.

760 1907 889 1966 Ἀπὸ
928 1912 1164 1981 Ψαλμοῦ
1194 1917 1295 1981 ρμζ
1304 1907 1331 1965 ’.

373 2033 430 2081 X.
474 2017 758 2077 “Ἐπαίνει
781 2015 1135 2091 Ἰερουσαλὴμ
1174 2017 1271 2076 τὸν
1312 2017 1534 2091 κύριον,
1580 2027 1721 2076 αἴνει
1756 2017 1854 2076 τὸν
1875 2045 1917 2077 20

246 2103 384 2161 θεόν
415 2123 516 2160 σου
548 2100 758 2160 Σιών.”
823 2101 931 2162 εἶθ’
967 2101 1182 2174 ὑποβάς
1205 2122 1377 2176 φησιν
1399 2100 1466 2160 “ὁ
1501 2101 1857 2162 ἀποστέλλων

131 2210 222 2253 [166]
247 2185 307 2244 τὸ
338 2185 525 2259 λόγιον
556 2185 727 2244 αὑτοῦ
757 2189 823 2261 τῇ
853 2188 943 2260 γῇ,
978 2189 1077 2254 ἕως
1102 2186 1300 2261 τάχους
1320 2193 1607 2262 δραμεῖται
1637 2183 1666 2244 ὁ
1697 2187 1855 2260 λόγος

398 2268 473 2290 av„

247 2269 435 2328 αὐτου.

373 2355 567 2427 Σαφὲς
602 2355 661 2411 δὲ
690 2353 772 2411 ὅτι
802 2357 901 2412 τοῦ
929 2352 1405 2427 ἀποστελλομένου
1441 2353 1469 2411 ὁ
1501 2351 1856 2411 ἀποστέλλων

247 2442 428 2514 ἕτερος
460 2435 539 2496 c3v
567 2437 842 2513 τυγχάνει.
914 2443 1053 2512 ἔχεις
1095 2444 1388 2513 τοιγαροῦν
1427 2434 1720 2495 κάνταῦθα
1759 2435 1855 2494 τὸν
1878 2463 1919 2495 25

135 2547 222 2587 (268)
247 2524 348 2597 μὲν
379 2521 784 2582 ἀποστέλλοντα
812 2521 910 2581 τὸν
942 2525 1030 2580 ἐπὶ
1059 2522 1283 2580 πάντων
1301 2522 1465 2595 θεὸν,
1496 2519 1593 2578 τὸν
1625 2523 1684 2578 δὲ
1715 2519 1854 2578 ἀπο-

247 2606 611 2680 στελλόμενον
649 2606 745 2664 τὸν
776 2606 970 2681 λόγον,
1011 2603 1069 2674 ὃς
1101 2607 1464 2679 πολυώνυμος
1495 2601 1575 2662 ὢν
1604 2606 1723 2663 τοτὲ
1753 2605 1857 2678 μὲν

248 2699 445 2764 σοφία,
497 2693 618 2749 τοτὲ
668 2693 728 2749 δὲ
779 2691 966 2765 λόγος,
1019 2689 1213 2748 ἄλλοτε
1256 2691 1316 2747 δὲ
1354 2689 1513 2762 θεὸς,
1555 2693 1647 2746 καὶ
1687 2688 1856 2746 πάλιν

360 2885 413 2924 20
444 2883 732 2934 Ps.147,12.
