1992 3186
1878 0 1978 153 ’Ἴ

235 255 309 330 μὴ
341 255 510 313 πάλαι
539 258 699 312 τοῦτο
733 253 956 326 εἰδότες,
991 260 1044 311 εἰ
1069 253 1142 327 μὴ
1167 252 1257 313 ὅτε
1288 254 1555 331 πρότερον
1577 256 1637 314 τὸ
1669 256 1842 330 σωτή-
1964 252 1982 355 ³

236 365 359 415 ριον
390 337 561 396 αὐτοῦ
584 338 904 411 συνήκαμεν
926 343 1021 410 τῆς
1044 337 1395 407 ἀναστάσεως
1421 340 1593 398 αὐτοῦ
1615 341 1716 414 τὴν
1748 340 1856 399 δύ-’

235 449 403 498 ναμιν
435 422 888 495 κατανοήσαντες.

235 140 342 192 262
924 139 1174 181 EUSEBII

867 594 1105 662 Ψαλμοῦ
1134 589 1230 659 κζ’.

322 679 522 738 Χριστὸς
544 680 770 738 ὀνομαστὶ
793 678 959 737 κύριον
980 680 1063 725 τὸν
1088 681 1273 752 πατέρα
1295 682 1378 726 καὶ
1399 678 1756 740 ῦπερασπιστὴν
1864 681 1886 714 5

893 737 1194 794 κεκτημένος.

190 853 211 885 b
356 824 605 901 “Kv'fflog
635 834 955 901 κραταίωμα
985 834 1082 884 τοῦ
1124 832 1261 884 λαοῦ
1295 825 1467 884 αὐτοῦ
1509 830 1602 884 καὶ
1639 827 1846 902 ὑπερα-

238 912 469 984 σπιστὴς
499 916 610 969 τῶν
642 918 931 984 σωτηρίων
960 917 1058 968 τοῦ
1090 915 1333 986 Χριστοῦ
1363 910 1534 969 αὐτοῦ
1566 909 1734 969 ἐστί.”

368 1001 447 1053 15.
484 999 592 1053 Καὶ
636 995 663 1052 ὁ
703 994 839 1068 μετὰ
879 1011 1063 1069 χεῖρας
1101 994 1325 1069 Ψαλμὸς
1367 1002 1443 1061 εἰς
1482 994 1578 1053 τὸν
1607 996 1847 1070 Χριστὸν

239 1079 605 1154 αναφέρεται,
639 1079 811 1137 αὐτοῦ
845 1078 912 1151 δὴ
943 1086 1040 1136 τοῦ
1071 1085 1313 1153 Χριστοῦ
1354 1083 1624 1154 περιέχων
1656 1079 1842 1154 εὐχὴν,
1871 1102 1909 1133 10

238 1161 311 1236 ἣν
342 1187 489 1236 παρα
519 1163 615 1221 τὸν
645 1167 744 1221 τοῦ
774 1163 991 1229 πάθους
1019 1163 1365 1236 προσηύξατο
1396 1162 1605 1236 καιρόν.
1670 1164 1755 1221 διὸ
1789 1168 1848 1223 ἐν

239 1249 343 1322 μὲν
372 1254 437 1323 τῇ
470 1253 713 1322 καταρχῇ
755 1254 853 1304 τοῦ
893 1254 1126 1321 Ψαλμοῦ
1166 1246 1338 1320 φησι
1345 1243 1500 1319 πρὸς
1534 1249 1627 1320 σε,
1670 1247 1846 1321 κύριε,

243 1336 527 1404 ἐκέκραξα·
586 1332 613 1389 ὁ
656 1331 787 1398 θεός
827 1357 933 1404 μου
977 1332 1050 1405 μὴ
1092 1330 1527 1406 παρασιωπήσῃς
1558 1330 1652 1388 ἀπ’
1692 1335 1848 1405 ἐμοῦ,

242 1419 332 1474 καὶ
372 1413 787 1516 ὁμοιωθήσομαι
830 1431 943 1482 τοῖς
986 1422 1420 1488 καταβαίνουσιν
1465 1422 1540 1481 εἰς
1587 1415 1844 1474 λάκκον.”

201 1536 217 1557 e
245 1506 325 1558 16.
360 1499 496 1572 πρὸς
537 1501 596 1557 δε
636 1525 711 1557 τω
751 1504 893 1558 τέλει
937 1499 1038 1572 τὴν
1070 1504 1130 1558 ἐκ
1159 1525 1375 1601 νεκρων
1414 1498 1716 1557 ἀναστασιν
1747 1499 1849 1558 αύ-
1873 1522 1913 1554 15

242 1590 340 1642 τοῦ
370 1581 618 1653 θεσπίζει
651 1587 828 1657 λέγων
852 1581 1180 1658 “εύλογητός
1212 1583 1418 1657 κύριος,
1451 1583 1534 1641 ότι
1561 1583 1851 1656 εἰσήκουσε

241 1674 336 1741 τῆς
368 1675 558 1742 φωνῆς
589 1674 686 1742 τῆς
719 1667 958 1741 δεήσεως
988 1685 1120 1742 μου·
1170 1668 1359 1742 κύριος
1382 1668 1589 1741 βοηθός
1619 1693 1727 1740 μου
1758 1671 1849 1726 καὶ

129 1779 221 1826 {1181
243 1750 654 1826 ὑπερασπιστής
685 1778 820 1827 μου,
864 1750 950 1810 ἐπ’
987 1752 1133 1830 αὐτῷ
1164 1752 1396 1826 ἤλπισεν
1427 1749 1459 1824 ἡ
1493 1757 1693 1826 καρδία
1722 1777 1850 1825 μου,

244 1840 336 1895 καὶ
380 1837 738 1910 ἐβοηθήθην,
781 1840 871 1894 καὶ
912 1836 1190 1896 ἀνέθαλεν
1229 1834 1262 1908 ἡ
1303 1836 1436 1909 σαρξ
1477 1860 1614 1909 μου,
1657 1839 1747 1893 καὶ
1792 1840 1850 1893 ἐκ

244 1921 554 1994 θελήματός
599 1946 705 1995 μου
753 1921 1210 2021 ἐξομολογήσομαι
1251 1917 1416 1995 αύτῷ.
1426 1917 1454 1938 ”
1535 1919 1620 1991 ἐφ’
1666 1917 1747 1986 οἷς
1787 1919 1846 1979 τὸ
1871 1942 1912 1974 20

245 2017 406 2063 θεῖον
437 2008 528 2061 καὶ
570 2004 912 2078 προφητικὸν
943 2008 1160 2077 πνεῦμα
1205 2003 1475 2076 ἐπιλέγει
1482 2000 1690 2078 κύριος
1722 2030 1850 2079 κρα-

245 2094 457 2160 ταίωμα
487 2091 585 2145 τοῦ
615 2093 752 2145 λαοῦ
792 2086 989 2160 αὐτοῦ,
1031 2091 1122 2144 καὶ
1161 2085 1573 2161 ὑπερασπιστὴς
1603 2094 1715 2146 τῶν
1747 2108 1850 2146 σω-

245 2179 453 2246 τηρίων
504 2178 602 2228 τοῦ
653 2178 896 2243 Χριστοῦ
953 2171 1126 2228 αὐτοῦ
1176 2170 1393 2244 ἐστίν,”
1456 2177 1535 2229 17.
1583 2176 1851 2230 παιδεῦον

247 2255 388 2328 ἡμας
430 2253 513 2312 ὅτι
556 2255 624 2327 δὴ
665 2279 845 2312 παντα
886 2281 951 2312 τα
985 2259 1042 2312 ἐν
1082 2270 1200 2323 ταις
1231 2262 1412 2322 θείαις
1443 2270 1687 2330 γραφαῖς
1718 2281 1850 2313 ανα-

199 2365 222 2396 d
248 2362 464 2412 γραπτα
494 2344 591 2397 τοῦ
612 2346 851 2412 Χριστοῦ
882 2339 1189 2412 θαυμάσια,
1225 2343 1310 2396 ἐπὶ
1343 2347 1585 2415 σωτηρία
1615 2365 1725 2397 των
1755 2365 1848 2397 αν·
1873 2359 1914 2392 25

247 2422 496 2496 θρωπων
526 2423 814 2496 γενόμενα,
849 2434 956 2481 εἴτε
981 2425 1083 2481 οὑν
1113 2422 1410 2497 μαθήματα
1434 2433 1542 2481 εἴτε
1563 2448 1852 2497 γραμματα

251 2517 360 2564 εἴτε
391 2532 526 2564 κατα
557 2507 658 2580 τὴν
691 2511 749 2565 ἐκ
787 2512 1001 2608 νεκρῶν
1041 2506 1343 2565 ἆναστασιν
1375 2505 1548 2565 αὐτοῦ
1578 2507 1852 2582 μυστήρια

249 2596 357 2648 νῦν
386 2591 777 2665 ὀνομαζόμενα,
808 2592 1036 2666 νεύματι
1068 2595 1158 2648 καὶ
1192 2591 1423 2665 δυναμει
1447 2595 1732 2665 γεγένηται
1755 2597 1852 2650 τοῦ

250 2674 451 2749 πατρὸς
486 2680 544 2733 ἐν
566 2698 736 2736 απασι
759 2691 872 2742 τοῖς
896 2676 1222 2750 παραδόξοις
1246 2679 1337 2732 καὶ
1361 2683 1647 2749 σωτηρίοις
1671 2676 1852 2749 λόγοις

250 2782 307 2814 τε
339 2783 428 2815 και
462 2765 639 2832 ἔργοις
668 2757 1132 2835 ῦπερασπίζοντος
1163 2765 1260 2816 τοῦ
1298 2765 1444 2817 ἰδίου
1476 2763 1734 2835 Χριστοῦ.
1873 2779 1915 2811 3ο

366 2896 649 2946 7Ρ5.Ξ.)7,.8
