1992 3186
576 143 881 184 DEMONST.
910 143 1131 186 EVANG.
1160 144 1238 185 1v.
1271 144 1336 183 16.
1645 142 1748 194 265

140 260 408 332 τευομένη
441 264 770 332 περίστασις.
844 260 931 315 ἐπὶ
964 261 1161 332 σχολῆς
1208 259 1268 315 δὲ
1298 257 1394 315 τὸν
1424 257 1557 315 ὅλον
1596 267 1747 316 Ψαλ-
1774 284 1794 315 b

140 342 245 417 μὸν
275 350 660 415 βασανίζοντες
692 341 1113 416 παραστήσομεν
1152 341 1234 399 ὅτι
1266 344 1353 399 ἐπὶ
1384 345 1686 416 μηδέτερον
1716 340 1749 415 ἢ

143 429 232 485 ἐπὶ
270 425 442 500 μόνον
480 425 575 484 τόν
615 432 834 499 σωτῆρα
875 429 967 483 καὶ
1008 425 1203 501 κύριον
1243 425 1399 500 ἡμων
1442 426 1750 501 ἐφαρμόσαι

141 507 213 569 ἂν
254 536 319 568 τα
359 517 709 585 προκείμενα.
778 515 861 568 23.
896 508 1034 567 αλλὰ
1075 514 1167 568 καὶ
1210 509 1473 581 δεύτερον
1514 510 1749 587 Χριστὸς

99 594 538 669 ὅόνομαζόμενος
578 603 703 654 τίνα
741 593 910 652 ἄλλον
950 593 983 668 ἢ
1026 594 1122 652 τὸν
1153 594 1324 652 αὐτὸν
1367 601 1551 668 δηλοῖ,
1591 596 1659 652 οὑ
1690 594 1749 653 τὸ

140 677 525 753 ανταλλαγμα,
570 678 823 752 δηλονότι
862 703 964 751 την
997 682 1319 752 ἐκκλησίαν,
1364 677 1662 737 ωνείδισαν
1692 704 1750 737 τε

141 767 233 821 καὶ
266 766 430 821 εἰσέτι
460 767 567 821 νῦν
596 761 966 832 ὀνειδίζουσιν
991 769 1048 821 oc
1066 766 1351 836 λεγομένοι
1380 768 1479 820 τοῦ
1508 767 1747 838 Χριστοῦ

142 852 361 920 ἐχθροι’;
412 848 478 905 τὰ
526 851 665 920 γοῦν
703 850 803 905 τοῦ
842 851 1085 922 σωτῆρος
1126 844 1283 920 ἡμῶν
1329 846 1483 920 πάθη
1529 846 1563 904 α’
1607 844 1748 921 ὑπὲρ

140 930 297 1005 ἡμῶν
335 929 659 1004 ἀνεδέξατο,
702 933 793 988 καὶ
833 930 1068 1004 μάλιστα
1107 930 1205 987 τόν
1243 930 1492 989 θάνατον
1532 935 1623 989 καὶ
1653 931 1749 989 τὸν

76 1039 117 1071 10
141 1016 408 1090 σταυρὸν,
451 1021 555 1082 πᾶς
596 1012 624 1072 ὁ
666 1020 761 1087 τῆς
801 1020 1044 1089 Χριστοῦ
1097 1020 1455 1082 διδασκαλίας
1495 1019 1749 1089 πολέμιος

144 1103 501 1169 ἐπονειδίζειν
532 1099 666 1173 ἡμῖν
699 1108 918 1157 εἴωθεν.

740 1285 976 1355 Ψαλμοῦ
1006 1290 1109 1355 ρλα
1123 1281 1151 1339 ’.

143 1384 359 1452 Χριστὸς
380 1386 606 1454 ὀνομαστὶ
644 1386 694 1431 ἐκ
731 1388 994 1454 σπέρματος
1031 1388 1192 1459 Δαβὶδ
1228 1383 1566 1455 ανιστοῖμενος,
1605 1388 1745 1455 κέρας
1769 1415 1786 1436 c

144 1445 303 1498 Δαβὶδ
333 1438 700 1512 ὀνομαζόμενος,
739 1441 848 1494 τοὺς
872 1439 1135 1493 Ἰουδαιους
1157 1441 1372 1511 ἐχθροὺς
1400 1442 1748 1502 καταισχύνων,

81 1544 121 1577 15
525 1497 576 1543 τὸ
600 1496 812 1554 ἆγιάσμα
835 1500 918 1543 τοῦ
939 1497 1116 1554 πατρὸς
1141 1496 1372 1545 ἅνανεῶν,

265 1598 503 1675 “’Ώμοσε
546 1601 734 1676 κύριος
773 1606 851 1678 τῷ
883 1605 1070 1674 Δαβὶδ
1109 1599 1407 1675 αλήθειαν,
1454 1606 1545 1660 καὶ
1577 1603 1643 1660 οὐ
1674 1603 1748 1677 μὴ

143 1683 403 1759 ἆθετήσει
435 1685 635 1758 αὐτὸν,
669 1690 728 1743 ἐκ
759 1690 975 1761 καρποῦ
1003 1691 1100 1758 τῆς
1131 1693 1339 1752 κοιλίας
1371 1706 1472 1744 σου
1503 1686 1747 1760 θήσομαι

144 1772 232 1827 ἐπὶ
274 1773 370 1827 τοῦ
414 1770 628 1844 θρόνου
669 1790 786 1828 σου.
858 1775 941 1828 24.
979 1769 1093 1828 εἷθ’
1139 1769 1352 1843 ὑποβάς
1394 1789 1565 1844 φησιν
1598 1768 1753 1830 “ε’κεῖ

143 1857 445 1922 ἐξανατελῶ
498 1857 659 1928 κέρας
711 1857 788 1930 τςὸ
832 1857 1051 1926 Δαβὶδ,
1105 1851 1375 1927 ἡτοίμασα
1426 1854 1630 1929 λύχνον
1673 1860 1748 1932 τῷ

78 1962 119 1996 20
142 1942 364 2014 Χριστῷ
392 1955 523 2012 μου·
571 1938 700 2004 τοὺς
734 1939 969 2012 ἐχθρούς
1002 1937 1174 1996 αὐτοῦ
1207 1938 1422 1996 ἐνδύσω
1458 1939 1747 2013 αἰσχύνην,

144 2024 230 2079 ἐπὶ
266 2023 326 2079 δὲ
357 2021 529 2080 αὐτὸν
561 2022 856 2096 ἐξανθήσει
885 2021 945 2080 τὸ
976 2022 1220 2096 ἁγίασμοὲ
1249 2021 1413 2096 μου.”

288 2111 371 2164 25.
415 2104 725 2164 Κάνταῦθα
774 2110 899 2182 περὶ
949 2111 1048 2164 τοῦ
1089 2110 1147 2164 ἐκ
1199 2110 1507 2181 σπέρματος
1559 2111 1747 2180 Λαβὶδ
1770 2135 1794 2166 d

140 2187 376 2263 ὄμνυσιν
416 2190 444 2247 ὁ
487 2190 704 2263 κύριος,
747 2189 883 2263 ὅπερ
927 2194 1141 2264 σπέρμα
1172 2195 1264 2248 καὶ
1304 2195 1466 2266 κέρας
1497 2188 1747 2265 ὀνομάζει

142 2270 328 2332 αὐτοῦ.
386 2277 478 2331 καὶ
509 2274 676 2331 πάλιν
709 2271 971 2348 ὀνομαστὶ
999 2276 1095 2332 τὸν
1126 2275 1366 2346 Χριστὸν
1390 2273 1749 2348 ἀναγορεύων

78 2357 118 2412 25
141 2355 344 2431 λύχνον
373 2351 546 2431 φησὶν
576 2355 929 2431 ἡτοιμακέναι
954 2355 1122 2436 αὐτῷ,
1155 2357 1250 2416 τὸν
1281 2358 1642 2433 προφητικὸν,
1676 2356 1748 2425 ὡς

144 2441 304 2513 εἰκὸς,
336 2441 518 2514 λόγον,
550 2441 646 2500 τὸν
676 2443 1068 2516 προωδευκότα
1098 2446 1198 2500 τοῦ
1212 2448 1474 2515 Χριστοῦ,
1505 2441 1563 2508 ὃς
1581 2442 1748 2515 μόνος

143 2522 371 2595 ἡλιακοῦ
402 2524 582 2598 φωτὸς
616 2532 777 2598 δίκην
806 2542 919 2594 τοῖς
951 2531 1084 2585 πᾶσι
1115 2524 1249 2583 καθ’
1283 2526 1410 2597 ὅλης
1435 2529 1528 2599 τῆς
1559 2532 1748 2583 οἰκου-

142 2610 309 2679 μένης
349 2607 667 2682 ἀνθρώποις
706 2607 1090 2668 ἀνατέταλκεν.
1160 2615 1243 2667 26.
1278 2612 1367 2666 καὶ
1412 2607 1574 2678 αὐτὸς
1617 2610 1676 2666 δὲ
1716 2609 1743 2666 ὁ

143 2693 332 2762 Δαβὶδ
373 2691 570 2765 λύχνος
610 2698 683 2772 τῷ
715 2702 935 2772 Χριστῷ
975 2700 1407 2768 προητοίμαστο,
1450 2693 1522 2759 ὡς
1568 2716 1747 2766 παρα-

258 2886 308 2924 16
339 2885 412 2925 Ps.
439 2886 533 2935 131,
559 2887 622 2924 11.
