1992 3186
266 130 372 183 450
948 133 1199 174 EUSEBII

261 245 606 321 Ἐμμανουὴλ
636 249 815 318 λέγων
839 243 1006 319 “μεθ’
1049 245 1206 320 ἡμῶν
1235 246 1264 304 ὁ
1295 248 1451 315 θεός·
1518 253 1697 322 γνῶτε
1735 257 1878 325 ἔθνη

265 334 358 389 καὶ
388 328 685 405 ἡττᾶσθε.”
737 333 829 387 καὶ
859 334 1033 387 ταῦτα
1066 329 1116 387 δ’
1153 327 1288 405 ἡμῖν
1319 333 1678 406 ἑρμηνεύεται
1710 341 1784 401 εἰς
1815 335 1877 392 τὸ

265 418 612 490 παραστῆσαι
659 412 732 481 ῶς
776 415 907 472 ποτὲ
946 416 1048 488 μὲν
1097 413 1233 472 κατὰ
1284 420 1460 489 λέξιν,
1517 420 1649 477 ποτὲ
1690 420 1751 476 δὲ
1793 417 1870 476 δι’

265 502 538 572 αἰνιγμῶν
577 498 643 555 τὰ
687 506 918 556 πλεῖστα
958 503 1071 556 τῶν
1112 505 1467 574 προφητειῶν
1509 502 1878 576 ἐκλαμβάνειν

266 590 365 641 δεῖ.
432 587 547 640 122.
583 587 752 640 ἔνθεν
784 584 845 640 δὲ
874 582 1230 657 ὁρμωμένους
1252 585 1518 660 προσήκει
1549 590 1640 644 καὶ
1669 585 1735 645 τὰ
1766 596 1875 645 λοι-
1898 610 1919 643 5

262 667 338 724 πά
369 670 464 740 τῆς
498 670 558 725 ἐν
587 669 743 742 χερσὶ
768 675 1108 742 προφητείας
1136 667 1338 742 ὁμοίως
1363 674 1709 745 ἐπιθεωρεῖν.
1757 676 1875 730 123.

151 775 237 816 (334)
267 758 319 809 εί
349 753 409 809 δὲ
441 759 520 809 ἔτι
559 754 650 808 καὶ
693 758 802 810 νῦν
843 758 921 819 εἰς
951 751 1221 826 μέλλοντά
1251 776 1383 811 ποτε
1418 754 1619 829 χρόνον
1647 755 1880 828 γενήσε-

264 847 400 894 σθαι
424 839 596 893 ταῦτα
619 841 675 894 οἱ
698 840 757 894 ἐκ
779 840 1076 910 περιτομῆς
1098 856 1290 910 φασιν,
1324 840 1414 896 ἐπὶ
1435 842 1535 897 τοῦ
1554 845 1879 913 προσδοκω-

262 923 435 994 μένου
478 918 668 988 αὐτοῖς
709 925 952 994 Χριστοῦ
995 925 1172 995 ῥητῶς
1211 921 1384 996 μόνον
1424 925 1516 980 καὶ
1557 923 1693 996 πρὸς
1731 927 1878 992 λέξιν

264 1011 493 1063 ἔσεσθαι
525 1003 667 1062 αὐτὰ
698 1004 1160 1080 προσδεχόμενοι,
1197 1009 1498 1080 ἐρωτητέον
1529 1006 1731 1076 αὐτοὺς
1762 1011 1877 1075 πῶς
1898 1031 1940 1062 10

264 1086 293 1147 ὃ
325 1091 544 1163 μέλλων
574 1087 728 1162 ἥξειν
758 1087 877 1147 κατ’
912 1087 1114 1157 αὐτοὺς
1144 1090 1375 1163 λήψεται
1409 1090 1650 1165 δύναμιν
1679 1104 1878 1166 Δαμα-

265 1177 404 1231 σκοῦ
434 1175 527 1230 καὶ
558 1172 622 1231 τὰ
665 1177 842 1231 σκῦλα
875 1181 1195 1248 Σαμαρείας
1239 1182 1425 1233 ἔναντι
1456 1177 1726 1248 βασιλέως
1749 1175 1877 1234 Ἀσ-

265 1266 497 1331 συρίων,
510 1262 902 1334 καθῃρημένης
926 1260 1028 1332 μὲν
1048 1256 1158 1332 ἤδη
1178 1263 1274 1332 τῆς
1286 1266 1605 1334 Σαμαρείας
1621 1259 1759 1318 κατὰ
1780 1260 1877 1318 τὸν

263 1341 511 1417 παρόντα
541 1342 757 1417 καιρὸν,
789 1345 882 1400 καὶ
912 1344 1102 1416 μηκέτι
1126 1341 1315 1417 οὔσης,
1347 1341 1486 1401 ἄλλα
1516 1347 1607 1401 καὶ
1631 1350 1727 1417 τῆς
1749 1341 1879 1402 ὀνο-

215 1448 236 1481 ι)
262 1430 565 1501 μαζομένης
591 1426 879 1501 δυνάμεως
891 1432 1200 1501 Δαμασκοῦ
1222 1431 1487 1502 μηδαμῶς
1499 1427 1874 1502 ὑπαρχούσης,
1901 1451 1942 1484 15

263 1513 402 1585 μηδὲ
442 1516 537 1584 τῆς
579 1516 690 1569 τῶν
714 1510 1028 1584 Ἀσσυρίων
1059 1518 1418 1585 δυναστείας,
1461 1511 1532 1585 ἣν
1565 1518 1754 1584 Μῆδοι
1784 1515 1876 1570 καὶ

262 1599 476 1670 Πέρσαι
507 1595 840 1663 καθελόντες
870 1595 1041 1654 πάλαι
1070 1597 1202 1654 ποτε
1233 1600 1578 1670 διεδέξαντο,
1619 1589 1699 1654 ῶν
1737 1595 1879 1670 ὁμοῦ

263 1680 492 1738 πάντων
533 1680 670 1738 κατὰ
709 1680 808 1738 τόν
854 1683 1124 1738 ἐνεστῶτα
1165 1679 1359 1754 καιρὸν
1399 1682 1539 1755 μηδὲ
1567 1679 1670 1754 την
1699 1679 1877 1755 ἀρχὴν

262 1761 630 1838 ὑφεστώτων,
672 1769 787 1832 πῶς
834 1765 1076 1823 δυνατὸν
1119 1771 1196 1832 εἰς
1234 1768 1505 1838 μέλλοντα
1544 1764 1746 1838 χρόνον
1773 1762 1878 1836 τὴν

263 1856 595 1923 καθαίρεσιν
625 1847 811 1907 αὐτῶν
841 1853 1187 1923 προσδοκᾶν;
1221 1846 1344 1906 ἀλλ’
1379 1846 1513 1906 οὐδὲ
1538 1847 1731 1906 ἄλλοτε
1762 1846 1873 1905 πῶ-
1896 1873 1938 1911 20

263 1957 395 1991 ποτε
426 1931 598 1990 πάλαι
639 1932 911 2008 πρότερον
948 1937 1287 2004 γεγενῆσθαι
1317 1932 1383 1989 τὰ
1414 1931 1874 2006 προφητευόμενα

263 2023 415 2075 ἔστιν
447 2023 641 2074 εἰπεῖν.
687 2021 801 2072 124.
819 2015 1008 2082 οὐδεὶς
1039 2020 1178 2088 γοῦν
1201 2013 1334 2088 παρ’
1362 2012 1632 2089 Ἑβραίοις
1655 2016 1875 2076 πώποτε

264 2104 323 2158 ἐκ
353 2099 694 2172 προφήτιδος
715 2098 918 2173 μητρὸς
943 2102 1034 2157 καὶ
1057 2096 1286 2157 Ἡσαΐου
1310 2107 1407 2158 τοῦ
1432 2099 1720 2174 προφήτου
1750 2124 1874 2172 γεν-

261 2187 459 2256 νηθεὶς
514 2187 689 2242 σκῦλα
734 2190 1055 2257 Σαμαρείας
1106 2187 1198 2242 καὶ
1251 2183 1493 2258 δύναμιν
1543 2189 1874 2257 Δαμασκοῦ,

215 2303 230 2325 c
262 2267 400 2325 κατὰ
443 2271 544 2325 τοῦ
583 2270 852 2340 βασιλέως
886 2267 1196 2341 Ἀσσυρίων
1225 2268 1590 2343 στρατεύσας,
1633 2267 1706 2335 ῶς
1737 2267 1871 2340 πρὸς
1895 2291 1937 2324 25

263 2352 436 2427 ῥητὴν
468 2351 720 2410 διάνοιαν
751 2350 939 2424 λαβῶν
971 2351 1262 2424 ἱστόρηται.
1310 2357 1424 2409 125.
1460 2350 1599 2410 ῶστε
1617 2355 1668 2420 ἐξ,
1699 2351 1873 2409 ἅπαν-

262 2462 352 2504 τος
382 2433 674 2510 ὁμολογεῖν
715 2434 855 2493 advo}
897 2435 1033 2494 κατὰ
1071 2436 1176 2508 τὴν
1205 2435 1587 2494 ἀποδοθεῖσαν
1618 2435 1873 2493 διάνοιαν

262 2520 443 2594 μόνως
474 2525 902 2595 πεπληρῶσθαι,
935 2519 1040 2578 οὐκ
1069 2518 1262 2578 ἄλλοτε
1295 2519 1508 2593 δηλαδὴ
1539 2517 1572 2593 ἢ
1604 2518 1741 2578 κατα
1770 2519 1873 2592 τὴν

263 2608 568 2678 γενομένην
598 2612 912 2680 παρουσίαν
928 2605 1107 2678 Ἰησοῦ
1131 2610 1230 2661 τοῦ
1262 2626 1504 2679 σωτηρος
1527 2601 1701 2678 ἡμῶν,
1735 2601 1866 2661 καθ’

263 2687 329 2746 ὃν
370 2689 736 2763 ἀπεδείξαμεν
774 2691 926 2757 τέλος
969 2691 1254 2762 εἰληφέναι
1295 2714 1360 2746 τα
1399 2691 1866 2762 προηγορευμένα.
1893 2710 1935 2740 30

266 2777 382 2829 126.
419 2773 632 2846 ἐγραφη
666 2773 717 2830 δ’
762 2799 868 2831 ουν
900 2798 1035 2831 κατα
1065 2797 1167 2845 την
1195 2780 1538 2846 προφητείαν
1568 2776 1658 2830 καὶ
1688 2771 1716 2830 ὁ
1749 2796 1838 2828 και

263 2854 357 2922 νὸς
407 2855 568 2929 τόμος
609 2861 697 2914 ε’πὶ
737 2862 832 2930 τῆς
873 2857 1046 2915 αυτοῦ
1087 2864 1420 2931 παρουσίας,
1473 2856 1501 2915 ὁ
1542 2863 1636 2930 τῆς
1676 2863 1869 2927 καινῆς·
