1992 3186
264 138 369 190 322
942 140 1190 182 EUSEBII

221 289 238 311 c
256 253 386 312 “καὶ
419 255 573 312 εἶπεν
602 251 631 313 ὃ
662 253 825 327 θεὸς,
858 252 924 312 οῦ
956 254 1126 312 καλὸν
1151 254 1293 313 εἶναι
1315 254 1412 314 τὸν
1441 255 1747 331 ἄνθρωπον
1775 258 1870 333 μό-

262 364 391 413 νον,
423 338 742 412 ποιήσωμεν
773 336 922 416 αὐτῷ
954 339 1169 412 βοηθὸν
1198 338 1317 398 κατ’
1354 338 1581 399 αὐτόν.”

387 429 435 482 2.
469 426 580 480 Καὶ
610 428 703 481 ἵνα
733 446 799 496 γε
828 421 903 497 μή
932 447 1014 491 τις
1043 422 1179 499 πρὸς
1210 421 1475 498 ἀγγέλους
1512 432 1686 484 ταῦτα
1718 433 1871 503 εἰρῆ-

262 518 396 565 σθαι
424 514 697 581 νομίσειε,
739 512 1072 582 παραχρῆμα
1113 513 1275 581 δηλοῖ
1309 508 1407 567 τὸν
1436 515 1870 585 κεκελευσμένον

261 590 362 649 οὐκ
392 589 627 665 ἄγγελον
657 590 790 650 ὄντα
819 597 988 664 θεοῦ,
1029 594 1207 665 λέγων
1230 589 1358 650 “καὶ
1391 597 1648 667 ἐποίησεν
1677 592 1705 653 ὁ
1736 596 1868 664 θεὸς
1890 621 1917 653 ε»

259 674 357 734 τὸν
385 674 720 751 ἄνθρωπον,
752 673 874 735 κατ’
910 676 1097 737 εἰκόνα
1125 681 1265 735 θεοῦ
1297 681 1556 751 ἐποίησεν
1585 676 1811 739 αὐτόν.”

826 888 958 948 Ἀπὸ
988 896 1084 963 τῆς
1117 889 1302 964 αὐτῆς.

251 991 333 1045 Ὡς
368 989 392 1038 ὃ
426 990 570 1046 αὐτὸς
598 998 774 1053 Μωσῆς
812 993 900 1042 δύο
936 997 1214 1099 σθαφῖστατοι
1242 1000 1436 1055 κυρίους
1471 995 1867 1052 οἷνεπικαλύπτως

987 1070 1035 1098 εο
1067 1070 1183 1110 ογει.

544 1152 598 1175 ee(

212 1185 234 1216 d
386 1166 505 1215 VIII.
549 1228 552 1231 ἢ
596 1165 643 1214 Ο
671 1155 823 1229 ἥλιος
864 1157 1144 1216 ἀνέτειλεν
1194 1161 1284 1216 ἐπὶ
1317 1159 1421 1232 τὴν
1449 1164 1585 1233 γῆν,
1617 1163 1708 1218 καὶ
1738 1159 1867 1219 Aah
1890 1184 1930 1216 10

259 1241 522 1311 εἰσῆλθεν
553 1246 631 1306 εἰς
662 1240 899 1315 Σηγώρ,
943 1244 1035 1300 καὶ
1066 1245 1255 1317 ἔβρεξε
1296 1242 1486 1319 κύριος
1519 1247 1607 1302 ἐπὶ
1639 1243 1867 1319 Σόδομα

255 1333 418 1380 θεῖον
448 1326 540 1380 καὶ
570 1328 683 1399 πῦρ
714 1324 864 1399 παρὰ
894 1326 1147 1402 κυρίου.”

383 1412 431 1465 2.
476 1412 687 1482 Σαφῶς
720 1409 983 1484 δεύτερον
1013 1409 1371 1487 ἀναγορεύει,
1403 1410 1469 1470 ὃν
1499 1414 1591 1470 καὶ
1617 1411 1868 1472 διδάσκει

255 1491 406 1565 παρὰ
445 1495 544 1550 τοῦ
583 1499 827 1566 μείζονος
873 1497 1241 1570 ἐπιτραπέντα
1279 1495 1383 1569 τὴν
1422 1495 1560 1554 κατὰ
1600 1503 1712 1556 τῶν
1743 1495 1867 1555 ἀσε-

256 1582 374 1648 βῶν
425 1576 766 1650 ποιήσασθαι
804 1586 1088 1655 τιμωρίαν.
1171 1580 1318 1654 πλὴν
1369 1578 1495 1638 ἀλλ’
1542 1588 1592 1639 εἰ
1627 1585 1722 1639 καὶ
1763 1581 1864 1640 δύο
1889 1605 1932 1636 15

255 1666 485 1734 κυρίους
525 1658 982 1731 άνεπικαλύπτως
1021 1660 1427 1739 ὁμολογοῦμεν,
1481 1663 1603 1723 ἀλλ’
1659 1663 1727 1723 οὐ
1773 1669 1866 1723 καὶ

255 1757 375 1812 ταῖς
426 1743 638 1819 ὁμοίαις
692 1744 777 1804 ἐπ’
832 1746 1162 1824 ἀμφοτέροις
1212 1748 1475 1823 χρώμεθα
1525 1755 1864 1821 θεολογίαις·

256 1827 498 1902 εὐσεβῶς
550 1832 611 1888 δὲ
660 1834 727 1906 τῇ
777 1830 925 1900 τάξει
973 1831 1243 1906 χρώμενοι
1295 1833 1391 1889 τὸν
1449 1834 1552 1906 μὲν
1603 1831 1865 1891 ἀνωτάτω

253 1916 462 1988 πατέρα
493 1918 585 1972 καὶ
614 1914 752 1972 θεὸν
774 1918 867 1972 καὶ
890 1915 1106 1988 κύριον,
1138 1918 1230 1972 καὶ
1260 1918 1359 1973 τοῦ
1383 1918 1647 1991 δευτέρου
1670 1916 1866 1989 κύριον

254 1999 347 2054 καὶ
375 1997 515 2055 θεὸν
540 1998 684 2056 εἶναι
707 1997 1136 2072 πεπαιδεύμεθα
1151 2015 1162 2024 ·
1210 1997 1307 2056 τόν
1333 2000 1394 2056 δὲ
1418 2004 1516 2058 τοῦ
1539 2004 1682 2058 θεοῦ
1699 2000 1865 2074 λόγον
1886 2024 1927 2056 20

251 2080 349 2138 τὸν
382 2080 644 2156 δεύτερον
673 2081 896 2156 κύριον,
936 2087 1048 2140 τῶν
1089 2083 1192 2155 μὲν
1221 2082 1317 2140 ὑπ’
1367 2082 1538 2142 αὐτὸν
1570 2084 1863 2158 δεσπότην,

252 2161 437 2222 οὐκέτι
478 2166 539 2222 δὲ
576 2164 776 2239 ὁμοίως
817 2168 908 2222 καὶ
948 2172 1047 2223 τοῦ
1088 2174 1349 2239 μείζονος.
1421 2173 1468 2225 3.
1511 2165 1578 2225 οῦ
1618 2167 1726 2243 γάρ
1765 2175 1864 2226 τοῦ

142 2277 230 2319 (233)
255 2248 460 2322 πατρὸς
492 2248 713 2323 κύριος,
746 2246 877 2307 οὐδὲ
907 2256 1004 2307 τοῦ
1034 2249 1237 2325 πατρὸς
1267 2250 1428 2324 θεὸς,
1461 2250 1490 2308 ὁ
1520 2250 1652 2318 θεὸς
1683 2251 1862 2325 λόγος,

254 2330 377 2391 ἀλλ’
424 2337 639 2392 ἐκείνου
685 2335 788 2408 μὲν
841 2334 1005 2392 εἰκών
1059 2337 1151 2391 καὶ
1202 2333 1360 2407 λόγος
1411 2338 1504 2392 καὶ
1551 2342 1722 2408 σοφία
1770 2338 1863 2392 καὶ

259 2417 512 2492 δύναμις,
542 2422 654 2477 τοῖν
681 2420 740 2476 δὲ
772 2415 893 2492 μετ’
927 2416 1099 2476 αὐτὸν
1132 2418 1402 2491 δεσπότης
1431 2420 1525 2475 καὶ
1547 2417 1738 2492 κύριος
1769 2421 1861 2476 καὶ
1883 2442 1924 2474 25

252 2501 410 2569 θεός·
459 2500 488 2560 ὁ
521 2505 588 2560 δέ
611 2527 674 2577 γε
703 2501 883 2576 πατὴρ
913 2504 1004 2560 καὶ
1044 2506 1141 2560 τοῦ
1171 2506 1301 2559 υἱοῦ
1330 2501 1509 2576 πατὴρ
1550 2504 1642 2559 καὶ
1673 2502 1862 2577 κύριος

253 2589 344 2645 καὶ
372 2586 520 2654 θεός.
579 2585 717 2646 ὅθεν
748 2578 981 2654 εἰκότως·
998 2584 1395 2662 ἀνατρέχουσιν
1419 2592 1496 2653 εἰς
1521 2591 1655 2659 μίαν
1685 2584 1862 2660 ἀρχὴν

254 2674 347 2728 καὶ
389 2677 467 2738 εἰς
507 2675 604 2729 ἕνα
644 2671 784 2731 θεὸν
814 2678 1150 2730 συνίσταται
1187 2667 1323 2744 ἡμῖν
1362 2670 1428 2727 τὰ
1466 2674 1560 2744 τῆς
1594 2669 1861 2744 εὐσεβοῦς

253 2762 560 2828 θεολογίας.

370 2895 391 2932 1
425 2893 537 2937 Gen.
561 2897 600 2946 2,
626 2895 691 2934 18.
867 2895 892 2934 5
926 2893 1036 2935 Gen.
1062 2894 1100 2944 1,
1125 2894 1191 2932 27.
1372 2894 1423 2933 10
1457 2892 1568 2933 Gen.
1594 2894 1659 2943 19,
1684 2893 1752 2933 23.
