1992 3186
247 117 349 169 306
922 117 1172 158 EUSEBH

247 230 615 306 ἀνηγόρευον·
674 231 771 288 τὸν
813 233 874 288 δε
918 230 1180 306 δεύτερον
1211 230 1401 290 οὐκέθ’
1438 230 1668 307 ὁμοίως,
1702 241 1857 303 ἰδίως

251 314 305 374 δ’
341 315 511 374 αὐτὸν
541 315 738 388 κύριον
770 312 1066 388 ωνόμαζον.
1139 320 1188 374 4.
1225 316 1446 384 εἰκότως
1477 310 1582 375 οὖν
1612 315 1640 376 ὁ
1673 319 1856 393 σωτὴρ

248 404 339 458 καὶ
370 400 557 474 κύριος
587 399 776 472 ἡμῶν,
818 396 984 465 αὐτὸς
1008 398 1215 472 Ἰησοῦς
1245 397 1273 457 5
1306 402 1540 475 Χριστὸς
1569 406 1669 460 τοῦ
1697 407 1855 474 θεον,

250 483 506 558 ἐρόμενός
548 506 678 541 ποτε
717 481 846 550 τούς
890 481 1289 591 Φαρισαίουςε
1292 483 1371 542 τί
1408 482 1543 559 ὑμιν
1591 489 1716 561 περὶ
1759 491 1859 545 τοῦ

204 605 221 626 c
249 572 488 643 Χριστοῦ
515 573 690 638 δοκεῖ;
723 573 872 634 τίνος
897 570 1046 624 ἐστιν
1076 565 1251 637 υιός;”
1290 568 1596 627 εἰπόντων
1603 567 1898 628 “τοῦΔα-5

247 650 379 725 βίδ”
420 647 717 724 ἐπιλέγει“
729 655 845 717 πῶς
886 653 989 708 οὐν
1028 654 1219 752 A‘assffi
1262 655 1321 710 ἐν
1361 652 1632 727 πνεύματι
1662 655 1859 728 κύριον

247 735 421 795 αὐτὸν
442 745 603 794 καλει
631 737 828 808 λέγων,
861 736 1016 793 εἶπεν
1046 732 1074 792 5
1098 735 1287 810 κύριος
1309 742 1383 814 τῷ
1408 744 1582 816 κυρίω
1606 763 1731 812 μου,
1765 738 1858 796 κά-

244 832 356 879 θου
383 825 442 878 ἐκ
465 824 662 889 δεξιῶν
684 845 790 894 μου
805 817 861 890 ;”
894 822 1194 893 μονονουχὶ
1222 820 1544 895 ἑρμηνεύων
1567 823 1670 896 τὴν
1692 825 1858 895 λέξιν,

247 902 319 973 ὥς
351 903 416 963 ού
447 904 621 979 μόνον
650 907 950 976 τούΛαβὶδ
973 903 1168 979 κύριον
1192 905 1361 962 αὐτὸν
1383 905 1856 980 ἀναγορεύουσαν,

246 988 384 1046 ἄλλα
423 989 527 1064 γὰρ
568 992 659 1046 καὶ
698 992 799 1046 τοῦ
839 992 899 1045 ἐν
937 993 1012 1066 τῷ
1044 988 1299 1062 προφήτη
1339 989 1664 1064 πνεύματος.
1726 995 1773 1049 5.
1810 998 1859 1048 εί
1883 1019 1922 1049 10

247 1075 307 1131 δὲ
346 1073 406 1131 τὸ
459 1080 676 1147 πνεῦμα
728 1072 786 1130 τὸ
827 1071 1199 1147 προφητικὸν,
1240 1081 1400 1130 τοῦτο
1443 1071 1497 1131 δ’
1538 1073 1673 1147 ἡμῖν
1716 1076 1857 1133 εἶναι

245 1164 603 1215 πεπίστευται
634 1157 694 1214 τὸ
725 1156 884 1230 ἅγιον
914 1160 1163 1230 πνεῦμα,
1203 1154 1464 1230 ὁμολογεῖ
1487 1164 1683 1217 τοῦτον
1715 1161 1858 1217 εἶναι

245 1241 468 1351 κύριον,
510 1239 575 1299 ὃν
615 1241 934 1315 σύνθρονον
975 1242 1117 1298 εἶναι
1159 1245 1257 1299 τοῦ
1289 1242 1490 1317 πατρὸς
1523 1242 1858 1316 ἐκδιδάσκει,

245 1329 337 1384 καὶ
376 1351 478 1384 ουκ
516 1325 831 1396 ἆπολύτως,
887 1322 1026 1383 ἄλλα
1066 1327 1157 1381 καὶ
1201 1328 1403 1383 ἑαυτοῦ
1443 1326 1668 1401 κύριον,
1722 1327 1858 1384 κατὰ

199 1438 220 1469 d
246 1409 389 1468 πολυ
419 1412 588 1468 πλέον
627 1413 719 1466 καὶ
759 1414 970 1482 μᾶλλον
999 1406 1149 1467 τοῦτ’
1183 1405 1253 1467 ἂν
1284 1419 1496 1468 εἰποιεν
1534 1416 1598 1468 αἱ
1631 1410 1766 1484 μετὰ
1797 1411 1855 1469 τὸ
1881 1436 1920 1468 15

244 1494 403 1568 ἅγιον
433 1517 653 1568 πνευμα
684 1497 898 1566 λογικαὶ
931 1492 1222 1567 δυνάμεις,
1265 1493 1302 1567 ἤ
1331 1519 1389 1552 τε
1420 1494 1684 1568 σύμπασα
1714 1492 1857 1570 ὁρω-

243 1582 381 1653 μένη
411 1602 470 1636 τε
489 1582 562 1637 ἐν
593 1577 806 1652 σώμασι
829 1580 920 1636 καὶ
948 1582 1007 1636 ἐν
1031 1575 1338 1651 οἷσωματοις
1363 1581 1575 1637 ἑστωσα
1599 1585 1858 1680 δημιουρ-

244 1671 366 1737 γία,
406 1657 471 1737 ἧς
515 1662 730 1737 ἆπασης
772 1661 995 1729 εἰκότως
1035 1688 1106 1721 αν
1147 1668 1544 1737 καταδειχθείη
1597 1662 1784 1736 κύριος
1828 1660 1858 1720 5

244 1747 411 1822 μόνος
452 1752 548 1806 τοῦ
588 1746 791 1821 πατρὸς
832 1746 1171 1821 σύνθρονος,
1215 1746 1291 1804 δι’
1346 1749 1412 1804 οὐ
1459 1771 1526 1804 τα
1565 1746 1858 1819 σύμπαντα

246 1835 492 1905 ἐγένετο,
535 1830 618 1890 ὅτι
660 1832 728 1905 δὴ
760 1831 896 1890 κατὰ
934 1831 1032 1890 τὸν
1071 1829 1390 1903 θαυμάσιον
1427 1828 1734 1887 ἀπόστολον
1755 1830 1856 1888 “ε’ν
1878 1856 1919 1888 20

245 1914 396 1994 αὐτῷ
435 1921 664 1989 ἐκτίσθη
705 1915 772 1973 τα
812 1914 992 1973 πάντα
1028 1913 1094 1972 τοὶ
1135 1919 1194 1972 ἐν
1223 1928 1337 1980 τοῖς
1380 1911 1639 1987 οὐρανοῖς
1669 1915 1858 1972 καὶτὰ

247 2004 335 2057 ἐπὶ
364 2004 458 2073 τῆς
489 2004 617 2072 γῆς,
651 2009 763 2058 εἴτε
792 1998 962 2072 ὁρατὰ
994 2009 1102 2056 εἴτε
1135 1995 1398 2072 ἆόρατα.”
1444 2004 1491 2056 6.
1525 1997 1698 2071 μόνον
1720 2005 1858 2072 γοῦν

248 2082 392 2150 εἰκὸς
423 2081 596 2140 αὐτὸν
617 2087 711 2155 τῆς
741 2089 839 2141 τοῦ
863 2082 1066 2158 πατρὸς
1089 2081 1398 2156 ὁμοιώσεως
1423 2089 1571 2156 ἔχειν
1585 2081 1644 2140 τὸ
1669 2088 1855 2158 κῦρος,

246 2163 319 2234 ὦς
361 2163 431 2224 ἂν
469 2169 562 2223 καὶ
601 2166 773 2240 μόνον
812 2166 1135 2238 σύνθρονον
1173 2173 1272 2224 τοῦ
1314 2168 1518 2240 πατρὸς
1562 2165 1857 2224 ἀναδεδει-

245 2254 463 2326 γμένον.
526 2250 808 2324 πρόδηλον
837 2243 939 2308 οὗν
969 2249 1051 2308 ὅτι
1082 2250 1276 2309 οὐδενὶ
1305 2254 1417 2307 τῶν
1446 2253 1731 2324 γεννητῶν
1759 2254 1854 2308 θέ-
1877 2275 1919 2307 25

245 2360 335 2410 μις
365 2339 478 2394 τῶν
511 2338 708 2404 δεξιῶν
738 2343 929 2409 λαχεῖν
952 2339 1048 2407 τῆς
1072 2338 1574 2408 παντοκρατορικῆς
1606 2333 1775 2406 ἀρχῆς
1797 2358 1856 2392 τε

246 2422 338 2478 καὶ
369 2426 680 2494 βασιλείας,
726 2426 776 2477 εἰ
803 2417 877 2494 μὴ
908 2417 1015 2493 ἄρα
1046 2421 1130 2478 ἑνὶ
1159 2417 1310 2495 μόνῳ
1341 2422 1416 2494 τῷ
1458 2417 1549 2475 διὰ
1578 2421 1691 2474 τῶν
1723 2439 1854 2492 προ-

247 2508 518 2579 κειμένων
548 2510 809 2571 ποικίλως
838 2505 1279 2579 θεολογουμένςο.
1339 2507 1383 2558 7.
1424 2504 1720 2574 ἐπίστησον
1750 2495 1856 2559 οὖν

135 2618 224 2658 (221)
252 2588 324 2656 ὡς
355 2587 490 2663 πρὸς
522 2592 618 2646 ἕνα
649 2591 740 2647 καὶ
771 2587 867 2646 τὸν
897 2585 1068 2645 αὐτὸν
1097 2586 1126 2645 5
1157 2584 1417 2648 ἀνωτάτω
1459 2589 1551 2643 καὶ
1595 2587 1682 2642 ἐπὶ
1714 2583 1856 2642 πάν-

246 2698 358 2731 των
388 2673 588 2747 κύριος,
609 2676 700 2730 καὶ
730 2671 833 2745 τὴν
856 2668 1074 2730 “κοῖθου
1107 2674 1166 2728 ἐκ
1197 2672 1394 2738 δεξιῶν
1416 2667 1561 2744 μου”
1597 2675 1854 2743 δωρεῖται
1875 2692 1918 2725 30

361 2868 411 2906 21
446 2865 542 2906 Col.
570 2868 606 2914 1,
636 2868 703 2907 16.
