1992 3186
264 103 367 157 628
958 103 1206 144 EUSEBH

265 220 508 293 καταβὰς
552 223 611 277 ἐν
649 215 797 294 αὐτῷ
835 223 912 295 τῷ
951 221 1164 294 Ψαλμῷ
1203 221 1451 293 ἐπιφέρει
1489 223 1669 292 λέγων
1698 218 1873 293 “έμοῦ

267 306 327 363 δὲ
359 305 450 362 διὰ
480 302 581 376 τὴν
610 300 848 360 ἀκακίαν
877 298 1240 375 ἀντελάβου,”
1273 310 1461 375 σαφῶς
1490 303 1550 362 τὸ
1581 303 1872 379 ἀπειρόκα-

265 414 365 447 κον
431 391 529 445 τοῦ
587 389 726 444 θεοῦ
795 385 1077 460 παριστάς.
1163 390 1279 453 πῶς
1337 388 1399 445 δὲ
1452 386 1547 455 τὰς
1607 387 1873 463 ἡμετέρας

265 470 532 546 ἁμαρτίας
575 474 956 544 ἐξοικειοῦται,
1000 472 1091 528 καὶ
1134 474 1251 539 πῶς
1289 474 1483 544 φέρειν
1527 475 1740 545 λέγεται
1778 471 1873 540 τὰς

264 557 495 629 ἀνομίας
525 555 701 630 ἡμῶν,
735 552 767 627 ἢ
799 553 930 612 καθ’
965 552 995 613 ὃ
1020 559 1176 628 σῶμα
1207 554 1379 613 αὐτοῦ
1411 557 1553 614 εἶναι
1577 556 1871 630 λεγόμεθα,
1896 575 1917 608 5

263 640 400 699 κατα
439 640 536 698 τὸν
575 637 884 698 ἀπόστολον
922 637 1179 712 φήσαντα
1216 636 1412 714 “ὑμεῖς
1460 641 1518 698 δὲ
1558 641 1678 698 ἐστὲ
1718 645 1875 714 σῶμα

263 728 535 800 Χριστοῦ,
567 726 659 782 καὶ
690 726 827 798 μέλη
861 728 919 781 ἐκ
949 722 1217 798 μέρους;”
1288 729 1373 781 22.
1421 727 1513 782 καὶ
1544 723 1676 783 καθ’
1711 721 1743 782 ὃ
1771 723 1879 782 πά-

265 831 492 884 σχοντος
516 808 638 875 ἑνὸς
660 810 860 882 μέλους
884 807 1197 882 συμπάσχει
1227 807 1407 867 πάντα
1434 807 1499 866 τὰ
1522 812 1678 883 μέλη,
1704 807 1877 876 οὕτως

265 899 378 952 τῶν
420 898 640 951 πολλῶν
681 897 866 966 μελῶν
904 893 1232 966 πασχόντων
1283 896 1374 951 καὶ
1425 892 1877 967 ἁμαρτανόντων,

223 1014 242 1036 c
267 982 359 1037 καὶ
390 975 556 1044 αὐτὸς
587 976 724 1035 κατὰ
753 978 882 1045 τοὺς
920 980 1015 1050 τῆς
1058 986 1410 1051 συμπαθείας
1451 977 1668 1051 λόγους,
1701 978 1877 1051 (ἐπει-
1900 995 1940 1028 10

269 1062 446 1137 δήπερ
479 1060 749 1136 εὐδόκησε
787 1067 928 1120 θεοῦ
959 1061 1120 1135 λόγος
1160 1059 1240 1120 ὢν
1278 1062 1500 1137 μορφὴν
1541 1061 1748 1141 δούλου
1787 1071 1880 1120 λα·

267 1155 392 1221 βεῐν
434 1150 526 1204 καὶ
565 1151 642 1223 τῷ
683 1150 851 1223 κοινῷ
893 1144 1119 1204 πάντων
1157 1143 1314 1219 ἡμῶν
1355 1145 1670 1220 σκηνώματι
1711 1167 1878 1205 συνα-

266 1232 511 1306 φθῆναι)
537 1231 667 1297 τοὺς
697 1234 808 1288 τών
839 1229 1167 1303 πασχόντων
1197 1235 1383 1312 μελῶν
1411 1230 1616 1298 πόνους
1644 1237 1720 1298 εἰς
1753 1234 1878 1288 ἑαυ-

264 1316 361 1375 τὸν
379 1313 777 1388 ἀναλαμβάνει,
791 1317 882 1372 καὶ
900 1315 994 1382 τὰς
1007 1311 1271 1388 ἡμετέρας
1290 1314 1490 1383 νόσους
1512 1321 1897 1388 ἰδιοποιεῖταιζ

268 1403 359 1458 καὶ
412 1399 638 1457 πάντων
688 1395 845 1472 ἡμῶν
886 1398 1192 1472 ὑπεραλγεϊ
1241 1401 1333 1458 καὶ
1383 1396 1694 1472 ὑπερπονεῖ
1742 1399 1879 1458 κατὰ
1901 1415 1942 1447 15

267 1483 393 1551 τούς
432 1488 527 1558 τῆς
570 1489 1000 1556 φιλανθρωπίας
1045 1483 1264 1558 νόμους.
1339 1489 1423 1542 23.
1483 1482 1550 1542 οὐ
1600 1483 1772 1557 μόνον
1819 1484 1880 1543 δὲ

267 1574 441 1627 ταῦτα
465 1567 671 1642 πράξας
695 1567 722 1626 ὁ
748 1567 918 1642 ἀμνὸς
947 1573 1046 1626 τοῦ
1075 1572 1235 1641 θεοῦ,
1271 1565 1411 1626 άλλόι
1440 1571 1532 1626 καὶ
1556 1565 1699 1642 ὑπὲρ
1724 1564 1881 1643 ἡμῶν

223 1677 246 1710 d
271 1655 566 1719 κολασθεὶς
608 1655 700 1710 καὶ
741 1659 1011 1726 τιμωρίαν
1039 1651 1302 1726 ὑποσχών
1332 1650 1404 1726 ἣν
1443 1650 1606 1720 αὐτὸς
1635 1654 1738 1726 μὲν
1777 1652 1881 1711 οὐκ

272 1736 539 1811 ὤφειλεν,
593 1734 716 1794 ἀλλ’
764 1736 921 1810 ἡμεῖς
962 1743 1061 1795 τοῦ
1100 1736 1354 1811 πλήθους
1394 1741 1584 1796 ἕνεκεν
1624 1743 1737 1798 τῶν
1787 1760 1879 1795 πε-

271 1825 767 1896 πλεμμελημένων,
810 1820 944 1894 ἡμῖν
987 1831 1159 1889 αἴτιος
1199 1825 1294 1894 τῆς
1336 1827 1448 1879 τῶν
1477 1817 1881 1895 ἁμαρτημάτων
1903 1837 1944 1868 20

271 1906 521 1980 ἀφέσεως
553 1909 812 1979 κατέστη,
856 1903 950 1963 ἅτε
979 1905 1076 1963 τὸν
1104 1902 1246 1977 ὑπὲρ
1289 1901 1445 1978 ἡμῶν
1474 1900 1882 1978 ἀναδεξάμενος

271 1991 550 2062 θάνατον,
591 1989 856 2063 μάστιγάς
894 2013 953 2046 τε
994 1991 1086 2046 καὶ
1124 1987 1315 2062 ὕβρεις
1356 1991 1448 2046 καὶ
1489 1987 1706 2062 ἀτιμίας
1748 1985 1882 2063 ἡμῖν

273 2075 703 2146 ἐποφειλομένας
746 2080 822 2140 εἰς
863 2071 1034 2130 αὑτὸν
1072 2075 1412 2146 μετατιθεὶς,
1466 2076 1558 2130 καὶ
1598 2071 1699 2146 τὴν
1750 2070 1884 2146 ἡμῖν

272 2160 782 2231 προστετιμημένην
812 2155 1058 2228 κατάραν
1090 2155 1178 2229 ἐφ’
1217 2157 1416 2215 ἑαυτὸν
1440 2157 1691 2230 ἑλκύσας,
1723 2157 1883 2231 γενό-

275 2267 437 2315 μενος
468 2240 610 2314 ὑπὲρ
642 2240 798 2314 ἡμῶν
829 2239 1063 2313 κατάρα·
1134 2243 1226 2298 καὶ
1256 2248 1314 2298 τί
1339 2241 1442 2316 γὰρ
1474 2239 1607 2300 ἄλλο
1661 2238 1695 2314 ἢ
1725 2240 1881 2298 ἀντί·
1903 2254 1944 2288 25

275 2341 484 2400 ψυχον;
547 2325 632 2383 διό
664 2344 836 2398 φησιν
869 2329 920 2394 ἐξ
952 2321 1218 2399 ἡμετέρου
1259 2324 1559 2399 προσώπου
1603 2324 1663 2382 τὸ
1696 2324 1883 2398 λόγιον

263 2407 379 2487 “τῷ
411 2409 638 2483 μώλωπι
671 2407 844 2468 αὐτοῦ
875 2409 1031 2483 ἡμεῖς
1066 2409 1331 2483 ίάθημεν,
1379 2412 1469 2467 καὶ
1511 2409 1699 2484 κύριος
1745 2432 1881 2483 παρ-

277 2498 484 2552 έὸωκεν
519 2492 690 2552 αὐτὸν
729 2510 848 2561 ταῖς
888 2493 1176 2569 ἁμαρτίαις
1215 2491 1432 2567 ἡμῶν,”
1475 2491 1613 2552 ὥστε
1660 2492 1882 2560 εἰκότως

278 2582 423 2636 ἑνῶν
471 2578 668 2636 ἑαυτὸν
708 2575 843 2652 ἡμῖν
884 2575 1023 2652 ἡμᾶς
1062 2602 1120 2635 τε
1163 2574 1340 2654 αὐτῷ,
1395 2581 1486 2635 καὶ
1537 2577 1602 2636 τα
1646 2578 1882 2652 ἡμέτερα

277 2662 431 2736 πάθη
466 2662 919 2737 ἰδιοποιούμενος,
951 2665 1127 2736 φησὶν
1148 2661 1294 2735 “c-²21&
1337 2663 1493 2734 εἶπα,
1536 2661 1693 2737 κύριε
1725 2665 1876 2736 ἐλέη-
1901 2677 1944 2710 30

392 2857 416 2895 6
451 2858 490 2896 1.
514 2857 615 2899 cor.
639 2859 704 2907 12,
729 2859 796 2898 27.
970 2858 1022 2897 27
1055 2858 1132 2897 Es.
1155 2858 1223 2907 53,
1247 2857 1286 2907 5,
1310 2857 1348 2895 6.
