1946 3158
222 154 242 204 1
256 153 323 205 62
922 155 1170 197 EUSEBH

214 267 467 346 ἢτρέφει
508 274 644 348 ζῷον
683 268 717 343 ἢ
771 269 907 345 ἀὴρ,
950 262 993 347 ᾦ
1037 269 1103 328 οὐ
1148 271 1416 346 πρόσεστί
1464 296 1527 346 γε
1558 272 1825 346 μίασμα)

167 382 189 414 d
213 354 364 432 μόνῳ
399 356 459 413 δὲ
489 359 665 432 χρῷτο
712 354 849 429 πρὸς
889 351 1059 412 αὐτὸν
1097 352 1183 414 ἀεὶ
1224 362 1299 433 τῷ
1345 362 1616 457 κρείττονι
1657 355 1822 435 λόγῳ,

212 444 355 513 λέγω
381 441 443 498 δε
465 443 540 516 τῷ
571 439 644 513 μὴ
672 438 763 496 διὰ
786 437 1050 513 στόματος
1076 438 1234 513 ἰόντι,
1266 463 1413 514 παρα
1429 442 1490 499 δε
1512 444 1609 500 τοῦ
1635 447 1820 499 καλλί-

211 546 345 582 στου
375 527 486 582 τῶν
515 522 694 582 ὄντων
720 524 811 581 διὰ
839 526 939 581 τοῦ
967 530 1263 582 καλλίστου
1285 529 1382 583 τοῦ
1409 529 1469 585 ἐν
1491 522 1624 599 ἡμῖν
1641 531 1822 635 αἰτοίη

211 608 276 667 τα
301 608 513 682 ἀγαθά
546 611 679 676 νοῦς
706 610 772 666 δέ
791 611 941 667 ἐστιν
963 600 1122 676 οῦτος
1146 607 1388 710 ὀργάνου
1404 607 1477 683 μὴ
1510 607 1817 712 δεόμενοςΡ
1843 633 1866 666 5

120 722 185 764 1⁶3⁹]
342 698 546 751 1213&
577 693 644 766 δὴ
667 686 769 751 οῦν
799 697 971 751 ταῦτα
1001 695 1092 750 καὶ
1123 692 1259 767 πρὸς
1290 718 1400 752 των
1441 691 1572 769 παρ’
1592 692 1821 766 Ἐλλησι

213 781 536 850 διαπρεπῶν
567 776 896 852 φιλοσόφων
926 803 984 836 τε
1015 780 1107 836 καὶ
1137 777 1426 851 θεολόγων
1455 777 1820 853 ὁμολογεῖται,

209 866 325 931 πῶς
367 860 437 920 ἂν
478 872 562 935 εἴη
609 860 816 930 πλανος
847 859 874 919 6
916 862 990 936 μὴ
1031 861 1204 936 μόνον
1243 861 1458 936 λόγους,
1518 860 1639 920 ἀλλ’
1687 868 1820 937 ἔργα

207 951 319 1005 τῶν
369 946 551 1020 λόγων
588 947 732 1004 πολὺ
771 945 1042 1050 πρότερον
1079 962 1193 1014 τοῖς
1241 961 1526 1021 φοιτηταῖς
1575 951 1820 1005 ἐκτελεῖν

208 1032 520 1105 παραδοὺς,
574 1031 645 1089 δι’
704 1024 783 1090 ὠν
835 1056 974 1089 κατα
1018 1030 1115 1090 τὸν
1161 1030 1340 1105 ὀρθὸν
1381 1030 1547 1104 λόγον
1589 1037 1818 1105 ἐμελλον
1842 1056 1885 1088 10

208 1115 548 1191 θεραπεύειν
577 1115 636 1174 τὸ
667 1127 861 1186 θεῖον,
893 1115 1040 1184 όπως
1068 1117 1127 1173 δε
1157 1117 1248 1173 καὶ
1281 1122 1393 1174 τίσι
1423 1116 1604 1189 λόγοις
1635 1141 1687 1174 οι
1717 1140 1819 1174 πα-

209 1203 354 1258 λαιοὶ
389 1199 636 1276 Ἑβραῖοι
674 1199 841 1259 θύειν
886 1199 1328 1274 μνημονεύονται
1382 1199 1726 1274 διειληφότες
1759 1204 1819 1258 ἐν

207 1289 282 1363 τῷ
314 1284 513 1363 πρώτω
559 1284 942 1359 συγγράμματι
985 1292 1081 1358 τῆς
1133 1284 1418 1358 παρούσης
1475 1281 1818 1358 ὑποθέσεως,

95 1395 190 1436 (106)
211 1374 440 1437 ἐκείνοις
472 1367 953 1444 αρκεσθησόμεθα.
1017 1374 1098 1427 13.
1150 1372 1266 1426 ἐπεὶ
1300 1371 1360 1426 δε
1384 1367 1519 1444 πρὸς
1550 1383 1663 1435 τοῖς
1695 1372 1818 1442 ἐξη-

206 1457 493 1529 τασμένοις
525 1462 773 1528 ἔγνωμεν
804 1477 972 1563 παρα
994 1456 1094 1511 τοῦ
1133 1458 1377 1528 Χριστοῦ
1421 1452 1695 1527 μαθόντες
1733 1453 1815 1511 ὅτι
1841 1479 1882 1511 15

206 1537 468 1612 γεννητὸς
498 1535 526 1595 6
559 1537 788 1648 κόσμος,
820 1541 913 1596 καὶ
942 1535 1025 1596 ὅτι
1055 1537 1293 1611 οὐρανὸς
1324 1537 1487 1606 αὐτὸς
1528 1539 1620 1596 καὶ
1664 1535 1816 1647 η’λιος

206 1626 297 1681 καὶ
337 1623 540 1697 σελήνη
582 1625 674 1681 καὶ
714 1643 887 1697 αστρα
913 1630 1046 1698 ὲργα
1085 1627 1227 1681 θεοῦ
1266 1647 1555 1697 τυγχανει,
1597 1624 1690 1680 καὶ
1730 1622 1816 1680 ὅτι

204 1707 307 1782 χρὴ
338 1706 409 1782 μὴ
439 1711 630 1780 ταῦτα,
662 1705 800 1765 ἀλλὰ
831 1709 926 1766 τὸν
956 1708 1190 1782 ποιητὴν
1221 1704 1406 1764 αὐτῶν
1438 1710 1653 1780 σέβειν,
1688 1709 1816 1764 σκέ-

204 1803 421 1860 ψασθαι
454 1798 543 1851 δεῖ
568 1793 642 1867 μὴ
673 1791 781 1867 ἄρα
811 1791 1170 1893 ἠπατήμεθα,
1212 1795 1410 1850 τοῦτον
1450 1788 1588 1866 παρ’
1639 1787 1814 1850 αὐτοῦ

206 1880 565 1952 διδαχθέντες
624 1891 878 1978 φρονεῖν
925 1875 1021 1933 τὸν
1088 1875 1307 1949 τρόπον.
1409 1880 1488 1933 14.
1550 1877 1643 1933 καὶ
1701 1875 1812 1950 μὴν
1835 1900 1878 1933 20

195 1961 471 2037 Ἑβραίων
512 1964 604 2018 καὶ
645 1953 807 2028 οὗτος
848 1962 917 2033 ἠν
957 1957 984 2017 6
1017 1958 1205 2033 λόγος,
1252 1962 1343 2017 καὶ
1378 1959 1705 2034 φιλοσόφων
1753 1961 1814 2018 δε

202 2070 255 2103 οι
313 2044 548 2119 μαλιστα
609 2050 900 2118 διαφανεῖς
940 2059 1054 2111 τοῖς
1113 2043 1301 2112 αὐτοῖς
1362 2048 1812 2119 συνηνέχθησαν,

151 2151 169 2184 b
202 2128 470 2203 γεννητὸν
501 2131 593 2187 καὶ
624 2127 794 2186 αὐτὸν
824 2127 920 2187 τὸν
950 2126 1209 2203 οὐρανὸν,
1243 2132 1334 2187 καὶ
1365 2128 1552 2203 ἥλιον,
1595 2131 1686 2186 καὶ
1717 2150 1813 2187 σε-

202 2214 398 2287 λήνην,
439 2216 530 2271 καὶ
570 2211 766 2287 ἄστρα,
809 2215 900 2270 καὶ
943 2211 1041 2271 τὸν
1093 2214 1387 2288 σύμπαντα
1426 2212 1634 2288 κόσμον
1673 2212 1810 2287 πρὸς
1945 2286 1946 2290 ¹

200 2303 298 2357 τοῦ
328 2302 440 2356 τῶν
470 2296 615 2356 ὅλων
646 2301 877 2371 ποιητοῦ
905 2297 1171 2370 γεγονότα
1201 2295 1633 2372 ἀποφηνάμενοι.
1668 2295 1808 2354 ἀλλὰ
1831 2322 1874 2355 25
1945 2295 1946 2308 ³

201 2386 294 2442 καὶ
334 2385 660 2441 συντέλειαν
701 2384 792 2440 καὶ
833 2380 1143 2456 μεταβολὴν
1182 2381 1284 2454 τὴν
1326 2384 1414 2440 ἐπὶ
1455 2406 1522 2439 τα
1580 2386 1808 2456 κρείττω

200 2472 365 2526 τοῦδε
395 2471 494 2527 τοῦ
522 2466 726 2535 παντὸς
758 2473 987 2526 ἔσεσθαι
1018 2470 1336 2540 προσδοκᾶν
1367 2468 1648 2539 ἐδίδαξεν,
1689 2479 1810 2533 ταῖς

193 2550 465 2628 Εβραίων
496 2555 588 2611 καὶ
618 2555 777 2610 τοῦτο
808 2550 1132 2618 ἀκολούθως
1162 2565 1418 2625 γραφαῖς.
1476 2555 1556 2609 15.
1590 2557 1648 2608 τί
1674 2551 1806 2620 οῦν,

201 2635 323 2711 οῦχὶ
356 2640 447 2696 καὶ
476 2636 505 2695 6
545 2635 786 2696 Πλάτων
826 2635 1048 2710 φύσεως
1090 2640 1255 2708 λυτῆς
1299 2637 1390 2692 καὶ
1432 2638 1688 2708 φθαρτῆς
1729 2635 1806 2692 οἷ-

204 2727 301 2778 δεν
342 2719 513 2780 αὐτόν
563 2746 622 2779 τε
662 2719 904 2795 οὐρανὸν
943 2723 1035 2778 καὶ
1087 2718 1244 2794 ἥλιον
1303 2722 1394 2777 καὶ
1435 2718 1675 2793 σελήνην
1714 2721 1805 2776 καὶ
1829 2743 1872 2775 3ο

200 2806 327 2873 τοὺς
368 2806 591 2874 λοιποὺς
633 2802 884 2881 ἀστέρας,
925 2812 974 2864 εἰ
1015 2807 1104 2862 καὶ
1145 2805 1217 2878 μὴ
1263 2803 1623 2877 λυθήσεσθαί
1666 2822 1804 2877 φησι

197 2894 396 2963 ταῦτα,
436 2893 511 2967 τῷ
541 2889 614 2965 μὴ
645 2889 741 2949 τὸν
771 2889 1130 2966 συμπήξαντα
1155 2888 1489 2963 βούλεσθαι;
1534 2889 1620 2946 16.
1654 2893 1704 2946 εί
1747 2885 1799 2944 δ’
