1992 3186
262 104 367 155 674
940 102 1187 144 EUSEBII

261 218 514 277 θανάτου
544 242 612 292 με
643 217 785 275 πολὺ
814 221 1027 291 μᾶλλον
1057 215 1410 285 ἀνασπάσεις.
1471 224 1554 276 59.
1587 220 1679 275 καὶ
1708 216 1871 276 τοῦτό

260 328 324 377 γε
367 308 598 371 ἐλπίζων
650 305 740 359 ἐπὶ
779 303 842 358 σὲ
884 303 1129 359 πέποιθα
1170 299 1270 359 τὸν
1311 305 1551 375 ἐμαυτοῦ
1600 300 1738 360 θεὸν
1778 303 1871 360 καὶ

261 387 455 461 κύριον
479 389 570 443 καὶ
593 389 820 459 πατέρα,
853 388 946 443 καὶ
974 389 1219 444 πέποιθα
1242 383 1308 444 οὗ
1330 393 1438 444 νῦν
1460 390 1681 459 πρῶτον
1709 385 1872 460 ἀρξά-

262 496 425 546 μενος
454 475 550 543 τῆς
591 477 669 538 εἰς
710 472 772 528 σε
803 474 1055 542 ἐλπίδος,
1097 469 1237 528 ἀλλά
1266 473 1360 528 καὶ
1389 470 1479 528 ὅτε
1508 469 1615 528 ἀπὸ
1645 474 1872 545 μαστῶν

261 554 462 629 μητρός
492 580 601 629 μου
631 555 733 628 τὴν
776 553 1031 628 νηπιῶδη
1061 555 1276 628 τροφὴν
1304 553 1718 629 ἀναλαμβάνων
1748 559 1871 614 ένο-
1893 580 1914 612 5

260 639 492 714 μιζόμην
521 636 723 714 ὁμοίως
752 653 866 706 τοῖς
894 643 1006 697 τῶν
1036 637 1358 713 ἀνθρώπων
1388 642 1656 714 βρέφεσιν
1679 636 1873 713 ἀτελὴς

262 726 405 783 εἶναι
436 727 527 782 καὶ
566 724 788 798 ἄλογος
835 723 911 798 μὴ
951 720 1030 782 ῶν
1059 749 1164 797 γαρ
1194 728 1468 796 τοιοῦτος,
1505 731 1555 782 εἰ
1593 727 1685 782 καὶ
1715 722 1874 798 σῶμά

260 834 352 884 μοι
391 809 582 883 ὅμοιον
621 807 941 883 ἀνθρώποις
982 801 1080 882 ἦν,
1123 806 1247 867 ἀλλ’
1281 834 1347 868 ου
1378 812 1470 867 καὶ
1500 809 1601 884 τὴν
1633 807 1875 882 δύναμιν

260 893 395 952 οὐδὲ
425 894 528 967 τὴν
557 893 756 952 οὐσίαν
783 907 897 961 τοῖς
924 902 1147 961 πολλοῖς
1179 890 1258 951 ῶν
1290 892 1556 968 ἐμφερὴς,
1589 892 1780 960 άνετος
1812 893 1876 951 δὲ

261 981 353 1036 καὶ
384 978 687 1050 ἀπόλυτος,
719 976 809 1037 οἶά
839 996 940 1036 σου
971 982 1070 1036 τοῦ
1097 983 1239 1036 θεοῦ
1268 976 1466 1052 ἀμνὸς,
1508 981 1602 1036 καὶ
1644 981 1698 1047 ἐξ
1730 982 1874 1036 ἐκεί·
1894 1004 1937 1036 10

263 1088 361 1135 νης
393 1069 486 1136 τῆς
509 1060 725 1135 ἡλικίας
748 1061 1213 1136 γαλουχούμενος,
1245 1066 1386 1136 λέγω
1421 1061 1490 1136 δὴ
1513 1061 1620 1120 ἀπὸ
1650 1066 1877 1136 μαστῶν

262 1155 357 1219 τῆς
388 1147 590 1222 μητρός
619 1172 742 1221 μου.
810 1153 892 1204 60.
926 1150 1018 1204 καὶ
1049 1145 1205 1205 οὔπω
1235 1152 1397 1206 τοῦτο
1438 1153 1578 1222 μέγα
1616 1171 1698 1216 τις
1736 1146 1871 1222 ἡγή-

263 1253 441 1305 σεται,
477 1239 527 1289 εἰ
556 1231 730 1306 μάθοι
759 1229 843 1289 ὅτι
873 1235 965 1289 καὶ
997 1238 1076 1289 ἔτι
1106 1230 1376 1305 πρότερον
1396 1229 1528 1290 “ε’πὶ
1557 1232 1621 1290 σὲ
1652 1235 1876 1305 ἐπερρί-

262 1342 377 1390 φην
419 1321 478 1374 ἐκ
518 1315 753 1390 μήτρας,
806 1319 898 1374 καὶ
942 1315 1049 1374 ἀπὸ
1089 1315 1325 1390 γαστρὸς
1364 1315 1566 1390 μητρός
1595 1341 1704 1390 μου
1742 1315 1876 1383 θεός

262 1427 368 1474 μου
403 1402 453 1458 εἷ
481 1400 604 1459 σύ.”
670 1408 748 1458 ἔτι
778 1399 883 1475 γάρ
915 1406 1083 1459 ἔνδον
1113 1405 1174 1459 έν
1203 1405 1281 1478 τῷ
1309 1409 1514 1478 ταμείῳ
1543 1406 1640 1473 τῆς
1670 1425 1874 1475 κυοφο·
1896 1426 1938 1458 15

263 1485 468 1559 ρούσης
508 1510 575 1558 με
618 1485 923 1559 φερόμενος
963 1487 1026 1543 σὲ
1063 1485 1161 1544 τὸν
1198 1484 1338 1544 θεόν
1376 1511 1484 1560 μου
1516 1485 1735 1560 ἑώρων,
1781 1482 1876 1543 ἅτε

223 1610 238 1630 e
262 1569 571 1645 ἀσύγχυτος
601 1573 692 1627 καὶ
724 1568 1008 1637 ἀθόλωτος
1041 1574 1102 1628 ἐν
1131 1574 1197 1646 τῇ
1227 1570 1469 1644 τοσαύτῃ
1500 1574 1611 1628 τῶν
1650 1573 1876 1645 σαρκῶν

262 1663 531 1731 κοινωνίᾳ
571 1660 887 1729 διαμείνας,
931 1658 1142 1729 μάλλον
1185 1656 1247 1713 δὲ
1284 1654 1570 1729 ἀσώματος
1610 1658 1704 1714 καὶ
1754 1654 1876 1713 τότε

264 1737 371 1812 ῶν,
405 1742 497 1797 καὶ
528 1738 755 1798 πάντων
786 1739 1082 1813 ἐλεύθερος
1113 1746 1361 1814 δεσμῶν·
1408 1738 1583 1808 οὕτως
1607 1742 1669 1798 δὲ
1693 1741 1782 1797 ἐπὶ
1812 1738 1876 1796 σὲ

264 1829 574 1898 ἑπερρίφην
606 1829 666 1882 ἐκ
695 1823 931 1898 μήτρας,
975 1827 1067 1882 καὶ
1098 1821 1205 1882 ἀπὸ
1244 1825 1479 1897 γαστρὸς
1508 1823 1709 1898 μητρὸς
1739 1822 1872 1890 θεός
1894 1848 1936 1881 20

261 1933 369 1981 μου
399 1901 570 1982 ἦσθα,
604 1906 677 1976 ῶς
709 1912 1011 1967 αἰσθέσθαι
1039 1914 1136 1980 τῆς
1168 1912 1298 1981 ἐμῆς
1331 1907 1619 1980 δυνάμεως
1642 1914 1722 1965 ἔτι
1746 1932 1875 1966 κυο-

262 1997 611 2066 φορουμένης
642 1993 778 2064 πρὸς
808 1996 904 2066 τῆς
933 1989 1094 2064 ἀγίας
1122 1994 1412 2065 παρθένου
1452 1991 1549 2050 τὸν
1581 1992 1713 2065 ἐμὸν
1743 1991 1875 2064 πρό-

264 2082 472 2149 δρομον
494 2075 778 2149 Ἰωάννην,
813 2079 905 2133 καὶ
937 2075 1112 2135 αὐτὸν
1133 2075 1271 2133 κατὰ
1292 2077 1527 2149 γαστρὸς
1556 2081 1652 2149 τῆς
1676 2074 1873 2146 Ἐλιζα-

263 2162 358 2231 βὲτ
410 2159 893 2233 κυοφορούμενον,
943 2157 1086 2218 ῶστε
1137 2156 1247 2217 ὑπὸ
1292 2166 1386 2232 τῆς
1440 2164 1570 2234 ἐμῆς
1608 2162 1873 2234 θεότητος

263 2246 565 2317 κινηθέντα
606 2248 896 2317 σκιρτῆσαι
948 2248 1008 2302 ἐν
1056 2241 1375 2346 ἀγαλλιάσει
1427 2247 1520 2302 καὶ
1559 2245 1872 2318 πνεύματος
1893 2271 1936 2304 25

262 2327 425 2429 ἁγίου
449 2335 786 2403 πλησθῆναι.
834 2334 918 2386 61.
942 2328 1156 2387 τούτων
1174 2321 1558 2387 ουνάπάντων
1573 2328 1873 2403 ἀναφέρων

262 2414 363 2486 τὴν
392 2415 631 2488 μνήμην,
663 2416 755 2471 καὶ
781 2412 872 2471 διά
902 2412 1107 2481 παντὸς
1135 2412 1232 2471 τὸν
1261 2412 1400 2472 θεόν
1421 2438 1528 2487 μου
1549 2416 1640 2471 καὶ
1663 2415 1873 2487 πατέρα

262 2523 368 2571 μου
400 2498 505 2571 πρὸ
534 2502 648 2556 τῶν
681 2501 828 2571 ἐμῶν
855 2497 1167 2572 ὀφθαλμῶν
1195 2501 1503 2600 τιθέμενος,
1535 2497 1755 2565 εἰκότως
1779 2499 1873 2555 καὶ

263 2607 399 2640 κατα
440 2582 538 2640 τὸν
579 2586 848 2640 ἐνεστῶτα
878 2588 976 2640 τοῦ
1016 2583 1364 2656 περιέχοντός
1403 2606 1472 2656 με
1501 2581 1719 2648 πάθους
1749 2606 1871 2639 και-

264 2666 392 2739 ρόν,
424 2664 515 2725 ὅτε
544 2670 632 2725 σοὶ
662 2672 737 2743 τῷ
768 2670 932 2738 πατρὶ
958 2667 1253 2740 γενόμενος
1272 2663 1514 2740 ὑπήκοος
1536 2664 1869 2741 αὐθαίρετος
1891 2690 1933 2723 30

375 2862 428 2899 24
460 2861 571 2899 Luc.
598 2863 633 2910 1,
656 2863 725 2902 41.
