1946 3158
248 141 348 193 133
924 138 1171 180 EUSEBII

248 263 340 325 δες
371 249 513 329 ἦσαν
538 252 821 314 Ἰουδαίων
852 253 1077 328 ἀνδρῶν
1100 257 1482 327 πεπεισμένων
1511 254 1682 312 αὐτὸν
1714 255 1854 313 εἶναι

246 343 343 400 τὸν
372 339 614 415 Χριστὸν
644 343 743 396 τοῦ
760 341 917 410 θεοῦ,
948 336 1044 395 τὸν
1067 334 1174 395 ὑπὸ
1194 345 1303 396 τῶν
1327 343 1629 414 προφητῶν
1652 363 1855 412 κατηγ-

248 428 530 499 γελμένον.
606 426 698 480 καὶ
729 419 762 496 ἡ
797 428 1008 496 ἱστορία
1052 424 1111 480 δὲ
1142 426 1355 496 κατέχει
1389 449 1459 492 ως
1492 426 1582 481 καὶ
1624 431 1854 527 μεγίστη

248 535 329 577 τις
370 511 438 582 ἠν
479 513 740 581 ἐκκλησία
783 512 1024 580 Χριστοῦ
1067 511 1126 564 ἐν
1168 521 1281 574 τοῖς
1312 503 1707 582 Ιεροσολύμοις
1745 507 1854 566 ὑπὸ

240 593 525 652 Ἰουδαίων
555 594 1006 665 συγκροτουμένη
1037 593 1193 666 μέχρι
1224 596 1334 649 τῶν
1363 593 1580 667 χρόνων
1606 597 1700 666 τῆς
1732 592 1850 650 κατ’
1877 617 1898 648 5

244 676 535 752 Ἀδριανὸν
565 682 899 750 πολιορκίας
967 679 1081 734 109.
1118 679 1369 748 λέγονται
1399 682 1538 750 γοῦν
1569 683 1625 735 οἱ
1651 699 1856 750 πρωτοι

247 762 385 819 κατὰ
411 761 677 835 διαδοχὴν
700 759 1034 835 προστάντες
1067 759 1265 819 αὐτόθι
1293 766 1578 820 ἐπίσκοποι
1603 758 1858 819 Ἰουδαῖοι

248 848 565 920 γεγονέναι,
611 871 691 903 ων
722 848 813 902 καὶ
845 871 910 903 τα
939 845 1181 955 ὀνόματα
1225 850 1392 905 εἰσέτι
1431 853 1537 904 νῦν
1569 869 1716 920 παρα
1745 860 1859 913 τοις

195 935 534 1005 ηέγχωρίοις
563 929 994 1005 μνημονεύεται
1044 955 1116 997 ως
1147 933 1234 987 καὶ
1265 935 1322 989 ἐκ
1344 930 1558 989 τούτων
1588 928 1857 988 λελύσθαι

248 1019 433 1073 πᾶσαν
462 1014 565 1088 τὴν
603 1040 739 1072 κατα
770 1019 882 1072 τῶν
922 1020 1206 1116 μαθητῶν
1222 1014 1395 1073 αὐτοῦ
1427 1015 1721 1088 διαβολὴν,
1769 1012 1858 1071 ότε
1881 1039 1921 1070 10

249 1103 341 1157 καὶ
364 1098 498 1173 πρὸς
523 1099 712 1157 αὐτῶν
740 1101 830 1156 και
857 1104 982 1172 δίχα
1013 1106 1106 1172 τῆς
1140 1098 1325 1158 αὐτων
1355 1107 1659 1174 μαρτυρίας
1689 1105 1861 1173 μυρία

248 1180 592 1257 ὁμολογειται
623 1183 813 1284 πλήθη
835 1182 1122 1241 Ἰουδαίων
1161 1209 1218 1243 τε
1258 1188 1349 1242 καὶ
1372 1183 1652 1257 Ελλήνων
1697 1181 1859 1250 αὐτὸς

245 1266 452 1342 Ἰησους
483 1265 511 1325 ὁ
544 1266 778 1340 Χριστὸς
809 1271 905 1325 τοῦ
937 1275 1077 1326 θεοῦ
1111 1269 1185 1325 δι’
1222 1294 1300 1326 ων
1334 1271 1572 1327 ἐπετέλει
1614 1267 1862 1342 παραδό-

249 1357 359 1421 ξων
392 1359 571 1426 ἔργων
599 1350 704 1426 ὑφ’
740 1353 939 1410 εαυτὸν
969 1356 1350 1463 πεποιημένος

379 1442 495 1494 110.
524 1434 686 1495 Ἀλλὰ
725 1436 938 1494 τούτων
968 1436 1102 1510 ἡμῖν
1136 1440 1223 1495 ἐπὶ
1254 1440 1517 1496 τοσοῦτον
1551 1439 1858 1510 εἰρημένων
1882 1461 1922 1492 15

250 1519 385 1593 πρὸς
415 1521 475 1578 τὸ
506 1543 726 1596 πρωτον
756 1546 869 1579 των
899 1520 1148 1580 ἀπίστων
1189 1547 1393 1596 ταγμα,
1425 1524 1561 1595 φέρε
1603 1524 1695 1578 καὶ
1726 1519 1861 1595 πρὸς

250 1605 310 1662 τὸ
355 1604 618 1678 δεύτερον
660 1619 852 1679 στῖφος
886 1610 1177 1680 ε’νστῶμεν.
1250 1610 1410 1665 τοῦτο
1452 1607 1514 1664 δε
1556 1631 1625 1678 ην
1658 1604 1718 1664 τὸ
1749 1610 1860 1662 τῶν

214 1721 223 1739 v
251 1690 782 1764 συνομολογουντων
793 1715 895 1764 μεν
907 1692 1003 1748 τὸν
1017 1688 1229 1764 Ἰησοῦν
1241 1717 1306 1748 τα
1323 1689 1606 1764 παραδοξα
1629 1713 1862 1762 πεποιη-

251 1777 425 1848 κέναι,
457 1782 679 1852 γοητεία
712 1777 772 1834 δὲ
795 1774 972 1842 ἄλλως
1005 1778 1093 1832 ἐπὶ
1117 1775 1300 1849 πλάνῃ
1325 1779 1436 1832 τῶν
1459 1771 1740 1848 ὁρώντων,
1771 1772 1861 1832 οἷα

251 1861 686 1932 θαυματουργὸν
717 1857 750 1933 ἢ
781 1861 1074 1934 φαρμακέα
1105 1884 1255 1933 τινα,
1298 1865 1701 1933 θαυμαστῶσαι
1733 1859 1861 1928 τούς
1883 1882 1924 1914 20

251 1942 542 2017 παρόντας.

381 2027 471 2086 VI.
522 2029 632 2085 Καὶ
665 2026 733 2100 δὴ
764 2026 966 2084 τούσδε
997 2050 1217 2101 πρωτον
1257 2027 1519 2087 ἁπαντων
1560 2031 1860 2106 ἐρωτητέον

251 2118 375 2169 τίνα
405 2125 574 2185 φαῖεν
613 2109 748 2183 πρὸς
787 2111 854 2168 τὰ
884 2115 1310 2186 προωδευμένα;
1353 2106 1458 2186 ἆρα
1502 2137 1606 2188 γαρ
1640 2118 1862 2187 ἐπινοῆ-

252 2213 343 2252 σαι
376 2195 653 2269 δυνατὸν,
686 2193 864 2268 ἄνδρα
891 2194 1229 2254 διδασκαλον
1260 2202 1463 2271 σεμνῆς
1494 2201 1584 2257 καὶ
1617 2202 1861 2274 παναρέ-

251 2304 349 2338 του
380 2287 686 2354 πολιτείας,
717 2279 893 2352 ὑγιῶν
923 2305 982 2338 τε
1013 2284 1104 2337 καὶ
1128 2278 1360 2354 ἀληθῶν
1386 2281 1693 2356 δογμάτων,
1725 2289 1859 2341 οἵων
1880 2306 1925 2338 25

251 2364 686 2440 προδιήλθομεν,
717 2363 886 2438 γόητα
914 2362 1010 2422 τὸν
1034 2365 1239 2439 τρόπον
1269 2369 1580 2438 γεγονέναι;
1615 2375 1666 2426 εἰ
1696 2369 1755 2424 δὲ
1790 2368 1858 2440 δὴ

250 2449 634 2523 μαγγανευτής
665 2474 745 2516 τις
778 2442 846 2522 ἦν
876 2452 968 2506 καὶ
998 2450 1351 2523 φαρμακεὺς,
1393 2449 1649 2509 ἀπατεών
1679 2475 1737 2509 τε
1767 2456 1859 2509 καὶ

212 2572 217 2579 -
253 2532 413 2607 γόης,
445 2537 561 2601 πῶς
591 2531 661 2591 ἂν
690 2532 943 2606 τοιαύτης
971 2538 1328 2601 διδασκαλίας
1359 2537 1491 2591 πᾶσι
1522 2551 1635 2603 τοῖς
1666 2544 1859 2595 ἔθνεσι

252 2621 483 2691 κατέστη
524 2629 723 2692 αἴτιος,
767 2623 884 2686 οἵας
924 2614 1111 2684 αὐτοῖς
1150 2617 1365 2692 ὁρῶμεν
1405 2615 1716 2695 ὀφθαλμοῖς
1766 2623 1858 2678 καὶ

251 2701 442 2770 ἀκοαῖς
467 2709 543 2769 εἰς
570 2707 736 2776 δεῦρο
759 2701 1291 2776 παραλαμβάνομενς
1323 2717 1477 2769 ποῖος
1503 2707 1563 2763 δὲ
1586 2708 1677 2763 καὶ
1703 2703 1855 2779 αίρή-
1879 2728 1922 2760 3ο

251 2804 403 2843 σεται
443 2786 508 2843 τὰ
549 2783 834 2845 ἀσύνακτα
875 2785 1167 2858 συνάγειν;
1211 2785 1344 2859 γόης
1386 2788 1487 2859 μὲν
1525 2789 1630 2864 γάρ
1672 2813 1753 2856 τις
1784 2785 1856 2856 ὥς

251 2866 476 2942 ἀληθῶς
507 2869 726 2938 ἀνόσιος
757 2875 848 2929 καὶ
871 2868 1064 2945 μιαρὸς
1095 2870 1192 2928 τὸν
1215 2870 1438 2944 τρόπον,
1470 2871 1856 2950 ἆπειρημένοις
