1992 3186
237 115 342 168 544
919 115 1166 157 EUSEBII

238 229 266 289 ὁ
300 230 462 298 αὐτός
494 249 629 304 φησι
653 227 937 288 “Πιλάτον
967 231 1064 287 τὸν
1093 230 1336 303 ἡγεμόνα
1367 229 1564 306 (αὐτὸν
1605 230 1673 306 δὴ
1707 235 1842 290 ἐκεῖ·

239 341 339 374 νον
369 315 464 374 τὸν
497 317 586 372 ἐπὶ
624 319 721 371 τοῦ
762 318 1006 422 σωτῆρος
1037 311 1218 388 ἡμῶν)
1260 315 1355 382 τὰς
1385 324 1664 391 Καίσαρος
1698 317 1844 374 εἰκό-

129 425 216 465 (4ιο3)
207 425 339 467 )νας
370 399 589 471 νύκτωρ
633 405 710 464 εἰς
740 392 799 456 τὸ
834 397 1011 474 ἱερὸν,
1052 422 1187 473 οπερ
1218 398 1320 456 οὐκ
1349 392 1419 472 ἦν
1449 403 1629 474 θέμις,
1662 408 1844 460 εἰσκο-

239 492 421 557 μίσαι,
452 489 719 557 μεγίστην
747 507 806 542 τε
835 483 1081 558 ταραχὴν
1110 482 1363 558 θορύβου
1392 507 1451 541 τε
1481 487 1572 542 καὶ
1605 485 1845 552 στάσεως

240 571 619 641 ἐμβεβλῆσθαι
658 582 770 634 τοῖς
807 565 1146 635 Ἰουδαίοις.”
1226 573 1339 625 123.
1387 565 1526 625 αὐτὰ
1568 568 1635 642 δὴ
1675 576 1888 628 ταῦτα5

238 655 331 710 καὶ
360 649 388 710 ὁ
422 659 612 710 Φίλων
643 667 1028 726 συμμαρτυρεῖ
1035 697 1050 724 ,
1089 650 1184 719 τὰς
1216 659 1452 726 σημαίας
1492 652 1726 726 φάσκων
1753 654 1848 720 τὰς

239 734 527 809 βασιλικάς
558 734 654 794 τὸν
672 736 914 794 Πιλάτον
944 735 1161 809 νύκτωρ
1195 741 1254 794 ἐν
1277 740 1354 814 τῷ
1378 740 1508 814 ἱερῷ
1531 736 1848 810 ἀναθεῖναι,

238 820 413 895 ἀρχήν
443 845 501 879 τε
532 819 780 879 στάσεων
811 823 902 878 καὶ
935 825 1239 895 συμφορῶν
1273 821 1596 894 ἐπαλλήλων
1629 825 1681 890 ἐξ
1715 826 1850 880 ἐκεί-

239 930 342 963 νου
373 919 485 972 τοις
509 903 800 973 Ἰουδαίοις
831 921 1152 979 συμπεσεῖν.
1218 910 1334 963 124.
1368 903 1435 962 οῦ
1470 909 1717 964 διέλιπον
1747 899 1850 964 οῦν

241 997 423 1048 ἔκτοτε
452 977 533 1047 τὸ
543 994 655 1048 πᾶν
687 996 851 1058 ἔθνος
882 993 973 1047 καὶ
1004 989 1107 1062 τὴν
1136 989 1474 1064 μητρόπολιν
1497 988 1681 1048 αὐτων
1712 1013 1847 1048 παν-
1875 1016 1914 1047 10

239 1082 405 1132 τοίων
436 1099 623 1132 κακων
657 1073 1047 1141 ἐπαναστάσεις
1078 1078 1180 1141 ἕως
1209 1077 1308 1132 τοῦ
1329 1073 1568 1132 ὑστάτου
1593 1072 1718 1132 κατ’
1753 1074 1850 1133 αὐ-

239 1165 351 1216 τῶν
391 1161 632 1232 πολέμου
673 1162 765 1217 καὶ
803 1166 899 1232 τῆς
943 1157 1169 1232 ἐσχάτης
1214 1165 1559 1233 πολιορκίας,
1602 1156 1736 1217 καθ’
1780 1156 1851 1231 ἣν

242 1250 521 1310 παντοίοις
552 1244 887 1317 ἀφανισμοῖς
920 1249 1077 1316 λιμοῦ
1108 1267 1167 1301 τε
1197 1245 1288 1300 καὶ
1319 1248 1513 1317 λοιμοῦ
1537 1246 1629 1300 καὶ
1658 1250 1850 1317 μαχαί-

192 1351 213 1384 b
243 1353 342 1402 ρας
382 1333 824 1401 καταποντισμοῦ
870 1333 1031 1401 δίκην
1071 1332 1170 1385 τοῦ
1222 1324 1343 1384 κατ’
1387 1325 1573 1386 αὐτῶν
1611 1324 1851 1402 ὀλέθρου

242 1411 671 1485 συρρεῦσαντος,
702 1410 903 1479 πάντες
934 1418 991 1469 015
1017 1410 1456 1479 κατασυστάντες
1486 1418 1585 1469 τοῦ
1609 1415 1852 1486 σωτῆρος
1876 1434 1915 1468 15

239 1493 397 1569 ἡμῶν
427 1495 640 1569 ἡβηδὸν
673 1495 1033 1569 ἐξεκόπησαν·
1091 1494 1181 1555 ὅτε
1221 1498 1312 1554 καὶ
1342 1495 1402 1554 τὸ
1442 1499 1727 1570 βδέλυγμα
1757 1499 1853 1569 τῆς

244 1580 566 1654 ἐρημώσεως
601 1584 685 1638 ἐπὶ
718 1580 777 1638 τὸ
811 1579 960 1655 ἱερὸν
993 1587 1139 1654 ἔστη,
1171 1577 1202 1638 ὃ
1231 1583 1322 1638 καὶ
1354 1587 1430 1648 εἰς
1463 1585 1629 1655 δεῦρο
1655 1582 1853 1654 διέμει-

241 1688 368 1737 νεν,
405 1664 670 1740 ὁσημέραι
716 1668 805 1723 ἐπὶ
844 1665 904 1723 τὸ
935 1681 1121 1739 χεῖρον
1163 1670 1387 1739 ἐρημίας
1421 1669 1670 1723 ἐλαῦνον.
1735 1669 1850 1722 125.

245 1751 388 1816 εἰκὸς
421 1751 480 1806 δὲ
512 1753 603 1807 καὶ
638 1755 932 1809 ἐπιτείνειν
963 1748 1098 1807 αὐτὸ
1129 1753 1286 1824 μέχρι
1316 1755 1411 1822 τῆς
1441 1753 1539 1807 τοῦ
1561 1756 1689 1823 βίου
1720 1767 1851 1806 συν-

242 1840 451 1900 τελείας
470 1880 484 1906 ,
517 1833 653 1892 κατά
682 1834 779 1893 τὸν
807 1831 916 1891 ὑπὸ
947 1838 1042 1907 τῆς
1073 1841 1411 1909 προφητείας
1452 1831 1852 1906 ἀποφανθέντα
1874 1856 1914 1887 20

242 1917 391 1992 ὅρον,
425 1918 681 1991 φήσαντα
703 1915 834 1976 “uoci
866 1922 965 1984 ἕως
997 1924 1318 1983 συντελείας
1339 1922 1533 1990 καιροῦ
1565 1921 1853 1975 συντέλεια

247 2002 545 2074 δοθήσεται
587 2005 674 2059 ἐπὶ
717 2001 819 2074 τὴν
860 1998 1191 2074 ἐρήμωσιν.”
1266 2005 1379 2058 126.
1422 1998 1617 2073 ἥντινα
1657 1999 1854 2074 φωνὴν

243 2088 271 2142 ὁ
304 2085 485 2157 σωτὴρ
517 2088 608 2142 καὶ
640 2086 828 2157 κύριος
850 2082 1009 2158 ἡμῶν
1035 2082 1245 2158 Ἰησοῦς
1267 2087 1295 2142 ὁ
1316 2084 1549 2159 Χριστὸς
1576 2090 1854 2159 ἐπεσφρα-

203 2201 220 2224 e
245 2175 437 2242 γίσατο
481 2169 652 2226 εἰπών
683 2166 854 2226 Ἳίταν
896 2170 957 2225 δὲ
996 2174 1149 2240 ἴδητε
1186 2168 1245 2226 τὸ
1277 2172 1561 2243 βδέλυγμα
1599 2176 1694 2243 τῆς
1728 2173 1855 2244 ἐρη-

244 2252 470 2327 μώσεως
502 2253 560 2310 τὸ
593 2255 768 2329 ῥηθὲν
793 2252 883 2310 διὰ
908 2253 1125 2326 Δανιὴλ
1149 2257 1246 2310 τοῦ
1276 2253 1564 2327 προφήτου
1595 2252 1762 2320 ἑστώς
1794 2257 1854 2311 ἐν
1876 2274 1916 2308 25

244 2336 392 2414 τόπῳ
437 2334 606 2415 ἁγίῳ,
647 2337 769 2396 τότε
808 2336 1104 2410 γινώσκετε
1148 2335 1230 2394 ὅτι
1259 2335 1551 2411 ἦγγικενὴ
1586 2337 1854 2413 ἐρήμωσις

248 2419 472 2494 αὐτῆς.”
538 2427 653 2480 1:27.
688 2429 740 2479 ει’
770 2424 829 2479 δὲ
864 2428 1178 2489 δυσπίστως
1218 2422 1354 2496 πρὸς
1394 2427 1563 2480 ταῦτα
1596 2430 1771 2496 ἔχοιεν
1802 2427 1859 2479 οἷ

250 2510 307 2563 ἐκ
346 2512 672 2580 περιτομῆς,
718 2509 1000 2579 ἐλεγκτέον
1041 2505 1241 2573 αὐτοῦς
1281 2506 1354 2580 μὴ
1394 2506 1567 2581 μόνον
1611 2506 1852 2573 ἀναιδῶς

248 2590 382 2663 πρὸς
412 2590 478 2647 τὰ
509 2590 695 2664 ἀληθῆ
725 2594 816 2648 καὶ
851 2595 1055 2665 ἐναργῆ
1090 2594 1441 2664 ἱσταμένους,
1474 2589 1612 2648 ἀλλά
1637 2593 1727 2648 καὶ
1759 2590 1854 2657 τὰς

363 2813 388 2850 6
419 2812 549 2852 Philo
571 2812 676 2854 Jt1d.
702 2813 758 2852 cf.
783 2812 872 2865 leg.
897 2812 955 2853 ad
979 2812 1138 2853 Caium
1160 2825 1195 2853 s.
1218 2813 1285 2854 38.
1307 2826 1350 2866 p.
1375 2814 1470 2855 589.
1494 2815 1589 2854 590.

251 2867 304 2906 24
337 2867 499 2909 Matth.
523 2869 593 2920 24,
620 2870 684 2909 15.
747 2869 864 2909 Luc.
884 2871 953 2921 21,
978 2871 1045 2910 20.
