1992 3186
547 107 853 150 DEMoNs'r.
885 108 1105 152 EVANG.
1139 109 1194 152 x.
1226 110 1266 150 8.
1606 106 1707 158 671

97 222 404 300 ἄνθρωπον
436 221 676 298 ἐμαυτὸν
708 221 913 297 εἴποιμ’
950 218 1050 297 ἄν,
1094 230 1172 292 εἰς
1209 222 1487 296 τοσαύτην
1516 230 1710 281 ταπεί-

97 329 272 368 νωσιν
312 312 372 367 ἐκ
411 311 510 367 τοῦ
555 314 764 367 οἰκείου
803 310 1077 382 μεγέθους
1108 307 1398 368 κατελθών
1444 305 1583 366 ὥστε
1615 309 1706 365 καὶ

98 392 381 468 σκώληκος
422 394 598 468 μηδὲν
637 398 824 451 δοκεῖν
857 395 1174 470 διαφέρειν,
1217 393 1310 452 διὰ
1338 392 1399 452 τό
1429 395 1521 451 καὶ
1550 395 1709 467 μέχρι

96 477 349 538 θανάτου
380 481 471 536 καὶ
500 482 595 551 τῆς
618 482 718 535 τοῦ
739 476 988 552 σώματος
1010 477 1228 551 φθάσαι
1251 482 1486 553 φθορᾶς.
1529 477 1709 536 πόθεν

52 586 73 619 5
97 562 202 638 γὰρ
243 561 484 621 ἄλλοθεν
523 569 828 636 γεννηθείη
869 558 938 620 ἂν
981 562 1196 637 σκώληξ
1230 560 1263 637 ἢ
1294 562 1402 621 ἀπὸ
1435 560 1708 636 σωμάτων

96 650 346 723 φθορᾶς,
379 654 457 715 εἰς
488 643 558 721 ἣν
583 650 674 704 καὶ
708 645 872 715 αὐτὸς
895 647 1182 706 κατελθών
1214 646 1437 715 εἰκότως
1470 645 1708 721 ἐμαυτὸν

95 731 354 807 σκώληκα
394 734 486 790 καὶ
524 729 628 789 οὐκ
667 730 974 807 ἄνθρωπον
1016 731 1287 805 γινώσκω.
1360 738 1442 790 50.
1489 730 1574 789 διὸ
1614 733 1706 789 καὶ

93 820 295 891 γέγονα
324 815 538 884 ὄνειδος
558 813 898 890 ἀνθρώπων,
930 819 1023 874 καὶ
1054 820 1395 892 ἐξουδένημα
1416 820 1572 889 λαοῦ,
1604 814 1708 874 οὐκ

94 898 164 960 ἂν
203 900 497 975 γενόμενος
535 899 663 959 οὕτε
701 899 916 968 ὄνειδος
954 900 1276 975 ἀνθρώπων
1317 900 1446 960 οὔτε
1487 903 1701 970 ἐξουδέ-

31 1011 71 1042 ιο
94 1011 269 1061 νημα,
305 992 355 1044 εἰ
382 984 456 1060 μὴ
486 987 642 1060 μέχρι
674 985 955 1059 σκώληκος
987 986 1260 1060 ἐφθάκειν
1300 984 1449 1062 παρὰ
1479 986 1576 1044 τὸν
1604 989 1703 1044 τοῦ

93 1070 312 1138 πάθους
343 1069 552 1144 καιρόν.
624 1075 926 1144 τηνικαῦτα
970 1075 1111 1143 γοῦν
1139 1072 1486 1144 θεωροῦντές
1516 1093 1584 1145 με
1616 1073 1706 1128 ἐπὶ

93 1159 191 1214 τοὺ
220 1158 466 1231 σταυροῦ
505 1152 885 1231 ἀνηρτημένον
907 1151 1406 1231 “ε’ξεμυκτήρισαν,
1450 1157 1542 1213 καὶ
1586 1153 1705 1212 ε’λά-

93 1249 270 1314 λησαν
313 1243 372 1298 ἐν
411 1248 681 1315 χείλεσιν,
725 1238 988 1313 ε’κίνησάν
1025 1263 1086 1298 τε
1133 1240 1385 1314 κεφαλὴν
1431 1242 1702 1314 λέγοντες,

89 1324 325 1398 ἤλπισεν
356 1327 446 1383 ε’πὶ
477 1323 700 1399 κύριον,
733 1323 1002 1399 ῥυσάσθω
1034 1323 1225 1398 αὐτὸν,
1258 1324 1489 1384 σωσάτω
1514 1322 1703 1397 αὐτὸν,

29 1433 70 1464 15
93 1409 176 1468 ὅτι
206 1411 362 1468 θέλει
393 1406 622 1467 αὐτόν.”
682 1414 767 1466 51.
798 1413 968 1468 ταῦτα
990 1410 1093 1484 μὲν
1115 1402 1219 1468 οὖν
1242 1409 1460 1467 ἅπαντα
1487 1409 1578 1466 διὰ
1606 1412 1707 1466 τοῦ

99 1498 334 1569 Ψαλμοῦ
362 1498 553 1568 σαφώς
585 1497 711 1566 περὶ
740 1498 853 1552 τῶν
882 1497 1199 1568 μέλλοντων
1229 1493 1569 1568 γενήσεσθαι
1599 1519 1702 1568 μα-

91 1594 244 1653 κροῖς
295 1577 426 1637 ποθ’
474 1577 710 1653 ὕστερον
750 1577 966 1653 χρόνοις
1019 1583 1366 1652 ἐθεσπίζετο,
1412 1581 1603 1645 τέλους
1644 1579 1705 1636 δὲ

92 1663 419 1737 ἐτύγχανεν,
450 1659 641 1736 ὁπότε,
673 1662 810 1722 κατά
843 1662 941 1722 τὸν
971 1673 1304 1737 Ματθαῖον,
1346 1665 1707 1736 σταυρωθέν-

90 1773 202 1806 των
232 1746 340 1806 σύν
370 1746 519 1825 αὐτῷ
554 1746 654 1806 δύο
686 1752 934 1824 λῃστῶν,
980 1747 1101 1816 ἑνὸς
1134 1751 1194 1806 ἐκ
1229 1752 1425 1817 δεξιῶν
1455 1750 1547 1806 καὶ
1580 1746 1702 1815 ἑνὸς

27 1854 68 1887 20
93 1835 146 1901 ἐξ
200 1830 509 1906 εὐωνύμων
558 1835 660 1891 τοῦ
719 1837 994 1906 σωτῆρος,
1039 1831 1137 1891 “01⁴5
1189 1831 1705 1908 παραπορευόμενοι

92 1915 489 1991 ἐβλασφήμουν
527 1914 698 1976 αὐτὸν
736 1922 1023 1984 κινοῦντες
1066 1916 1161 1985 τὰς
1213 1917 1456 1991 κεφαλὰς
1496 1916 1702 1991 αὐτῶν,

92 2003 184 2058 καὶ
215 2003 495 2076 λέγοντες,
527 1998 654 2060 οὐαὶ
685 2001 714 2060 ὃ
746 2001 1040 2060 καταλύων
1069 2000 1166 2061 τὸν
1196 2001 1361 2076 ναὸν,
1393 2005 1484 2060 καὶ
1510 2007 1571 2060 ἐν
1592 2027 1704 2076 τρι-

93 2088 185 2144 σὶν
223 2082 450 2160 ἡμέραις
488 2091 827 2161 οἰκοδομῶν,
872 2092 1056 2145 σῶσον
1097 2086 1362 2160 σεαυτὸν,
1407 2093 1458 2145 εἰ
1493 2085 1614 2154 υίὸς
1655 2086 1707 2144 εἴ

92 2174 190 2228 τοῦ
219 2174 387 2244 θεοῦ,
419 2170 696 2246 κατάβηθι
726 2170 834 2229 ἀπὸ
864 2175 964 2230 τοῦ
993 2177 1252 2247 σταυροῦ.
1306 2177 1389 2230 52.
1415 2168 1617 2247 ὁμοίως
1642 2171 1705 2228 δὲ

27 2273 68 2306 25
91 2256 183 2313 καὶ
214 2259 271 2313 οἱ
296 2252 568 2330 ἀρχιερεῖς
609 2260 958 2330 ἐμπαίζοντες
1002 2255 1138 2331 μετὰ
1166 2261 1280 2315 τῶν
1309 2258 1704 2332 πρεσβυτέρων

91 2342 184 2397 καὶ
223 2343 590 2414 γραμματέων
629 2347 850 2414 ἔλεγον,
891 2339 1094 2408 ἄλλους
1126 2347 1362 2413 ἔσωσεν,
1408 2340 1606 2398 ἑαυτὸν
1636 2337 1702 2396 οὗ

94 2422 328 2482 δύναται
357 2429 549 2481 σώσαι.
613 2430 665 2481 εἰ
693 2422 954 2496 βασιλευς
983 2427 1082 2481 τοῦ
1108 2421 1324 2498 Ἰσραήλ
1357 2427 1498 2495 ἐστι,
1539 2447 1702 2480 κατα·

91 2505 241 2580 βάτω
273 2509 379 2565 νῦν
421 2504 528 2564 άπὸ
558 2513 658 2565 τοῦ
689 2510 961 2582 σταυροῦ,
1007 2511 1100 2565 καὶ
1130 2507 1500 2582 πιστεύσομεν
1531 2507 1696 2584 αὐτῷ.

95 2598 144 2648 εἰ
186 2593 458 2649 πέποιθεν
501 2594 589 2649 ἐπὶ
629 2589 726 2650 τὸν
765 2591 932 2665 θεὸν,
976 2591 1244 2667 ῥυσάσθω
1275 2598 1382 2651 νῦν
1412 2590 1608 2664 αὐτὸν,
1652 2597 1704 2650 εἰ

1730 923 1754 956 b

1733 1782 1750 1805 C

28 2700 70 2733 30
92 2678 247 2734 θέλει
277 2673 464 2734 αὐτόν.
527 2676 647 2734 εἷπε
676 2674 780 2751 γάρ
812 2675 893 2734 ὅτι
923 2675 1043 2744 υίὸς
1074 2679 1216 2735 θεοῦ
1247 2674 1413 2751 εἰμί.”
1469 2676 1606 2735 κατὰ
1640 2677 1700 2734 δὲ
1724 2695 1747 2727 d

207 2870 260 2910 20
291 2868 458 2910 Matth.
481 2871 549 2919 27,
573 2872 641 2913 39.
