1992 3186
575 104 881 148 DEMONST.
912 105 1133 148 EVANG.
1166 107 1244 146 1v.
1280 107 1347 146 15.
1662 100 1766 153 247

160 237 382 298 νοητοῖς
410 227 681 296 θεωρίας,
712 223 805 278 καὶ
834 227 1029 279 τοῦτον
1060 218 1152 278 διά
1190 222 1338 285 τινος
1368 216 1601 292 ἄλοιφῆς
1633 217 1769 276 εὐώ-

164 313 300 376 δους
342 313 628 382 κρείττονα
667 309 780 363 τῶν
828 309 1039 363 λοιπῶν
1089 301 1408 377 ἇνθρωπων
1456 301 1768 376 ἀποφήνας,

165 391 426 466 ἄντικρυς
475 393 568 448 καὶ
620 388 930 466 διαρρήδην
979 386 1337 462 ἄνεκήρυξεν,
1386 386 1469 445 ὅτι
1523 385 1592 460 δὴ
1632 384 1765 446 καθ’

165 473 341 550 αὐτὴν
370 472 404 549 ἦ
434 481 534 534 τοῦ
564 480 835 548 γεννητοῦ
865 472 1031 548 φύσις
1060 472 1275 547 ἅπασα,
1307 474 1399 530 καὶ
1428 471 1570 531 πολὺ
1600 473 1770 531 πλέον

115 584 141 616 5
165 560 198 634 ἡ
229 558 557 636 ἀνθρωπεία
579 564 675 633 τῆς
697 558 1005 633 ἀγεννήτου
1031 557 1318 632 δυνάμεως
1342 554 1767 631 απολειπομένη,

164 651 340 704 δεῖται
379 648 477 717 τῆς
516 643 623 702 ἀπὸ
663 651 761 703 τοῦ
806 651 1116 719 κρείττονος
1167 642 1419 711 εὐωδίας.
1504 647 1583 700 19.
1631 639 1770 699 ἀλλὰ

162 734 261 787 τοῦ
291 731 393 803 μὲν
423 726 710 787 ἄνωτοῖτου
740 731 832 786 καὶ
862 727 1085 802 πρω’του
1114 725 1181 786 οὔ
1201 752 1310 786 τινι
1333 725 1565 802 θεμιτὸν
1590 729 1768 801 ἐφικέ-

162 824 323 871 σθαι·
395 816 478 871 ἑνὶ
518 812 622 888 γὰρ
667 812 818 890 μόνῳ
862 816 940 891 τῷ
977 828 1270 887 μονογενεῖ
1306 815 1398 870 καὶ
1439 812 1768 891 πρωτοτόκῳ

158 896 311 955 τοῦτ’
357 896 604 955 ἀνέκειτο
645 896 704 954 τὸ
743 900 934 971 γέρας·
1002 911 1116 964 τοῖς
1163 897 1225 954 δε
1272 896 1389 971 μετ’
1446 896 1617 955 αὐτὸν
1665 897 1770 956 οὐκ

96 1004 138 1036 10
162 978 340 1048 ἄλλως
371 979 404 1054 ἢ
438 979 529 1038 δια
557 980 754 1082 admys-
759 987 855 1054 τῆς
885 985 984 1039 τοῦ
1018 983 1284 1054 δευτέρου
1323 987 1617 1055 μετουσίας
1656 988 1769 1040 τῶν

156 1063 391 1138 αγαθων
440 1063 561 1123 οἷόν
611 1089 671 1123 τε
718 1066 790 1137 ἠν
846 1064 1224 1141 ἐπαύρασθαι
1299 1064 1610 1169 πνεύματος
1662 1065 1768 1141 ἄρα

158 1152 361 1208 ἐνθέου
383 1149 443 1207 τό
467 1173 615 1222 παρα
639 1159 842 1208 Μωσεῖ
862 1149 1144 1223 σύμβολον
1167 1143 1251 1222 ἦν.
1315 1148 1447 1207 20.‘
1452 1146 1768 1222 διαιρέσεις

158 1235 220 1291 δε
249 1233 599 1309 χαρισματων
624 1237 784 1307 εἰσὶν,
808 1236 869 1292 τὸ
895 1233 948 1292 δ’
978 1232 1111 1293 αὐτὸ
1135 1231 1412 1335 πνεῦμα,”
1442 1226 1510 1292 οὗ
1530 1234 1765 1308 μάλιστα

158 1321 407 1391 μετέχειν
429 1325 890 1392 φιλοτιμεῖσθαι
866 1322 1044 1393 ιερέας
1065 1321 1157 1377 καὶ
1180 1317 1468 1392 προφήτας
1493 1322 1583 1376 καὶ
1607 1326 1769 1392 βασι-

94 1421 138 1454 15
161 1405 286 1468 λέας
317 1400 452 1478 ᾤετο
484 1408 626 1474 δεῖν,
659 1402 732 1468 ὡς
762 1399 833 1460 ἂν
862 1401 964 1477 οὐχ
994 1400 1136 1477 ὑπὲρ
1167 1406 1384 1461 ἑαυτῶν
1405 1403 1597 1477 μόνον,
1629 1402 1768 1461 ἄλλα

158 1488 251 1543 καὶ
307 1484 511 1553 παντὸς
563 1489 663 1543 τοῦ
717 1492 921 1554 ἔθνους
975 1491 1053 1587 τῷ
1105 1492 1224 1563 θεῷ
1279 1491 1764 1561 καθωσιωμένους.

156 1574 241 1626 21.
287 1567 371 1626 ὅτι
415 1571 477 1627 δε
521 1568 589 1644 δή
627 1572 930 1644 θειοτέρων
972 1563 1044 1643 ἦν
1086 1596 1151 1628 τα
1197 1593 1345 1644 παρα
1384 1580 1589 1629 Μωσεῖ
1630 1571 1765 1645 σύμ-

156 1660 324 1726 βολα,
369 1656 461 1710 καὶ
504 1679 576 1721 ως
620 1654 861 1712 δυνατὸν
901 1655 973 1727 ήν
1012 1658 1103 1712 καὶ
1143 1679 1279 1712 ανευ
1308 1654 1554 1727 γεώδους
1584 1655 1766 1757 μύρου

155 1735 284 1805 τούς
321 1743 397 1814 τῷ
437 1744 579 1816 θείῳ
609 1737 880 1811 πνεύματι
911 1738 1174 1812 κατόχους
1204 1738 1477 1813 Χριστους
1506 1738 1767 1813 ὀνομάζε-

88 1842 133 1875 20
157 1832 322 1895 σθαι,
364 1824 500 1896 φέρε
539 1847 589 1880 τι
629 1828 840 1895 μᾶλλον
880 1820 1271 1897 ἀκριβέστερον
1317 1822 1764 1897 διασκεψώμεθα.

102 1971 109 1978 N
154 1911 239 1964 22.
287 1909 479 1979 Δαβὶδ
511 1910 572 1965 ἐν
601 1905 687 1982 ρδ’
725 1910 939 1984 Ψαλμῷ
966 1906 1062 1974 τὰς
1102 1910 1229 1980 περὶ
1267 1906 1364 1965 τὸν
1390 1904 1633 1981 Ἀβραὰμ
1672 1911 1765 1965 καὶ

154 1988 252 2047 τὸν
277 1987 456 2049 Ἰσαὰκ
487 1994 580 2048 καὶ
610 1988 708 2048 τὸν
738 1988 930 2064 Ἰακώβ
962 1989 1263 2065 ἀναλαβών
1294 1997 1535 2065 ἱστορίας
1565 1989 1765 2059 αὐτοὺς

156 2071 226 2148 δὴ
258 2077 504 2141 ἐκείνους
534 2074 663 2143 τούς
686 2084 973 2149 θεοφιλεῖς
1008 2098 1359 2177 προπατορας
1389 2078 1480 2132 καὶ
1515 2075 1620 2150 πρὸ
1652 2101 1764 2134 των

155 2161 407 2225 Μωσέως
436 2158 670 2263 χρόνων
687 2163 1020 2233 γενομένους
1049 2158 1322 2234 Χριστους
1354 2158 1649 2233 ἀποκαλεῖ,
1696 2158 1762 2218 οὐ

1795 1260 1818 1292 d

90 2261 134 2295 25
158 2241 234 2300 δι’
271 2240 404 2300 ἄλλο
425 2238 460 2315 ἢ
492 2242 584 2301 δια
614 2244 716 2317 τὴν
737 2248 835 2302 τοῦ
858 2251 1022 2302 θείου
1045 2243 1377 2317 πνεύματος,
1399 2245 1465 2301 οὐ
1488 2258 1762 2318 μετεῖχον,
1781 2270 1871 2310 (175)

156 2325 435 2401 ἐπιρροήν.
508 2332 592 2385 23.
638 2327 931 2402 ιστορήσας
969 2353 1108 2401 γουν
1147 2351 1294 2394 οπως
1336 2328 1761 2401 ἐπεξενώθησαν

153 2425 267 2477 τοῖς
317 2409 651 2484 ἀλλοφύλοις
700 2415 791 2470 καὶ
848 2411 921 2480 ὡς
972 2415 1466 2485 ἐπιβουλευθέντες
1518 2417 1760 2483 σωτῆρος

156 2499 350 2567 ἔτυχον
388 2499 486 2552 τοῦ
526 2501 694 2569 θεοῦ,
736 2495 874 2554 κατὰ
911 2494 977 2554 τὰ
1015 2496 1164 2571 παρὰ
1195 2505 1398 2553 Μωσεῖ
1426 2494 1757 2567 δηλούμενα,

154 2576 438 2649 προφήτας
469 2578 672 2647 αὐτοὺς
701 2580 839 2653 ὁμοῦ
869 2582 961 2638 καὶ
991 2579 1264 2655 Χριστούς
1292 2576 1570 2651 ὀνομάζει,
1602 2577 1757 2636 οὔπω

87 2659 276 2717 δοτότε
317 2664 567 2731 Μωσέως
606 2668 668 2722 ἐν
705 2663 1025 2738 ἀνθρώποις
1076 2662 1260 2735 ὄντος,
1306 2660 1436 2719 οὐδὲ
1489 2667 1586 2719 τοῦ
1634 2660 1754 2719 κατ’

268 2857 318 2894 12
352 2857 389 2896 1.
415 2854 515 2896 Cor.
538 2856 606 2909 12,
628 2858 670 2895 4.
