1946 3158
627 121 934 166 DEMONST.
955 121 1177 165 EVANG
1200 123 1259 163 11
1283 124 1323 166 3
1675 119 1773 172 101

166 239 332 299 Βάαλ.
395 235 570 305 οὕτως
602 230 706 296 οὖν
736 240 829 295 καὶ
863 241 922 295 ἐν
952 241 1027 316 τῷ
1060 239 1169 295 νῦν
1199 239 1374 314 καιρῷ
1404 244 1603 312 λεῖμμα
1635 237 1772 295 κατὰ

167 313 412 397 ἐκλογὴν
429 322 659 425 χάριτος
678 318 948 396 γέγονεν]

289 413 375 464 47.
408 407 522 466 Διὰ
561 405 771 465 τούτων
810 405 915 480 γὰρ
955 402 982 464 ὃ
1024 405 1324 473 ἀπόστολος
1367 409 1556 480 σαφῶς
1592 408 1679 463 ἐπὶ
1710 409 1777 482 τῇ
1801 430 1868 469 (63)

163 496 262 550 τοῦ
293 492 497 560 παντὸς
521 490 810 550 Ἰουδαίων
851 497 1055 558 ἔθνους
1093 487 1408 549 οἷποπτεόσει
1452 488 1652 549 ἑαυτὸν
1683 494 1774 548 καὶ

120 599 140 631 5
164 577 293 645 τούς
323 573 471 655 αὐτῷ
503 582 920 651 παραπλησίους
951 572 1290 644 ἀποστόλους
1328 599 1387 633 τε
1419 579 1510 634 καὶ
1542 572 1777 649 εὐαγγε-

166 659 351 729 λιστόις
382 664 482 719 τοῦ
515 666 760 737 σωτῆρος
783 657 942 735 ἡμῶν
966 659 1174 727 πάντας
1198 685 1254 718 τε
1284 658 1411 728 τούς
1438 666 1514 718 ἔτι
1546 662 1637 718 καὶ
1670 664 1777 719 νῦν

167 749 218 815 ἐξ
246 743 535 806 Ἰουδαίων
566 753 644 814 εἰς
674 743 770 804 τὸν
787 744 1028 820 Χριστὸν
1051 743 1453 813 πιστεύσαντας
1477 745 1536 803 τὸ
1561 746 1776 821 σπέρμα

167 831 620 904 εἶναιδιασαφεῖ
654 828 715 887 τὸ
753 828 862 887 ὑπὸ
902 832 998 887 τοῦ
1049 828 1339 905 προφήτου
1382 827 1778 904 ὠνομασμένον

165 913 303 973 κατὰ
348 914 407 972 τὸ
444 914 534 973 “εί
583 914 658 990 μὴ
700 913 889 988 κύριος
931 911 1188 986 Σαβαώθ
1239 917 1596 987 ἐγκατέλιπεν
1645 910 1779 988 ἡμῖν

103 1022 144 1055 10
168 996 433 1074 σπέρμα,”
487 1003 648 1058 τοῦτο
680 1000 741 1057 δὲ
775 999 915 1058 εἶναι
946 1001 1036 1056 καὶ
1068 998 1127 1056 τὸ
1162 1001 1220 1057 ἐν
1250 1013 1369 1066 ταῖς
1400 1008 1616 1068 λοιπαῖς
1648 1022 1778 1074 προ-

164 1091 417 1159 φητείαις
467 1083 811 1159 δηλούμενον
865 1081 1179 1158 υπόλειμμα
1219 1087 1317 1141 τοῦ
1358 1083 1591 1157 παντὸς,
1642 1082 1777 1156 ὅπερ

165 1170 342 1243 φησὶν
383 1167 500 1227 κατ’
549 1167 781 1244 ἐκλογὴν
823 1192 1041 1244 χαριτος
1086 1166 1461 1242 πεφυλαχθαι.
1533 1172 1615 1226 48.
1653 1171 1780 1267 περὶ

167 1255 233 1311 οὑ
265 1252 670 1328 ὑπολείμματος
710 1255 848 1328 φέρε
890 1250 1059 1311 παλιν
1098 1277 1164 1310 τα
1197 1251 1304 1310 ἀπὸ
1335 1254 1447 1311 τῶν
1478 1256 1781 1327 προφητῶν

170 1336 591 1412 ἐξαπλοόσωμεν,
625 1337 698 1405 ὦς
728 1335 798 1396 ἂν
828 1344 1140 1414 παρασταίη
1175 1335 1264 1395 δια
1287 1336 1563 1396 πλειόνων
1594 1336 1672 1395 ὅτι
1707 1337 1780 1411 μὴ

105 1442 146 1476 15
169 1419 502 1498 ἀδιακρίτως
541 1424 705 1481 παντὶ
745 1427 820 1500 τῷ
856 1420 1143 1481 Ἰουδαίων
1185 1429 1341 1480 ἔθνει
1380 1421 1481 1496 τὴν
1522 1426 1618 1481 τοῦ
1650 1431 1780 1524 Χρι-
1808 1443 1828 1476 b

169 1509 308 1564 στοῦ
347 1511 663 1581 παρουσίαν
705 1505 979 1580 σωτήριον
1010 1513 1238 1564 ἔσεσθαι
1267 1502 1535 1580 υπέσχετο
1565 1506 1594 1564 ὁ
1625 1505 1779 1577 θεὸς,

168 1587 293 1648 ἀλλ’
326 1588 533 1663 ὀλίγοις
564 1593 655 1649 καὶ
679 1595 880 1672 κομιδῆ
911 1597 1164 1657 σπανίοις
1186 1604 1299 1658 τοῖς
1325 1597 1401 1657 εἰς
1430 1589 1527 1648 τὸν
1557 1595 1778 1662 σωτῆρα

169 1677 260 1732 καὶ
302 1674 497 1744 κύριον
537 1674 696 1749 ἡμων
736 1673 1192 1747 πεπιστευκόσιν,
1238 1672 1424 1748 ὥσπερ
1454 1667 1558 1732 οὗν
1601 1677 1692 1732 καὶ
1721 1674 1781 1733 τὸ

169 1766 334 1833 ἔργον
373 1756 699 1827 ἀκολούθως
740 1773 858 1826 ταῖς
899 1758 1272 1834 προρρήσεσιν
1314 1758 1779 1833 ἐπηκολούθησεν.

106 2011 148 2044 20
624 1970 728 2040 λς’.
787 1968 917 2030 ’Λπὸ
948 1975 1046 2030 τοῦ
1070 1969 1316 2029 Ησαίου

156 2070 262 2122 Ότι
298 2075 361 2134 μὴ
402 2074 471 2129 εἰς
501 2080 601 2122 πᾶν
629 2074 682 2122 τὸ
701 2068 949 2123 Ἰουδαίων
972 2076 1138 2131 ἔθνος,
1170 2073 1275 2122 ἀλλ’
1309 2076 1377 2128 εἰς
1407 2074 1594 2133 ὀλίγους
1624 2074 1782 2122 αὐτῶν

547 2132 706 2190 διήκει
727 2151 784 2178 τοι
807 2136 900 2179 τῶν
921 2138 1075 2180 θείων
1098 2111 1400 2191 ἐπαγγελιῶν.

296 2243 381 2295 49.
407 2233 519 2296 “‘H
551 2241 625 2312 γῆ
662 2234 821 2312 υμῶν
853 2245 1083 2313 ἕρημος,
1126 2244 1188 2297 αι
1213 2237 1399 2306 πόλεις
1429 2237 1588 2312 υμῶν
1618 2245 1778 2311 πυρί-
1813 2272 1830 2293 e

171 2341 424 2380 καυστοι·
482 2321 583 2395 τὴν
622 2322 809 2397 χώραν
851 2322 1008 2397 ὑμῶν
1049 2322 1288 2382 ἐνώπιον
1317 2319 1475 2397 ὑμῶν
1504 2319 1781 2395 ἀλλότριοι

108 2430 150 2464 25
172 2413 568 2465 κατεσθίουσιν
613 2404 817 2482 αὐτὴν,
868 2411 962 2466 καὶ
1006 2405 1289 2482 ἠρήμωται
1330 2410 1779 2480 κατεστραμμένη

172 2489 282 2549 ὑπὸ
313 2497 466 2550 λαῶν
494 2490 815 2567 ἀλλοτρίων.
879 2492 1445 2566 ἐγκαταλειφθήσεται
1468 2492 1501 2564 ἡ
1524 2490 1779 2565 θυγάτηρ

10 2567 23 2657 J
174 2573 331 2634 Σιών
361 2575 433 2643 ὡς
466 2577 642 2650 σκηνὴ
667 2580 727 2634 ἐν
761 2576 1043 2651 ἀμπελῶνι
1076 2581 1168 2634 καὶ
1198 2575 1272 2644 ὦς
1313 2573 1780 2651 ὀπωροφυλάκὶον

6 2664 26 2747 f
176 2664 236 2717 ἐν
266 2660 609 2738 σικυηροὲτςο,
657 2658 729 2730 ὥς
771 2661 929 2730 πόλις
967 2664 1422 2735 πολιορκουμένη.
1493 2664 1584 2718 καὶ
1626 2667 1678 2719 εἰ
1704 2659 1780 2734 μὴ

289 2884 341 2923 23
373 2882 448 2924 Es.
473 2884 511 2934 1,
533 2884 571 2923 7.
