1992 3186
575 144 884 187 DEMONST.
908 144 1127 186 EVANG.
1162 145 1262 185 VII.
1298 146 1333 185 1.
1638 142 1744 194 449

127 264 428 336 τοιγαροῦν
465 258 494 318 ὁ
536 259 667 327 θεὸς
706 273 819 328 τοῖς
865 257 939 333 μὴ
980 259 1077 316 τὸν
1118 258 1381 332 Σιλωὰμ,
1434 256 1583 315 τοῦτ’
1630 266 1749 317 ἔστι

132 345 229 404 τὸν
258 345 675 418 ἀπεσταλμένον
694 341 1061 417 Ἐμμανουὴλ,
1096 346 1188 400 καὶ
1211 343 1310 400 τὸν
1327 347 1387 400 ἐκ
1410 348 1507 416 τῆς
1531 344 1744 417 προφή-

132 436 280 497 τιδος
311 432 682 503 γεγενημένον
711 428 868 502 υἱὸν,
917 427 1014 486 τόν
1043 453 1102 486 τε
1132 427 1363 501 πότιμον
1393 430 1486 484 καὶ
1515 426 1745 501 γόνιμον
1772 452 1793 484 b

133 514 307 572 αὐτοῦ
339 513 504 587 λόγον
546 516 1042 588 παραδεξαμένοις,
1076 511 1214 569 ἄλλα
1243 515 1438 570 τοῦτον
1467 513 1595 585 μὲν,
1629 519 1745 570 καί-

87 623 110 655 5
131 623 214 657 τοι
239 597 427 672 πράως
451 601 543 655 καὶ
567 594 747 670 ἡσυχῆ
767 596 1095 671 φερόμενον,
1113 599 1589 670 παραιτουμένοις,
1609 594 1743 654 καθ’

131 687 346 741 ἑαυτῶν
371 684 433 740 δὲ
456 682 576 755 ἤτοι
600 681 696 739 τὸν
717 687 829 739 τῶν
855 688 1271 755 εἰδωλολατρῶν
1297 685 1483 738 ἐθνῶν
1506 679 1744 754 ἄρχοντα

131 764 166 840 ἢ
196 766 293 825 τὸν
323 772 418 840 τῆς
463 766 800 833 ἀποστασίας
844 770 944 824 τοῦ
987 768 1127 823 λαοῦ
1155 769 1253 822 τοῦ
1293 769 1434 822 θεοῦ
1469 768 1746 838 ἑλομένοις

134 851 355 919 ἐπάξειν
376 851 435 908 τὸ
459 849 613 925 ὕδωρ
637 854 734 908 τοῦ
758 854 1006 923 ποταμοῦ
1036 849 1096 907 τὸ
1125 849 1353 922 ἰσχυρὸν
1384 852 1475 906 καὶ
1499 848 1559 907 τὸ
1584 850 1745 922 πολὺ,

0 1003 1 1012 2
130 934 266 1009 ὅπερ
298 935 455 1009 ὕδωρ
488 932 650 1000 αὐτὸς
681 930 710 991 ὁ
740 939 837 1006 τῆς
868 940 1207 1008 προφητείας
1239 933 1398 1006 λόγος
1432 933 1744 1008 ερμηνεῦει,

69 1045 110 1076 ιο
133 1022 311 1092 λέγων
342 1019 511 1077 αὐτὸν
544 1019 686 1076 εἶναι
716 1017 813 1076 τὸν
840 1020 1070 1090 βασιλέα
1093 1022 1206 1075 τῶν
1229 1017 1566 1091 Ἀσσυρίων
1602 1016 1746 1076 οῦτω

0 1106 1 1110 ’
132 1103 300 1161 πάλιν
330 1102 448 1176 ἤτοι
480 1103 615 1160 κατὰ
649 1101 904 1161 διάνοιαν
934 1109 1224 1176 σημαίνων
1255 1101 1351 1160 τὸν
1377 1101 1617 1177 ἄρχοντα
1647 1127 1747 1160 του

0 1236 1 1260 2
132 1191 330 1254 αι’ωνος
375 1185 606 1259 τούτου,
651 1182 686 1259 ἢ
730 1185 832 1260 τὴν
876 1190 984 1246 νῦν
1030 1189 1435 1261 ἐπικρατοῦσαν
1468 1183 1747 1260 Ρωμαίων

0 1265 1 1346 ξ
130 1270 336 1345 ἀρχὴν,
383 1263 420 1346 ᾗ
463 1273 556 1328 καὶ
601 1270 1000 1345 παρεδόθησαν
1039 1276 1096 1329 οἱ
1131 1270 1190 1328 τὸ
1228 1273 1330 1345 μὲν
1363 1273 1621 1344 δηλωθὲν
1651 1278 1748 1329 τοῦ
1773 1306 1789 1328 c

0 1365 1 1368 ’
134 1355 366 1428 Σιλωὰμ
395 1353 550 1429 ῦδωρ
573 1355 632 1412 τὸ
653 1354 1031 1430 πορευόμενον
1053 1352 1233 1430 ἡσυχῆ
1257 1355 1747 1430 παραιτησάμενοι,

70 1465 110 1498 15
133 1453 246 1506 τοῖς
279 1440 341 1497 δὲ
373 1442 641 1506 ἐναντίοις
671 1442 764 1496 καὶ
797 1446 1076 1513 πολεμίοις
1117 1445 1215 1498 τοῦ
1245 1439 1423 1514 ὀρθοῦ
1454 1439 1624 1513 λόγου
1659 1440 1747 1498 δό-

0 1522 1 1530 “
132 1545 339 1597 γμασιν
386 1523 616 1590 ἑαυτοὺς
660 1519 1116 1597 ὖποβεβληκότες.
1202 1529 1316 1581 119.
1367 1522 1566 1582 αὐτίκα
1609 1528 1748 1597 γοῦν

133 1610 227 1665 καὶ
257 1607 361 1665 οὐκ
393 1613 470 1674 εἰς
502 1607 714 1681 μακρὸν
743 1608 817 1680 μὴ
849 1611 1318 1682 παραδεξαμένοις
1342 1607 1530 1684 αὐτοῖς
1560 1609 1620 1666 τὸ
1651 1613 1748 1666 τοῦ

133 1697 379 1766 σωτῆρος
403 1690 560 1765 ἡμῶν
585 1688 927 1765 εὐαγγέλιον,
959 1694 1457 1766 παραιτησαμένοις
1480 1694 1543 1750 δὲ
1572 1690 1632 1750 τὸ
1650 1696 1751 1750 τοῦ

134 1776 364 1850 Σιλωὰμ
388 1774 558 1833 ποτὸν
580 1775 640 1832 τὸ
671 1776 1048 1850 πορευόμενον
1071 1773 1271 1850 ἡσυχῆ,
1305 1775 1561 1835 ἐπελθών
1584 1773 1613 1834 ὁ
1638 1776 1739 1834 ὑπ“

0 1882 1 1935 j
68 1886 111 1919 20
134 1863 234 1918 τοῦ
273 1863 414 1918 θεοῦ
454 1858 937 1934 κατευθυνόμενος
960 1857 1242 1934 Ῥωμαίων
1279 1861 1508 1933 στρατὸς
1547 1860 1749 1934 ἀνελή-

135 1953 312 2002 λυθεν
344 1947 434 2002 ἐπὶ
463 1948 648 2003 πᾶσαν
678 1943 938 2019 φάραγγα
969 1943 1155 2003 αὐτῶν
1173 1989 1188 2017 ,
1220 1948 1313 2002 καὶ
1343 1944 1748 2020 περιεπάτησεν

136 2031 226 2085 ἐπὶ
257 2034 369 2086 πᾶν
398 2043 574 2102 τεῖχος
605 2028 818 2102 αὐτῶν,
851 2032 943 2087 καὶ
967 2028 1199 2103 ἀφεῖλεν
1222 2027 1329 2087 άπὸ
1359 2036 1454 2103 τῆς
1479 2027 1748 2098 Ἰουδαίας

134 2110 469 2187 ἄνθρωπον,
512 2109 571 2179 ὃς
614 2112 910 2187 δυνήσεται
952 2108 1203 2187 κεφαλὴν
1242 2107 1399 2189 ἆραι,
1440 2111 1474 2187 ἢ
1509 2113 1749 2173 δυνατὸν

135 2199 583 2255 συντελέσασθαί
609 2223 661 2255 τι
679 2243 694 2271 ,
726 2201 817 2255 καὶ
847 2201 1080 2271 γέγονεν
1109 2195 1142 2272 ἡ
1175 2197 1498 2274 παρεμβολὴ
1521 2203 1623 2256 τοῦ
1654 2205 1746 2272 δη-

71 2305 113 2337 25
136 2285 414 2349 λωθέντος
469 2280 716 2355 τοσαύτη
762 2281 902 2341 ὥστε
953 2287 1243 2358 πληρῶσαι
1293 2282 1353 2340 τὸ
1404 2281 1605 2351 πλάτος
1654 2287 1748 2357 τῆς
1771 2305 1792 2336 d

127 2363 399 2432 Ἰουδαίας
431 2365 663 2439 ἁπάσης.

265 2454 380 2506 120.
420 2451 526 2507 Καὶ
556 2450 718 2508 τοῦτό
745 2475 807 2523 γε
838 2450 974 2525 πρὸς
1006 2453 1153 2519 λέξιν
1183 2449 1359 2516 οὕτως
1393 2457 1469 2517 εἰς
1502 2454 1746 2515 ἐκείνους

139 2530 577 2603 ἐκπεπλήρωται·
626 2538 718 2591 διὰ
748 2540 917 2592 ποίαν
947 2541 1161 2606 αἰτίαν,
1201 2540 1251 2590 εί
1281 2534 1350 2605 δὴ
1379 2544 1588 2606 μαθεῖν
1621 2536 1748 2591 ἐθέ-

137 2622 277 2686 λεις,
309 2612 492 2673 άκουε.
553 2641 636 2674 οτι
665 2616 796 2691 μεθ’
831 2617 989 2724 ἡμων
1018 2617 1047 2675 ὁ
1070 2615 1202 2683 θεὸς
1227 2616 1594 2691 Ἐμμανουὴλ,
1625 2614 1653 2674 ὁ
1688 2621 1745 2675 ἐκ
1770 2640 1857 2683 [20⁷1

73 2721 115 2754 30
137 2701 232 2770 τῆς
263 2701 550 2772 παρθένου
581 2705 1008 2775 γεγεννημένος,
1041 2699 1160 2757 ἀλλ’
1197 2698 1263 2758 οῦ
1287 2704 1378 2757 καὶ
1409 2700 1525 2774 μετ’
1562 2726 1747 2760 αυτων

138 2799 232 2854 ην·
291 2806 363 2848 ως
410 2792 461 2839 εἴ
493 2807 556 2855 γε
599 2785 747 2858 εἶχον
777 2783 975 2857 αὐτὸν,
1016 2784 1118 2842 οὐκ
1148 2782 1218 2843 ἂν
1248 2789 1420 2843 ταῦτα
1450 2784 1746 2845 πεπόνθει-

138 2884 257 2923 σαν.
322 2866 407 2923 διὸ
440 2867 508 2938 δὴ
543 2869 663 2940 ἑξῆς
693 2868 722 2926 ὁ
754 2868 913 2941 λόγος
945 2884 1059 2935 τοις
1084 2876 1309 2927 ἔθνεσιν
1334 2873 1621 2943 ἐπιβοᾶται
1650 2871 1746 2929 τὸν

221 2974 451 3002 EUsEmUs
485 2975 559 3003 111.
1379 2963 1448 3016 29
