1992 3186
581 99 891 142 DEMONST.
922 99 1144 144 EVANG.
1175 101 1300 142 VIII.
1337 102 1374 143 1.
1665 98 1769 150 499

156 214 394 288 Ἐσεβῶν
427 218 484 272 ἐκ
514 216 803 288 Βηθλεεμ,
835 217 927 272 καὶ
957 215 1091 288 μετὰ
1122 218 1319 272 τοῦτον
1350 214 1543 272 Αίλῶν
1575 218 1634 271 ἐκ
1665 239 1772 287 φυ-

160 306 256 373 λῆς
299 297 632 372 Ζαβουλῶν,
675 305 861 356 ἔπειτα
903 298 1149 371 Λαβδῶν
1201 303 1260 356 ἐκ
1302 301 1482 404 φυλῆς
1518 295 1771 373 Εφραῖμ,

160 387 253 442 καὶ
284 376 450 450 αὖθις
482 381 736 456 Σαμψων
779 386 838 440 ἐκ
851 387 1057 456 φυλῆς
1089 381 1242 455 Δάν,
1291 387 1475 440 ἔπειτα
1507 381 1772 457 ἀναρχίας

160 467 346 526 αὐτῶν
374 469 675 541 γενομένης
705 466 889 540 ἡγεῖτο
921 464 1108 524 αὐτῶν
1132 464 1276 524 Ἠλεὶ
1310 465 1338 524 ὁ
1365 465 1544 541 ἱερεύς
1576 471 1637 525 ἐκ
1668 492 1772 540 φυ-

116 555 257 625 5λῆς
300 558 454 610 Λευί.
539 557 622 608 28.
665 553 818 609 οὑτοι
868 575 1069 618 παντες
1109 554 1288 625 κριταὶ
1343 558 1629 624 κρίναντες
1677 550 1774 608 τὸν

150 636 395 711 Ἰσραὴλ,
428 633 531 692 οὐκ
562 639 621 692 ἐκ
648 639 906 709 διαδοχῆς
932 632 1131 708 Ἰούδα,
1166 639 1225 691 ἐκ
1257 634 1544 709 διαφόρων
1577 637 1637 692 δὲ
1667 659 1771 708 φυ-

158 724 273 778 λῶν
303 719 544 778 ἄλλοθεν
567 717 728 785 ἄλλος
751 718 1073 792 γενόμενος·
1123 720 1213 776 καὶ
1243 716 1274 774 ὅ
1297 743 1358 791 γε
1381 719 1515 792 μετὰ
1544 718 1772 786 τούτους

159 810 373 878 πρῶτος
406 802 590 861 αὐτῶν
613 802 948 876 βασιλεύσας
974 800 1166 860 Σαούλ
1199 806 1258 859 ἐκ
1282 806 1463 875 φυλῆς
1494 795 1564 875 ῆν
1576 813 1771 861 Βενια-

158 895 268 962 μίν.
329 893 414 945 29,
451 892 565 954 πῶς
595 880 698 945 οὖν
725 887 786 944 τὸ
811 883 953 944 “ου’κ
997 890 1237 956 ἐκλείψει
1267 885 1453 960 ἄρχων
1494 891 1546 955 ἐξ
1573 885 1770 959 Ἰούδα,

95 1001 134 1034 10
158 970 294 1030 οὐδε
333 970 638 1046 ἡγούμενος
682 974 741 1027 ἐκ
779 976 892 1029 τῶν
932 975 1126 1045 μηρῶν
1167 968 1360 1028 αὐτοῦ’
1422 967 1571 1044 (ὡς
1550 997 1620 1029 αν
1650 978 1768 1044 οίη-
1794 996 1883 1037 (371)

158 1063 288 1130 θείη
335 1057 437 1130 τις)
498 1058 586 1112 ἐπὶ
631 1054 758 1147 τοὺς
816 1058 875 1112 ἐκ
921 1060 1100 1157 φυλῆς
1136 1051 1316 1112 Ἰούδα
1361 1079 1629 1129 αρχοντας
1680 1058 1771 1111 καὶ

158 1140 500 1214 ἡγουμένους
539 1120 1000 1213 ανενεχθήσεται,
1042 1138 1132 1197 ὅτε
1171 1144 1467 1213 φαίνονται
1511 1137 1619 1196 απὸ
1660 1144 1772 1197 τῶν

157 1223 374 1300 χρόνων
411 1227 507 1297 τῆς
547 1227 647 1281 τοῦ
680 1221 874 1295 Ἰακῶβ
913 1227 1169 1296 τελευτῆς
1199 1221 1346 1289 όλοις
1389 1228 1569 1280 ἔτεσιν
1611 1222 1771 1296 ἐγγύς

158 1331 266 1367 που
297 1314 489 1383 χιλίοις
519 1306 623 1365 οὐκ
654 1311 714 1365 ἐκ
743 1307 914 1381 μόνης
936 1311 1031 1381 τῆς
1056 1305 1235 1366 Ἰούδα
1259 1311 1440 1381 φυλῆς
1463 1310 1773 1407 προαχθέν-

11 1444 13 1446 .
94 1421 135 1453 15
157 1417 274 1464 τες,
307 1390 430 1450 αλλ’
465 1390 659 1450 ἄλλοτε
691 1395 761 1460 ἐξ
776 1389 970 1465 αλλης,
1002 1396 1159 1465 μέχρι
1178 1395 1291 1449 τῶν
1312 1394 1503 1464 Δαβὶδ
1525 1391 1770 1492 χρόνων;

161 1484 210 1534 εἰ
240 1478 300 1534 δε
330 1501 465 1550 μετα
494 1501 622 1544 τους
653 1475 948 1542 τοσούτους
978 1474 1006 1532 ὁ
1039 1478 1229 1548 Λαβὶδ
1258 1481 1317 1533 οἳ
1341 1499 1401 1532 τε
1435 1480 1494 1532 ἐκ
1523 1479 1618 1548 τῆς
1650 1474 1772 1532 τού-

157 1586 255 1619 του
289 1566 548 1634 διαδοχῆς
579 1559 1005 1632 βασιλεύσαντες
1036 1567 1133 1617 τοῦ
1160 1557 1446 1617 Ἰουδαίων
1478 1566 1680 1626 ε’θνους
1714 1562 1772 1615 ἐκ

159 1649 338 1746 φυλῆς
358 1643 655 1718 γεγόνασιν
681 1643 892 1717 Ἰούδα,
917 1641 1055 1701 αλλα
1077 1643 1181 1718 χρή
1217 1664 1280 1701 σε
1305 1642 1551 1700 ειδέναι
1533 1642 1615 1700 ότι
1640 1641 1772 1701 οὐδε

158 1727 306 1795 όλοις
337 1735 719 1795 πεντακοσίοις
751 1735 893 1786 ἔτεσι
926 1727 1227 1802 διήρκεσαν
1257 1720 1410 1785 οὗτοι
1439 1751 1538 1784 του
1569 1725 1771 1793 παντὸς

97 1841 137 1872 20
161 1821 364 1881 ἔθνους
395 1812 844 1885 βασιλεύσαντες,
877 1811 1016 1869 ἀλλὰ
1040 1811 1227 1885 μόνων
1251 1815 1448 1884 φυλῶν
1471 1814 1659 1886 τριῶν,
1678 1813 1769 1868 καὶ
1797 1834 1817 1866 b

158 1895 289 1955 οὐδὲ
320 1896 465 1955 ὅλων
494 1897 735 1969 τούτων,
777 1895 907 1954 καθ’
945 1894 1042 1962 οὕς
1075 1899 1256 1969 ἕτεροί
1281 1918 1426 1962 τινες
1469 1894 1773 1969 ἐτύγχανον

159 1985 255 2038 τοῦ
286 1975 540 2049 πλείονος
582 1988 787 2048 ἔθνους
827 1983 920 2038 καὶ
960 1979 1107 2037 ὅλων
1148 2004 1210 2053 γε
1252 1983 1412 2037 ἐννέα
1443 1984 1640 2052 φυλῶν
1671 1978 1773 2051 τὴν

159 2072 449 2138 βασιλείαν
493 2068 791 2132 διέποντες.
864 2070 946 2121 30.
991 2064 1126 2138 μετὰ
1168 2064 1272 2138 γὰρ
1311 2065 1414 2137 τὴν
1458 2066 1560 2120 τοῦ
1599 2071 1773 2121 Σολο-

158 2154 340 2222 μῶνος
377 2148 638 2222 τελευτὴν
680 2150 1056 2221 διαιρεθέντος
1097 2155 1195 2207 τοῦ
1235 2146 1439 2213 παντὸς
1482 2154 1686 2213 ἔθνους
1719 2150 1770 2214 ἐξ

94 2259 135 2292 25
155 2230 368 2307 Ἰούδα,
409 2238 508 2291 τοῦ
550 2236 741 2304 Λαβὶδ
783 2232 1028 2306 διάδοχοι
1068 2237 1266 2306 τριῶν,
1311 2232 1381 2298 ῶς
1428 2238 1598 2304 ἔφην,
1642 2228 1767 2289 οὐδ’

19 2312 22 2314 v
157 2315 305 2374 ὅλων
343 2321 540 2390 φυλῶν
583 2319 669 2374 ἐπὶ
709 2322 806 2390 τῆς
850 2314 1205 2390 Ἰερουσαλὴμ
1249 2320 1576 2388 ἐβασίλευον
1614 2317 1771 2387 μέχρι

159 2405 254 2471 τῆς
289 2407 364 2467 εἰς
397 2405 707 2474 Βαβυλῶνα
740 2407 1127 2474 αἰχμαλωσίας.
1191 2405 1272 2457 31.
1310 2396 1431 2456 κατ’
1477 2395 1676 2462 αὐτοὺς
1711 2398 1771 2453 δὲ

160 2481 386 2549 τούτους
420 2487 508 2541 ἐπὶ
537 2491 631 2556 τῆς
664 2492 983 2587 Σαμαρείας
1014 2483 1157 2542 οὕτω
1190 2483 1531 2554 καλουμένης
1562 2479 1771 2547 πόλεως

162 2568 273 2622 τῶν
306 2569 466 2624 ἐννέα
505 2571 702 2639 φυλῶν
742 2567 1039 2641 ἡγούμενοι
1070 2564 1173 2623 ούκ
1205 2569 1257 2634 ἐξ
1291 2564 1502 2636 Ἰούδα,
1534 2563 1663 2649 ἀλλ’
1718 2567 1770 2632 ἐξ

97 2675 138 2708 30
165 2651 367 2722 ἑτέρων
398 2654 638 2722 φυλῶν
618 2654 789 2724 ε’τεροι
815 2654 1146 2721 διετέλεσαν,
1180 2651 1259 2707 ῶν
1281 2653 1494 2722 πρῶτος
1518 2639 1588 2721 ῆν
1610 2646 1770 2722 Ιερο-
1803 2684 1818 2705 0

162 2732 306 2806 βοὰμ
340 2737 398 2790 ἐκ
429 2737 607 2806 φυλῆς
634 2731 895 2808 Ἐφραὶμ,
927 2737 1018 2792 καὶ
1049 2738 1106 2790 οι
1130 2736 1368 2805 καθεξῆς
1390 2730 1526 2806 μετὰ
1555 2736 1769 2802 τοῦτον,

164 2817 235 2884 ῶς
266 2816 395 2890 μηδ’
444 2820 504 2875 έν
543 2831 655 2884 τοῖς
686 2816 889 2890 μεταξὺ
920 2816 1135 2893 χρόνοις
1179 2831 1291 2883 τοῖς
1321 2814 1428 2875 ἀπὸ
1460 2819 1649 2890 Δαβὶδ
1682 2818 1768 2873 ἐπὶ

389 2927 395 2930 “
1365 2910 1472 2962 32²*
