1992 3186
600 127 908 168 DEMONST.
940 128 1161 171 EVANG.
1191 130 1270 170 VI.
1304 130 1371 168 20.
1673 127 1778 178 403

169 267 316 309 τινος
346 244 438 300 καὶ
471 244 672 300 ἐνθέου
705 241 993 315 δυνάμεως
1027 241 1398 316 ἐπιδημούσης
1430 241 1646 315 αὐτοῖς,
1680 243 1779 300 αὑ-

169 334 292 385 τίκα
323 330 717 385 συνεκινοῦντο
758 325 928 383 σάλον
968 329 1060 383 καὶ
1091 327 1292 384 κλόνον
1334 330 1394 384 ἐν
1425 329 1640 394 ἑαυτοῖς
1672 327 1779 384 πά-

170 431 411 485 σχοντες,
443 408 480 484 ἦ
501 435 559 469 τε
582 416 783 483 καρδία
814 409 998 468 αὐτῶν
1021 414 1112 468 καὶ
1136 410 1169 484 ἡ
1199 409 1516 485 διανοητικὴ
1542 410 1778 485 δύναμις

167 493 362 568 ’ἡττᾶτο
395 502 559 553 ἔνδον
592 500 652 554 ἐν
684 498 930 567 ἑαυτοῖς,
976 494 1346 571 ὑποχωροῦσα
1376 498 1468 552 καὶ
1498 501 1778 569 νικωμένη

125 605 144 636 5
168 577 275 638 ὑπὸ
325 587 420 653 τῆς
460 579 706 660 ἀοράτως
754 580 1206 653 συνελαυνούσης
1251 585 1342 637 καὶ
1391 580 1564 654 πυρὸς
1614 586 1778 652 δίκην

166 663 385 741 ἀρρήτῳ
418 664 562 742 λόγῳ
594 663 907 737 φλεγούσης
932 663 1134 731 αὐτοὺς
1161 663 1465 737 δυνάμεως.
1523 669 1606 721 12.
1639 662 1779 721 ἀλλά

167 747 288 807 τότε
318 750 420 822 μὲν
450 746 694 822 ἀοράτως
738 753 795 806 οἱ
823 755 1079 822 δαίμονες
1111 755 1284 806 ταῦτα
1317 755 1557 822 ἔπασχον
1591 752 1679 806 ἐπὶ
1710 755 1778 823 τῇ

167 840 266 890 τοῦ
298 840 540 906 σωτῆρος
571 833 728 907 ἡμῶν
753 831 930 906 Ἰησοῦ
959 839 1203 903 Χριστοῦ
1248 839 1325 899 εἰς
1355 832 1457 905 τὴν
1489 843 1777 906 Αἴγυπτον

169 916 416 994 ένσάρκςο
444 921 729 992 ἐπιδημία·
780 917 968 989 ἐπειδὴ
994 923 1054 974 δὲ
1071 916 1203 990 μετὰ
1226 923 1397 974 ταῦτα
1420 923 1644 990 γυμνῶς
1667 916 1776 990 ἤδη
1802 945 1890 985 (298)

102 1028 142 1058 ιο
167 1001 361 1060 λοιπὸν
411 1001 471 1059 τὸ
523 1003 652 1075 περὶ
699 1000 874 1057 αὐτοῦ
916 999 1242 1074 εὐαγγέλιον
1284 1017 1396 1069 τοῖς
1429 1009 1777 1074 Αἰγυπτίοις,

167 1084 353 1160 ὥσπερ
385 1079 487 1143 οῦν
516 1087 607 1142 καὶ
638 1100 751 1151 τοῖς
783 1093 994 1152 λοιποῖς
1019 1092 1266 1158 ἔθνεσιν,
1291 1085 1630 1158 ἐκηρύττετο,
1665 1084 1779 1158 ἣτε

166 1167 396 1244 ἀόρατος
439 1168 610 1227 αὐτοῦ
653 1168 887 1242 δυ’ναμις
929 1170 1036 1228 σὺν
1078 1184 1191 1237 τοῖς
1239 1167 1563 1236 ἀποστόλοις
1603 1167 1777 1227 αὐτοῦ

165 1261 350 1329 παρῆν
373 1253 602 1327 ἀφανῶς
631 1253 1061 1327 συμπράττουσα
1086 1253 1275 1321 αὐτοῖς
1309 1257 1400 1311 καὶ
1427 1259 1778 1327 συνεργοῦσα

165 1341 258 1395 καὶ
282 1343 727 1412 καταγγέλλουσα
754 1338 826 1395 δι’
860 1338 1046 1396 αὐτῶν
1059 1337 1160 1411 τὴν
1186 1338 1392 1410 εὐσεβῆ
1411 1344 1778 1396 διδασκαλίαν

103 1448 142 1479 15
167 1419 368 1495 αὐτοῦ,
409 1423 581 1495 μόνον
621 1423 719 1480 τὸν
759 1427 857 1480 ἕνα
899 1426 992 1480 καὶ
1021 1422 1191 1497 μόνον
1233 1421 1418 1496 ἀληθῆ
1449 1423 1586 1481 θεὸν
1618 1423 1779 1481 εὐσε-

166 1514 290 1579 βεῖν
319 1510 832 1580 παρακελευομένη,
873 1511 985 1565 τῶν
1027 1509 1088 1564 δὲ
1129 1506 1411 1580 δαιμόνων
1450 1506 1578 1572 τοῦς
1608 1508 1779 1564 πάλαι

165 1594 622 1665 πεπλανημένους
662 1591 980 1664 ἀφιστῶσα,
1024 1596 1107 1647 13.
1142 1595 1389 1648 ἐνταῦθα
1430 1589 1622 1648 λοιπὸν
1666 1591 1777 1664 ἤδη

166 1681 513 1748 Αἰγυπτίοις,
528 1675 714 1748 ὥσπερ
738 1667 842 1733 οῦν
864 1678 956 1732 καὶ
981 1691 1094 1742 τοῖς
1119 1684 1327 1741 λοιποῖς
1353 1681 1563 1747 ἔθνεσι,
1589 1678 1778 1742 στάσις

165 1762 256 1816 καὶ
299 1760 533 1834 πόλεμος
578 1758 841 1833 ἐμφύλιος
883 1767 1206 1831 συνίστατο,
1259 1764 1371 1816 τῶν
1412 1761 1513 1832 μὲν
1557 1758 1776 1833 ἀναχω-
1803 1786 1823 1818 b

101 1868 141 1900 20
166 1843 418 1916 ρούντων
457 1851 554 1917 τῆς
595 1846 880 1901 πολυθέου
923 1843 1134 1917 πλάνης
1164 1847 1257 1900 καὶ
1297 1848 1371 1918 τῷ
1402 1846 1502 1900 τοῦ
1532 1848 1778 1913 Χριστοῦ

165 1927 309 2004 λόγῳ
334 1928 804 2003 προστρεχόντων,
829 1934 942 1985 τῶν
961 1930 1021 1985 δὲ
1048 1931 1100 1996 ἐξ
1123 1932 1375 1995 ἐναντίας
1388 1927 1600 1995 τούτοις
1618 1937 1775 1986 πολε-

164 2012 420 2085 μούντων
461 2016 554 2070 καὶ
592 2009 703 2070 ὑπὸ
743 2019 855 2070 τῶν
895 2019 1118 2070 οἰκείων
1157 2011 1440 2086 δαιμόνων
1473 2016 1774 2087 ἐξοιστρου-

164 2099 367 2169 μένων,
393 2096 465 2164 ὡς
490 2099 580 2154 καὶ
599 2094 876 2170 ἀδελφούς
897 2094 1152 2169 ἀλλήλων
1169 2103 1508 2168 διίστασθαι,
1534 2100 1626 2153 καὶ
1648 2095 1777 2164 τοῦς

163 2179 458 2252 φιλτάτους
486 2180 576 2238 διά
600 2184 776 2254 ξιφῶν
800 2196 1002 2254 χωρεῖν
1025 2186 1120 2254 τῆς
1142 2184 1240 2238 τοῦ
1253 2187 1494 2254 Χριστοῦ
1516 2186 1776 2238 διδασκα-

101 2287 141 2318 25
166 2271 285 2332 λίας
317 2269 538 2338 ἕνεκεν,
581 2267 755 2338 φησὶν
785 2264 813 2322 ὁ
848 2264 1086 2340 χρησμὸς
1121 2264 1253 2322 “uoci
1307 2265 1777 2338 ἐπεγερθήσονται

166 2348 461 2421 Αἰγύπτιοι
475 2347 561 2407 ἐπ’
577 2355 920 2421 Αἰγυπτίους
945 2348 1344 2422 καὶπολεμήσει
1367 2349 1666 2420 ἅνθρωπος
1681 2348 1778 2406 τὸν

165 2429 414 2504 ἀδελφὸν
455 2433 629 2491 αὑτοῦ
670 2437 762 2490 καὶ
802 2432 1102 2507 ἅνθρωπος
1141 2432 1238 2491 τὸν
1277 2440 1514 2505 πλησιόν
1545 2430 1772 2489 αὑτοῦ.”

170 2519 248 2571 14.
282 2521 568 2574 πιστοῦται
603 2519 664 2574 δὲ
694 2518 795 2590 τὴν
825 2517 1174 2591 προφητικὴν
1205 2516 1512 2591 πρόρρησιν
1551 2519 1642 2573 καὶ
1674 2515 1770 2573 αὐ-
1794 2541 1888 2585 [185]

165 2597 255 2665 τὸς
270 2599 300 2655 ὁ
322 2600 502 2674 σωτὴρ
518 2601 694 2674 ἡμῶν,
727 2601 961 2674 φάσκων
986 2606 1045 2659 ἐν
1065 2615 1178 2666 τοῖς
1201 2598 1543 2673 εὐαγγελίοις
1558 2597 1771 2675 “παρα4
1804 2636 1822 2658 e

101 2703 143 2736 30
169 2681 334 2740 δώσει
359 2680 598 2756 ἀδελφὸς
613 2682 858 2758 ἀδελφὸν
884 2692 960 2750 εἰς
981 2684 1230 2743 θάνατον
1247 2687 1337 2741 καὶ
1364 2684 1542 2757 πατὴρ
1559 2687 1773 2757 τέκνον,

279 2877 332 2915 29
363 2876 528 2917 Matth.
556 2879 619 2924 10,
644 2879 710 2916 21.

1365 2947 1474 2998 262³*-
