1992 3186
515 138 820 182 DEMONST.
843 139 1062 183 EVANG.
1084 143 1138 183 V.
1161 142 1226 181 16.
1252 143 1318 184 17.
1628 141 1732 193 335

251 264 392 314 XVII.
429 249 577 310 “Kaz
610 253 730 311 εἶπε
762 253 950 329 κύριος
980 253 1116 330 πρὸς
1142 259 1381 329 Μωσῆν,
1414 258 1506 314 καὶ
1538 257 1734 315 τοῦτόν
1757 281 1779 314 b

125 355 211 395 σοι
240 337 338 395 τὸν
367 336 552 410 λόγον,
584 334 649 395 ὃν
681 347 920 412 εἴρηκας,
954 339 1180 413 ποιήσω.
1240 339 1476 415 εὕρηκας
1505 339 1611 416 γάρ
1642 340 1734 415 χά-

125 447 217 497 ριν
249 420 488 480 ἐνώπιόν
517 446 652 495 μου,
684 425 777 479 καὶ
808 422 934 481 οἶδά
963 442 1026 481 σε
1053 424 1202 499 παρὰ
1224 423 1446 492 πάντας.
1488 427 1581 482 καὶ
1614 427 1735 483 εἷπε

123 511 367 579 Μωσῆς,
411 505 593 575 δεῖξόν
632 531 724 580 μοι
763 507 866 580 τὴν
904 513 1143 566 σεαυτοῦ
1183 507 1363 577 δόξαν.
1435 512 1527 566 καὶ
1558 510 1732 582 εἶπεν,

81 615 101 648 5
126 591 233 663 ἐγώ
274 590 725 666 προπορεύσομαι
769 590 1031 667 πρότερός
1071 611 1174 651 σου
1203 597 1270 668 τῇ
1312 592 1443 667 δόξῃ
1474 618 1608 666 μου,
1641 596 1734 651 καὶ

123 679 338 734 καλέσω
371 679 431 734 ἐν
460 674 691 749 ὀνόματί
709 701 817 750 μου
847 675 1044 751 κύριον
1079 680 1333 736 ἐναντίον
1365 680 1467 735 σοῦ
1499 680 1590 734 καὶ
1623 681 1735 735 ε’λε-
1758 712 1775 734 c

122 759 238 833 η’σω
278 757 344 819 ὃν
384 756 455 818 ἂν
486 764 650 840 ἐλεῶ,
695 764 787 818 καὶ
827 759 1151 835 οἰκτειρήσω
1200 758 1266 819 ὃν
1310 757 1380 819 ἂν
1419 760 1728 835 οἰκτείρω.”

122 848 215 902 καὶ
253 842 392 919 μεθ’
436 848 594 920 ἔτερα
638 848 884 919 ἐπιφέρει
928 849 1106 918 λέγων
1128 843 1261 903 “ocal
1300 848 1504 919 κατέβη
1545 845 1732 922 κύριος

123 933 184 986 ἐν
222 933 429 1004 νεφέλῃ
470 931 562 987 καὶ
605 932 850 1002 παρέστη
881 928 1034 1006 αὐτῷ
1074 933 1214 1002 ἐκεῖ,
1257 932 1348 986 καὶ
1383 929 1642 989 ἐκάλεσεν
1673 935 1734 988 ἐν

58 1039 98 1070 10
120 1010 347 1087 ὀνόματι
377 1019 592 1087 κυρίου.
654 1015 746 1071 καὶ
776 1017 1034 1088 παρῆλθε
1062 1012 1252 1088 κύριος
1285 1017 1345 1072 ἐν
1374 1013 1600 1087 ὀνόματι
1631 1013 1732 1072 αὐ-

121 1101 248 1172 τοῦ,
290 1100 383 1156 καὶ
425 1096 682 1170 ἐκάλεσε,
737 1096 895 1172 κύριε
947 1096 1134 1172 κύριε,
1189 1096 1218 1155 ὁ
1259 1095 1391 1165 θεὸς
1434 1104 1734 1172 οἰκτίρμων

122 1184 213 1240 καὶ
256 1181 532 1257 ἐλεήμων,
562 1180 923 1258 μακρόθυμος
963 1185 1056 1239 καὶ
1096 1183 1420 1255 πολυέλεος,
1463 1184 1555 1239 καὶ
1598 1180 1735 1255 άλη-

122 1267 282 1334 θινὸς
327 1269 418 1324 καὶ
473 1266 836 1340 δικαιοσύνην
888 1270 1192 1340 διατηρῶν,
1247 1271 1423 1325 ποιῶν
1463 1273 1612 1333 ἔλεος
1658 1273 1735 1333 εἰς

122 1349 400 1424 χιλιάδας,
451 1347 710 1424 ἀφαιρῶν
748 1348 981 1424 ἀνομίας
1029 1353 1122 1407 καὶ
1164 1350 1384 1419 ἀδικίας
1423 1354 1516 1408 καὶ
1557 1347 1736 1425 ἆμαρ-

60 1458 101 1491 15
123 1441 260 1508 τίας,
292 1437 384 1492 καὶ
413 1439 742 1512 καθαρισμῷ
767 1433 832 1492 οὗ
856 1445 1119 1509 καθαριεῖ
1145 1435 1242 1492 τὸν
1266 1442 1478 1509 ἔνοχον,
1512 1434 1735 1508 ἐπάγων

124 1518 392 1594 ἁμαρτίας
433 1521 687 1593 πατέρων
728 1521 816 1575 ἐπὶ
855 1520 1020 1576 τέκνα
1061 1521 1152 1575 καὶ
1184 1521 1351 1576 τέκνα
1389 1521 1602 1576 τέκνων
1644 1522 1734 1576 ἐπὶ

122 1610 314 1677 τρίτην
355 1605 447 1661 καὶ
495 1601 761 1676 τετάρτην
803 1601 1018 1675 γενεάν.
1103 1605 1196 1659 καὶ
1235 1601 1480 1668 σπεύσας
1521 1606 1733 1676 Μωσῆς

124 1686 301 1755 κύψας
334 1690 423 1745 ἐπὶ
452 1682 555 1761 τὴν
585 1691 690 1760 γῆν
722 1685 1159 1761 προσεκύνησεν.
1173 1683 1201 1704 ”
1759 1709 1780 1740 d

249 1776 297 1829 2.
326 1768 464 1845 Ὅρα
506 1770 574 1843 δὴ
613 1777 739 1828 τίνα
767 1769 975 1841 τρόπον
1015 1775 1107 1827 καὶ
1147 1774 1255 1828 νῦν
1285 1767 1449 1837 αὐτὸς
1479 1765 1509 1826 ὁ
1540 1768 1751 1845 κύριος.

61 1851 152 1912 2οὸ
184 1855 427 1928 καταβὰς
459 1854 719 1913 ἐκάλεσεν
750 1858 810 1912 ἐν
839 1856 1076 1929 νεφέλῃ,
1109 1857 1202 1910 καὶ
1231 1857 1306 1930 τῷ
1326 1862 1530 1912 Μωσεῑ
1558 1877 1731 1930 παρα-

124 1938 255 2006 στάς
288 1943 348 1997 ἐν
376 1938 602 2014 ὀνόματι
633 1945 858 2013 κυρίου,
902 1941 1092 2011 ἕτερον
1122 1937 1252 2013 παρ’
1294 1937 1522 2011 ἑαυτὸν,
1556 1937 1730 2011 συνή-
1756 1963 1847 2005 [1531

123 2033 241 2090 θως
271 2022 408 2081 κατὰ
431 2021 817 2082 ἄναδίπλωσιν
843 2026 927 2091 δὶς
950 2022 1146 2097 κύριον
1172 2021 1626 2096 ἐπικαλούμενον,
1661 2021 1734 2089 ὡς

122 2104 193 2165 ἂν
235 2110 327 2164 καὶ
375 2110 578 2167 ἑαυτοῦ
619 2110 711 2165 καὶ
756 2111 870 2166 τῶν
909 2111 1119 2165 λοιπῶν
1162 2103 1427 2164 ἁπάντων
1459 2106 1734 2178 δεσπότην

123 2190 595 2266 θεολογούμενον,
641 2191 739 2250 τὸν
786 2195 988 2250 ἑαυτοῦ
1033 2194 1271 2265 πατέρα,
1316 2193 1408 2248 καὶ
1447 2188 1529 2248 ὅτι
1570 2215 1632 2264 γε
1675 2194 1736 2248 ἐν

61 2297 102 2330 25
123 2275 335 2343 τούτοις
379 2273 446 2332 οὗ
487 2279 730 2349 Μωσῆς,
785 2273 858 2343 ὥς
899 2272 969 2334 ἂν
997 2274 1272 2348 ὑπολάβοι
1310 2299 1418 2347 τις,
1459 2273 1600 2332 ἀλλὰ
1630 2274 1734 2347 γὰρ

124 2357 286 2426 αὐτὸς
317 2357 346 2417 ὁ
376 2359 564 2433 κύριος
598 2364 786 2434 ἕτερον
816 2359 1013 2434 κύριον
1035 2358 1132 2418 τὸν
1156 2361 1365 2433 πατέρα
1395 2367 1570 2430 καλεῖ,
1602 2381 1732 2431 προ-

125 2441 313 2515 λαβών
355 2442 516 2511 αὐτὸς
555 2443 583 2502 ὁ
626 2451 969 2519 χρηματίζων
1006 2447 1084 2520 τῷ
1121 2453 1327 2501 Μωσεῖ
1374 2460 1549 2514 φησιν
1587 2438 1734 2512 “ε’γώ

126 2525 531 2600 παρελεύσομαι
561 2527 824 2602 πρότερός
849 2546 951 2586 σου
981 2530 1048 2602 τῇ
1074 2526 1205 2600 δόξῃ
1236 2550 1364 2599 μου,
1396 2528 1488 2581 καὶ
1518 2527 1734 2581 καλέσω

128 2611 188 2666 ἐν
226 2607 450 2682 ὀνόματι
491 2609 744 2685 κυρίου.”
818 2616 866 2669 3.
908 2615 1069 2670 τοῦτο
1110 2615 1247 2683 γοῦν
1289 2606 1566 2682 εἰρηκότος
1610 2610 1735 2680 ἑξῆς

62 2715 102 2747 30
129 2695 364 2765 ἐπιλέγει
403 2692 437 2766 ἡ
475 2694 662 2770 γραφὴ
706 2699 1108 2769 διηγηματικῶς
1131 2693 1260 2750 “nal
1300 2694 1502 2765 κατέβη
1543 2690 1730 2767 κύριος
1755 2717 1845 2760 (244)

242 2887 262 2924 1
296 2886 377 2928 Ex,
402 2888 471 2938 33,
500 2888 564 2926 17.
737 2889 762 2928 8
793 2889 875 2928 Ex,
902 2890 970 2935 34,
994 2890 1031 2929 5.
