1992 3186
551 122 857 163 DEMONST.
890 122 1112 163 EVANG.
1141 122 1219 165 IV.
1251 124 1289 164 7.
1312 125 1354 163 8.
1648 121 1752 174 225

142 243 253 298 τῶν
282 235 428 296 ὅλων
457 236 596 295 θεὸν
626 235 1144 310 κυριολογούμενον.
1199 234 1338 293 ἀλλά
1368 235 1472 309 γὰρ
1505 251 1619 303 τοῖς
1650 239 1752 310 μὲν

141 329 253 381 τῶν
286 325 472 380 ε’θνῶν
501 317 752 395 ἀοράτοις
783 320 1112 394 προστάταις
1131 365 1145 392 ,
1187 317 1376 387 αὐτοῖς
1411 319 1478 393 δὴ
1508 334 1621 387 τοῖς
1652 320 1754 393 ἀγ-

139 410 351 481 γέλοις,
390 403 456 463 τά
497 411 638 477 ἔθνη
677 404 858 462 πάντα
901 404 1150 472 καὶτοὺς
1189 402 1350 472 υίοῦς
1389 407 1500 462 των
1531 404 1751 478 ἀνθρώ-

141 515 282 563 πων,
314 488 471 556 υἱούς
490 486 659 563 Ἀδάμ
686 491 1170 562 ἐπικαλουμένους,
1195 495 1371 563 κρίσει
1395 492 1494 547 τοῦ
1514 488 1752 558 ὑψίστου

97 601 118 634 5
141 579 282 634 θεοῦ
323 577 415 631 καὶ
456 572 637 646 λόγοις
677 570 932 648 ἀρρήτοις
974 570 1107 647 ἡμῖν
1137 592 1270 645 φησι
1316 578 1747 647 διανεμηθῆναι·
1776 601 1798 632 d

141 665 216 737 τῷ
268 660 328 716 δὲ
366 657 594 715 πάντων
648 657 958 734 ἐξοχωτάτω
1011 657 1242 731 ἡγεμόνι
1294 681 1353 715 τε
1399 660 1488 714 καὶ
1536 664 1756 730 βασιλεῖ

140 747 253 801 των
291 741 468 815 ὅλων,
523 739 675 818 αὐτῷ
715 740 783 814 δὴ
827 746 902 818 τῷ
934 744 1187 819 Χριστῷ,
1243 740 1314 808 ὡς
1355 740 1424 799 ἀν
1464 756 1756 815 μονογενεῖ

141 832 274 904 υἱῷ,
307 832 419 884 τῶν
452 829 511 883 ἐν
540 823 988 899 ἀνθρώποιςτὸν
1023 824 1216 898 Ἰακώβ
1246 828 1338 882 καὶ
1362 825 1596 899 Ἰσραὴλ,
1629 851 1751 884 του-

140 914 322 968 τέστιν
353 913 466 968 πᾶν
497 909 556 967 τὸ
590 908 908 983 διορατικὸν
938 911 1030 966 καὶ
1062 911 1325 982 θεοσεβὲς
1358 914 1750 983 παραδοθῆναι

76 1021 118 1052 10
140 997 313 1068 γένος.
376 999 424 1052 3.
458 992 487 1050 ὃ
526 994 630 1066 μὲν
669 992 774 1066 γὰρ
815 991 1054 1066 ἀσκητὴς
1092 993 1288 1068 ἀρετῆς
1328 991 1515 1066 ἀγῶνα
1548 1002 1751 1067 προβε-

140 1081 439 1152 βλημένος,
476 1081 639 1135 εἰσέτι
669 1101 728 1134 τε
767 1075 962 1137 ἀθλῶν
994 1080 1086 1135 καὶ
1110 1085 1363 1135 παλαίων
1396 1081 1455 1135 ἐν
1485 1093 1598 1144 τοῖς
1630 1077 1747 1135 κατ’

141 1161 434 1236 εὐσέβειαν
473 1169 827 1235 γυμνασίοις,
863 1159 1139 1236 Ἐβραίων
1177 1170 1521 1238 προσηγορία
1562 1166 1751 1235 κέκλη-

139 1272 228 1304 ται
251 1246 473 1319 Ἰακώβ·
522 1243 551 1303 ὁ
586 1247 647 1303 δὲ
677 1244 784 1318 ἤδη
823 1253 981 1320 νίκης
1028 1249 1119 1304 καὶ
1149 1251 1261 1304 τῶν
1291 1248 1440 1321 παρὰ
1471 1251 1589 1323 θεῷ
1619 1253 1751 1320 βρα-

144 1337 314 1402 βείων
358 1330 656 1404 ἠξιωμένος
695 1329 909 1404 Ἰσραὴλ
954 1329 1386 1404 ἀναγορεύεται,
1434 1328 1546 1398 οἶος
1590 1329 1752 1398 αὐτὸς

79 1437 120 1470 15
143 1407 212 1488 ἦν
243 1417 450 1481 ἐκεῖνος
480 1413 508 1471 ὁ
554 1413 833 1487 βοώμενος
864 1419 962 1472 τοῦ
1002 1415 1212 1481 παντὸς
1236 1411 1507 1488 Ἐβραίων
1551 1422 1753 1482 ἔθνους

143 1497 470 1571 προπάτωρ,
514 1503 571 1555 οἵ
598 1522 655 1555 τε
694 1497 895 1555 τούτου
925 1499 1145 1570 γνήσιοι
1176 1505 1370 1565 παῖδες
1401 1498 1672 1570 ἀπόγονοί
1696 1523 1754 1556 τε

142 1580 355 1640 τούτων
403 1585 495 1638 καὶ
537 1580 910 1655 προπάτορες,
955 1588 1230 1656 προφῆται
1271 1581 1472 1648 πάντες
1504 1585 1594 1639 καὶ
1626 1594 1751 1640 θεο-

141 1674 320 1739 φιλεῖς
344 1664 568 1739 ἄνδρες·
614 1663 687 1738 μή
709 1664 815 1739 γάρ
838 1691 928 1739 μοι
952 1667 1012 1723 τὸ
1031 1663 1316 1724 Ἰουδαίων
1338 1673 1551 1739 πλῆθος
1575 1666 1746 1741 ταύτῃ
1774 1695 1865 1736 (157)

141 1748 323 1823 νόμιζε
367 1752 707 1822 δηλοῦσθαι,
746 1748 950 1823 μόνους
995 1751 1054 1807 δὲ
1106 1749 1234 1816 τούς
1275 1749 1443 1807 πάλαι
1485 1750 1752 1824 πρότερον

79 1830 307 1908 Ξοάρετῇ
349 1836 436 1890 καὶ
485 1832 741 1909 εὐσεβείᾳ
774 1836 1242 1907 τετελειωμένους.
1317 1839 1365 1890 4.
1409 1834 1635 1900 τούτους
1684 1835 1752 1907 δὴ

144 1909 246 1975 οὖν
276 1916 617 1992 παραλαβών
655 1917 684 1974 ὁ
725 1917 1063 1992 καθηγεμών
1103 1920 1194 1975 καὶ
1236 1918 1541 1991 προστάτης
1572 1915 1752 1976 ἀπάν-

141 2025 254 2058 των
305 2005 402 2059 τοῦ
453 2005 595 2059 θεοῦ
643 2001 803 2074 λόγος
858 2005 945 2060 ἐπὶ
996 2001 1097 2074 τὴν
1149 2001 1325 2076 μόνου
1375 2008 1474 2059 τοῦ
1526 2003 1749 2076 πατρὸς,

142 2082 316 2142 αὐτοῦ
362 2085 431 2158 δὴ
470 2090 568 2143 τοῦ
609 2082 876 2159 ὑψίστου,
929 2094 1239 2159 θρησκείαν
1279 2086 1599 2145 ἀνεκαλεῖτο
1640 2090 1752 2144 των

139 2164 438 2243 ὁρωμένων
478 2165 741 2227 ἀπάντων
777 2167 1068 2243 ἀνωτάτω,
1111 2169 1364 2228 ἐπέκεινά
1404 2195 1462 2228 τε
1505 2170 1752 2243 οὐρανοῦ

79 2275 120 2308 25
143 2255 232 2310 καὶ
276 2252 452 2327 πάσης
492 2257 760 2327 γεννητῆς
812 2253 1037 2326 οὐσίας,
1090 2256 1218 2322 τοὺς
1257 2253 1539 2327 ὑπηκόους
1580 2255 1751 2329 ἠρέμα

142 2340 232 2394 καὶ
263 2336 451 2410 πράως
482 2335 950 2412 ἀνακαλούμενος,
981 2337 1153 2412 μόνον
1175 2363 1233 2397 τε
1256 2337 1444 2406 αὐτοῖς
1466 2338 1562 2396 τὸν
1593 2338 1750 2410 ἀγέν-

142 2445 307 2492 νητον
339 2424 430 2478 καὶ
460 2426 572 2480 τῶν
596 2419 743 2479 ὅλων
767 2422 999 2496 ποιητὴν
1029 2422 1166 2480 θεὸν
1197 2421 1293 2480 τὸν
1317 2422 1552 2489 ὕψιστον
1578 2445 1748 2494 παρα·

144 2502 334 2570 διδους
366 2502 635 2577 εὐσεβεῖν.
700 2574 703 2578 ,

270 2599 387 2648 v111.
447 2593 522 2645 Οἱ
550 2593 613 2646 δέ
634 2613 696 2662 γε
725 2594 837 2647 τῶν
865 2588 1051 2647 ἄλλων
1077 2593 1262 2647 ἐθνῶν
1287 2588 1566 2646 ἐπιστάται
1592 2587 1749 2662 ἀγγε-
1775 2628 1790 2650 c

80 2694 119 2726 30
144 2679 228 2727 λοι
270 2674 359 2727 καὶ
406 2675 664 2744 ποιμένες
708 2672 835 2740 τούς
874 2674 947 2747 μὴ
989 2679 1140 2741 οἵους
1181 2698 1238 2731 τε
1278 2677 1359 2750 νῷ
1387 2673 1482 2730 τὸν
1513 2673 1751 2747 ἀόρατον

146 2753 502 2827 ἐποπτεύειν,
553 2755 683 2828 μηδ’
739 2755 1066 2829 ἀναβαίνειν
1117 2762 1379 2815 τοσοῦτον
1420 2756 1493 2814 δι’
1540 2764 1750 2815 οἰκείαν

143 2835 470 2911 ἀσθένειαν,
512 2853 626 2907 τοῖς
665 2836 962 2915 ὁρωμένοις
1011 2843 1127 2898 κατ’
1174 2838 1414 2914 οὐρανὸν
1460 2845 1750 2916 προσέχειν

228 2946 460 2974 EUsEBms
495 2947 568 2978 111,
1428 2936 1491 2986 15
