1992 3186
585 133 895 176 DEMONST.
926 132 1146 175 EVANG.
1179 134 1256 175 VI.
1293 135 1358 174 13.
1662 130 1766 183 373

154 249 366 326 μακρὸν
395 254 473 308 τῶ
500 251 604 324 μὲν
627 246 913 308 Ἰουδαίων
943 255 1098 307 ἔθνει
1123 251 1323 305 ἕκαστα
1346 251 1459 305 τῶν
1482 270 1766 321 προπεφη-

154 339 440 409 τευμένων
470 337 829 409 σκυθρωπῶν
858 332 1106 406 ἀπήντα,
1137 346 1250 400 τοῖς
1284 333 1345 390 δε
1375 339 1568 390 ἔθνεσι
1599 331 1767 390 πάλιν

154 418 220 477 τά
250 417 536 477 ἀκόλουθα
565 432 679 484 τοῖς
708 425 1107 491 θεσπίσμασιν,
1140 416 1304 484 αὐτός
1326 440 1386 474 τε
1410 408 1571 483 οὗτος
1601 413 1630 473 ὁ
1663 435 1766 474 σω-

154 506 254 579 τὴρ
287 506 380 561 καὶ
410 503 600 578 κύριος
618 499 777 576 ἡμῶν
794 506 854 560 ἐκ
876 503 1134 575 Βηθλεὲμ
1164 501 1432 576 ὁρμηθεὶς
1462 499 1770 574 ἡγούμενος

113 613 132 645 5
157 586 462 662 ἀνεδείχθη
502 594 601 645 τοῦ
640 585 777 644 κατὰ
819 586 1072 645 διάνοιαν
1102 584 1346 660 Ἰσραὴλ,
1391 583 1535 643 οὕτω
1567 587 1770 652 παντὸς

152 679 250 731 τοῦ
294 677 611 747 διορατικοῦ
651 673 743 728 καὶ
793 674 1099 743 θεοσεβοῦς
1150 674 1290 727 λαοῦ
1328 676 1767 744 χρηματίζοντος.

155 760 248 814 καὶ
278 760 386 815 θέα
416 781 478 829 γε
509 755 657 823 ὅπως
679 780 774 822 τας
800 755 1020 823 ἐξόδους
1045 752 1219 812 αὐτοῦ
1241 758 1336 827 τῆς
1362 756 1563 812 ἐνθέου
1594 761 1771 829 προϋ-

155 840 402 915 παρξεως
432 838 529 898 ἀπ’
539 839 733 942 ἀρχῆς
763 842 856 896 καὶ
891 842 943 907 ἐξ
974 836 1197 941 ἡμερῶν
1221 841 1421 906 αἰῶνος
1446 845 1591 941 ἔχειν
1615 842 1771 912 λέγε-

154 949 271 997 ται,
313 925 448 999 ὅπερ
488 921 591 983 οὐκ
630 920 700 981 ἀν
739 920 1033 997 ἀρμόσειεν
1073 922 1380 996 ἀνθρώπου
1426 923 1608 996 φύσει
1682 927 1765 981 24.
1794 947 1817 979 d

91 1035 131 1065 10
154 1008 367 1076 τούτοις
399 1005 576 1082 ἐξῆς“
551 1033 580 1065 ο
611 1006 948 1082 προφητικός
990 1006 1149 1080 λόγος
1180 1006 1397 1079 υποβάς
1439 1006 1636 1081 μικρὸν
1676 1010 1769 1065 καὶ

156 1097 263 1151 νῦν
303 1092 472 1151 πάλιν
509 1097 605 1165 τῆς
645 1091 817 1149 πάλαι
855 1098 1085 1165 νομικῆς
1126 1099 1432 1165 θρησκείας
1472 1090 1574 1164 τὴν
1613 1115 1772 1166 περι-

153 1177 377 1252 γραφὴν
406 1179 498 1235 καὶ
527 1175 629 1249 τὴν
661 1183 993 1250 καθαίρεσιν
1020 1174 1421 1250 ὑποσημαίνει,
1461 1180 1520 1234 ἐκ
1551 1175 1772 1251 προσῶ-

154 1284 264 1319 που
293 1268 392 1319 τοῦ
432 1265 572 1320 λαοῦ
612 1264 791 1334 λέγων
822 1260 924 1319 “ἐν
952 1267 1063 1320 τίνι
1102 1260 1395 1333 καταλάβω
1426 1259 1523 1319 τὸν
1553 1261 1770 1336 κύριον,

157 1344 493 1418 ἐπιλήψομαι
532 1352 673 1403 θεοῦ
713 1369 822 1419 μου
860 1342 1129 1415 ῦψίστου;
1180 1352 1232 1402 εἰ
1260 1344 1643 1419 καταλήψομαι
1673 1344 1773 1402 αῦ-

93 1453 132 1486 15
156 1430 253 1487 τὸν
285 1433 345 1486 ἐν
374 1428 858 1502 ὁλοκαυτώμασιν,
905 1434 964 1487 ἐν
993 1429 1216 1503 μόσχοις
1248 1434 1580 1500 ἐνιαυσίοις;
1613 1437 1663 1487 εἰ
1694 1436 1772 1487 δῶ

154 1513 475 1588 πρωτότοκα
505 1520 714 1580 κοιλίας
754 1538 861 1586 μου
891 1510 1033 1583 ὑπὲρ
1080 1513 1347 1587 ἁμαρτίας
1388 1518 1566 1587 ψυχῆς
1596 1513 1768 1587 μου;”

282 1602 366 1654 25.
393 1597 486 1655 Ἐκ
518 1599 579 1655 δὲ
601 1596 903 1671 προσώπου
925 1601 1026 1654 τοῦ
1048 1601 1191 1655 θεοῦ
1211 1596 1433 1655 τοιάνδε
1458 1598 1647 1665 αὐτοῖς
1670 1597 1773 1670 τὴν

155 1681 452 1755 ἀπόκρισιν
482 1681 812 1755 ποιούμενος
834 1680 925 1739 “sc
954 1681 1231 1755 ἀνηγγέλη
1263 1684 1370 1754 σοὶ,
1401 1680 1688 1756 ἄνθρωπε,
1720 1689 1780 1739 τί

155 1765 357 1836 καλόν;
403 1768 495 1823 καὶ
527 1773 587 1823 τί
622 1766 811 1840 κύριος
854 1769 1064 1839 ἐκζητεῖ
1100 1765 1250 1840 παρά
1295 1769 1398 1824 σοῦ
1439 1765 1562 1823 ἀλλ’
1599 1763 1636 1839 ἢ
1674 1769 1775 1824 τοῦ

92 1874 132 1906 20
155 1864 337 1909 ποιεῖν
375 1857 544 1924 κρίμα
585 1853 677 1909 καὶ
719 1849 943 1924 ἀγαπᾶν
984 1858 1165 1923 ἔλεος,
1216 1853 1309 1908 καὶ
1359 1855 1577 1924 ἕτοιμον
1628 1852 1773 1913 εἶναι

155 1934 500 2010 πορεύεσθαι
529 1933 708 1993 ὀπίσω
739 1942 938 2008 κυρίου
967 1941 1068 1992 τοῦ
1097 1938 1240 1993 θεοῦ
1271 1933 1444 2005 σου;”

281 2024 365 2076 26.
381 2017 562 2093 ’Ἐχεις
583 2026 885 2093 τοιγαροῦν
901 2018 1193 2077 κάνταῦθα
1217 2022 1307 2077 ἐπὶ
1327 2024 1394 2094 τῇ
1416 2042 1766 2094 προφητευο-
1793 2045 1885 2086 (276)

155 2106 294 2179 μένῃ
323 2108 423 2161 τοῦ
452 2111 652 2178 κυρίου
685 2107 738 2172 ἐξ
771 2103 1031 2179 οὐρανῶν
1063 2111 1140 2171 εἰς
1171 2103 1511 2177 ἀνθρώπους
1542 2105 1772 2182 καθόδῳ

154 2184 293 2262 ὁμοῦ
331 2190 424 2245 καὶ
463 2189 601 2246 κατὰ
642 2187 703 2246 τὸ
756 2187 889 2246 αὐτὸ
939 2197 1170 2246 πλεῖστα
1219 2188 1322 2247 ὅσα
1374 2189 1772 2263 σημαινόμενα,

93 2295 134 2327 25
149 2270 438 2330 Ἰουδαίων
468 2268 794 2347 ἀποβολὴν,
826 2276 1081 2347 ἐλέγχους
1120 2276 1233 2331 τῶν
1262 2271 1535 2346 ἀσεβειῶν
1565 2271 1772 2346 αὐτῶν,

157 2364 490 2431 καθαίρεσιν
519 2361 615 2430 τῆς
656 2364 946 2430 βασιλικῆς
987 2355 1175 2416 αὐτῶν
1214 2357 1629 2432 μητροπόλεως,
1675 2362 1769 2431 τῆς
1794 2391 1882 2434 [171]

157 2463 215 2496 τε
245 2441 412 2499 πάλαι
451 2441 722 2517 πρότερον
761 2441 892 2516 παρ’
941 2439 1127 2509 αὐτοῖς
1169 2445 1591 2515 ἐπιτελουμένης
1633 2440 1771 2498 κατὰ

158 2529 370 2582 Mosega
402 2534 665 2600 »λατρείας
707 2533 1066 2601 παραίτησιν·
1125 2533 1361 2600 ἔμπαλιν
1400 2532 1463 2582 δὲ
1502 2528 1628 2599 περὶ
1658 2532 1770 2583 τῶν

160 2612 346 2665 ἐθνῶν
375 2606 590 2681 ἀγαθὰς
622 2615 978 2684 ἐπαγγελίας,
1023 2614 1324 2683 ἐπίγνωσιν
1365 2613 1532 2682 θεοῦ,
1574 2610 1769 2667 καινὸν

96 2714 136 2746 30
159 2690 364 2766 τρόπον
397 2690 682 2766 εὐσεβείας
695 2740 711 2768 ,
756 2694 927 2769 νόμον
957 2718 1015 2752 τε
1054 2698 1185 2752 νέον
1224 2696 1315 2751 καὶ
1357 2693 1522 2766 λόγον
1570 2698 1627 2751 ἐκ
1667 2695 1768 2768 μὲν

274 2888 324 2925 13
356 2886 461 2926 Mic.
486 2888 526 2938 6,
550 2890 588 2928 6.
