1992 3186
271 135 375 188 516
953 133 1199 174 EUSEBH

275 255 476 309 ἑαυτοῦ
506 247 535 306 ὁ
566 249 726 320 θεὸς,
769 245 907 305 ἄλλα
946 254 1043 305 τοῦ
1076 249 1328 315 Μωσέως
1352 263 1662 321 προσεῖπε,
1691 248 1883 323 ,φήσας

263 335 520 409 “βάδιζε,
568 333 875 406 κατάβηθι,
916 330 1164 405 ἥνόμησε
1203 331 1306 405 γὰρ
1338 331 1366 389 ὁ
1398 331 1526 399 λαός
1556 331 1726 390 σου“”
1786 332 1883 391 τὸν

230 444 249 476 b
276 418 444 477 αὐτὸν
474 417 682 491 τρόπον
712 414 1005 474 κάνταῦθα
1028 422 1126 473 τοῦ
1149 423 1519 489 περιωρίσθαι
1542 415 1663 475 κατ’
1698 416 1884 475 αὐτῶν

273 503 368 560 τὸν
402 504 728 574 δηλωθέντα
771 499 972 574 χρόνον
1011 499 1071 557 τὸ
1112 509 1291 558 αἴτιον
1331 501 1669 559 ἐκδιδάσκει·
1722 508 1883 560 τοῦτο

276 585 327 643 δ’
362 579 432 660 ἦν
460 585 520 643 τὸ
553 589 743 659 μηκέτι
773 588 874 642 τοῦ
913 591 1052 642 θεοῦ
1085 585 1220 642 λαὸν
1253 582 1457 650 αὐτούς
1489 590 1883 654 καταξιοῦσθαι
1907 611 1926 643 5

273 678 634 746 χρηματίζειν.
710 676 790 726 11.
826 671 1063 742 ἐπιλέγει
1095 670 1155 726 δὲ
1180 665 1310 726 “καὶ
1343 671 1431 726 ἐπὶ
1461 667 1564 742 τὴν
1593 669 1756 727 πόλιν
1783 671 1886 743 τὴν

271 752 498 828 ἁγίαν,”
530 754 590 812 τὸ
620 759 723 812 σοῦ
747 753 916 811 πάλιν
941 752 1317 822 ἐξακουόντων
1336 752 1496 827 ἡμῶν
1516 754 1654 811 κατὰ
1676 759 1886 827 κοινοῦ,

274 837 348 908 ὡς
393 840 535 898 εἶναι
574 839 633 896 τὸ
676 837 977 912 λεγόμενον
1015 843 1269 895 τοιοῦτον
1299 835 1431 895 “ἐπὶ
1471 838 1571 897 τὸν
1610 837 1745 895 λαόν
1785 858 1887 896 σου

274 927 366 982 καὶ
399 926 487 981 ἐπὶ
516 924 618 995 τὴν
648 923 811 981 πόλιν
839 922 941 995 τὴν
971 918 1138 994 ἁγίαν
1169 941 1300 994 σου,
1335 918 1407 988 ὥς
1440 928 1491 979 εἰ
1519 928 1755 996 ἔφασκε,
1786 922 1888 996 τήν
1956 981 1959 984 ,

275 1027 360 1066 σοι
401 1011 807 1082 νενομισμένην
847 1005 1028 1080 ἁγίαν.
1099 1005 1160 1063 τὸ
1199 1012 1339 1078 γοῦν
1373 1003 1664 1080 Ἑβραϊκόν
1703 1010 1796 1065 καὶ
1836 1012 1951 1066 0510

275 1096 458 1150 λοιποὶ
483 1091 798 1166 συμφώνως
822 1092 1153 1166 ἑρμηνευταὶ
1188 1089 1254 1148 οὐ
1288 1089 1462 1164 μόνον
1495 1094 1583 1148 ἐπὶ
1606 1095 1706 1149 τοῦ
1728 1094 1886 1164 λαοῦ,
1958 1107 1959 1110 ’

227 1211 245 1232 0
276 1176 413 1234 ἀλλὰ
446 1179 538 1234 καὶ
571 1179 659 1234 ἐπὶ
690 1181 785 1249 τῆς
816 1176 1027 1243 πόλεως
1057 1175 1116 1232 τὸ
1148 1179 1250 1232 σοῦ
1275 1181 1678 1249 προσκείμενον
1708 1179 1889 1251 περιέ-

275 1280 484 1335 χουσιν.
558 1257 586 1318 ὃ
628 1264 767 1333 γοῦν
802 1257 1031 1327 Ἀκύλας
1073 1261 1248 1332 φησὶν
1284 1257 1416 1316 τεἐπὶ
1463 1258 1559 1316 τὸν
1611 1259 1747 1317 λαόν
1786 1279 1889 1318 σου

276 1348 369 1403 καὶ
397 1349 485 1403 ἐπὶ
509 1344 672 1403 πόλιν
688 1342 1033 1418 ἡγιασμένην
1053 1364 1158 1401 σου
1174 1341 1222 1368 ·”
1268 1339 1296 1400 ὁ
1322 1344 1384 1400 δὲ
1399 1342 1700 1418 Σύμμαχος
1715 1342 1891 1402 “noemi

275 1435 373 1487 τοῦ
418 1436 555 1487 λαοῦ
596 1448 700 1486 σου
740 1432 834 1486 καὶ
872 1431 966 1502 τῆς
1007 1427 1216 1493 πόλεως
1245 1433 1340 1500 τῆς
1381 1424 1542 1500 ἁγίας
1583 1425 1743 1486 σου.”
1806 1433 1886 1486 12.
1913 1453 1954 1486 15

275 1513 414 1572 ὅθεν
444 1516 537 1571 καὶ
567 1513 716 1587 παρὰ*
744 1528 857 1580 τοῖς
889 1511 1179 1586 ἀκριβέσιν
1201 1510 1559 1586 ἀντιγράφοις
1589 1516 1702 1570 τῶν
1732 1515 1890 1586 ἑβδο-

276 1598 522 1672 μήκοντα
560 1596 620 1655 τὸ
660 1603 762 1655 σοῦ
791 1595 926 1671 μετὰ
967 1595 1295 1670 ἆστερίσκου
1325 1599 1688 1669 παραθέσεως
1718 1595 1892 1668 πρόσ-

277 1706 465 1740 κειται.
533 1686 614 1739 13.
653 1685 771 1740 ἐπεὶ
815 1680 919 1761 γὰρ
961 1678 1256 1755 εὐξάμενος
1287 1679 1506 1753 Δανιὴλ
1548 1684 1609 1739 ἐν
1649 1694 1764 1748 τοῖς
1794 1686 1891 1754 τῆς

279 1772 488 1834 ἱκεσίας
530 1765 702 1824 αὑτοῦ
744 1766 949 1842 ῥήμασι
989 1764 1252 1831 πολλάκις
1293 1763 1391 1822 τὸν
1430 1766 1534 1838 μὲν
1573 1763 1710 1822 λαὸν
1749 1767 1892 1822 θεοῦ

279 1849 414 1909 λαὸν
446 1851 726 1924 ὠνόμασε,
768 1851 864 1908 τὸν
910 1851 971 1908 δὲ
1010 1853 1105 1922 τῆς
1145 1848 1357 1914 πόλεως
1391 1848 1562 1906 τόπον
1601 1847 1761 1920 ἅγιον
1790 1854 1888 1905 τοῦ
1911 1874 1952 1906 20

230 1962 254 1994 d
277 1940 416 1992 θεοῦ
468 1935 668 2007 τόπον,
723 1932 1088 2006 ἀντιστρέψας
1139 1929 1168 1988 ὁ
1210 1938 1553 2005 χρηματίζων
1613 1930 1742 1989 οὔτε
1788 1930 1891 2004 τὴν

279 2018 442 2076 πόλιν
470 2018 638 2090 ἁγίαν
666 2022 764 2075 τοῦ
804 2023 942 2075 θεοῦ
982 2014 1110 2074 οὔτε
1148 2015 1245 2073 τὸν
1276 2013 1411 2072 λαὸν
1440 2020 1540 2072 τοῦ
1572 2020 1713 2073 θεοῦ
1748 2017 1889 2074 εἶναι

276 2101 536 2175 ὁμολογεῖ
549 2147 562 2173 ,
605 2099 745 2158 ἀλλὰ
785 2103 889 2158 σοῦ
901 2145 916 2173 ‚
956 2103 1122 2173 φησὶ,
1173 2105 1270 2157 τοῦ
1313 2105 1759 2174 προσευχομένου
1798 2102 1889 2158 καὶ

277 2193 503 2243 τοιαῦτα
535 2188 662 2257 περὶ
693 2190 791 2242 τοῦ
823 2190 959 2242 λαοῦ
990 2187 1082 2241 καὶ
1113 2187 1214 2240 τοῦ
1235 2183 1407 2240 τόπου
1433 2186 1525 2241 καὶ
1555 2188 1650 2255 τῆς
1680 2183 1889 2250 πόλεως

281 2269 574 2344 εἰρηκότος.
647 2276 834 2343 ἔχουσι
877 2270 937 2326 δὲ
976 2271 1079 2326 τοῦ
1115 2266 1335 2340 Δανιὴλ
1382 2272 1444 2324 αἱ
1488 2270 1673 2339 φωναὶ
1715 2266 1889 2334 οὕτως
1912 2291 1954 2325 25

269 2351 718 2428 “οέποστραφήτω
751 2352 820 2426 δὴ
850 2352 876 2411 ὁ
909 2352 1090 2427 θυμός
1120 2370 1222 2410 σου
1240 2397 1255 2424 ,
1296 2354 1387 2409 καὶ
1419 2350 1452 2424 ἡ
1483 2349 1620 2426 ὀργή
1650 2369 1753 2410 σου
1783 2351 1888 2409 ἀπὸ

278 2445 375 2511 τῆς
405 2437 618 2506 πόλεώς
657 2459 759 2496 σου
781 2435 1139 2512 Ἰερουσαλὴμ
1178 2434 1342 2510 ὅρους
1381 2431 1543 2509 ἁγίου
1585 2433 1741 2494 σου.”
1807 2441 1888 2492 14.

280 2526 374 2580 καὶ
397 2519 465 2580 “5
497 2522 625 2589 λαός
667 2544 769 2581 σου
802 2523 1016 2595 ἐγένετο
1050 2528 1127 2589 εἰς
1166 2519 1488 2594 ὀνειδισμὸν
1521 2524 1581 2578 ἐν
1611 2525 1747 2578 πᾶσι
1777 2534 1890 2588 τοῖς

282 2606 596 2684 περικύκλῳ
629 2603 839 2681 ἡμῶν.”
913 2609 1004 2664 καὶ
1035 2605 1203 2663 πάλιν
1225 2602 1540 2678 ((ἐπίφανον
1579 2605 1640 2662 τὸ
1671 2604 1893 2679 πρόσω-

283 2690 390 2748 πόν
420 2710 522 2750 σου
566 2694 653 2749 ἐπὶ
693 2691 753 2750 τὸ
784 2690 1027 2764 ἁγίασμά
1056 2709 1157 2748 σου
1187 2690 1247 2747 τὸ
1280 2696 1495 2763 ἔρημον.
1509 2688 1536 2709 ”
1602 2692 1693 2746 καὶ
1724 2681 1890 2755 αὖθις
1911 2713 1952 2747 30

397 2886 421 2923 2
453 2885 535 2927 Ex,
559 2887 627 2935 32,
651 2887 689 2925 7.
862 2887 915 2926 26
946 2886 1064 2925 Dan.
1089 2887 1130 2936 9,
1157 2886 1221 2928 16.
