1992 3186
567 102 1125 145 DEMONST.EVANG.
1167 104 1338 145 V11.3
1670 102 1774 155 487

167 215 238 277 ἂν
270 224 438 292 ἔλθῃ,
472 220 674 291 φησὶν,
709 210 753 293 ᾦ
782 216 1067 275 ἀπόκειται
1097 221 1190 275 καὶ
1219 217 1384 287 αὐτὸς
1420 225 1570 276 ἔσται
1601 238 1776 293 προσ-

167 309 327 360 δοκία
354 300 575 360 ἐθνωνῖ
640 307 722 359 56.
752 308 800 359 εἰ
832 301 899 375 δη
932 295 1036 360 οῦν
1066 302 1409 378 συνᾴδουσιν
1433 309 1496 360 αἱ
1514 305 1640 376 περὶ
1663 308 1792 360 τῶν
1801 328 1824 360 d

169 390 355 445 ἐθνῶν
385 385 744 460 προρρήσεις,
785 383 1204 461 ἀπεδείχθησαν
1236 389 1296 445 δὲ
1338 392 1397 444 αἱ
1425 387 1531 461 πρὸ
1562 387 1776 445 τούτων

163 468 372 543 ὁρῶσαι
401 469 500 529 τὸν
531 470 795 545 ἡμέτερον
826 475 1073 546 σωτῆρα,
1106 469 1274 530 οῦδὲν
1304 469 1374 530 ἂν
1406 482 1490 545 εἰή
1517 470 1776 546 ἐμποδῶν

0 620 1 634 ¹
165 550 239 629 μὴ
270 553 394 629 οὐχὶ
425 555 522 614 τὸν
553 552 724 613 αὐτὸν
755 557 982 627 βλέπειν
1013 559 1104 613 καὶ
1135 556 1236 629 τὴν
1267 561 1586 629 παροῦσαν,
1621 566 1774 631 εἴπερ

0 675 1 761 1
122 664 143 697 5
166 639 441 714 σύμφωνα
471 638 731 713 ἀλλήλαις
765 636 1160 713 ὁμολογοῦνται
1194 649 1508 713 θεσπίζειν,
1540 639 1776 714 μάλιστα

165 723 255 782 ὅτε
277 727 433 798 μέχρι
466 725 568 798 μὲν
598 727 710 782 τῶν
733 724 949 798 χρόνων
972 731 1066 798 τῆς
1089 731 1187 782 τοῦ
1212 729 1455 798 σωτῆρος
1479 725 1638 798 ἡμῶν
1663 728 1775 782 ἐπι-

163 815 399 882 φανείας
430 815 488 867 οὗ
512 812 611 866 τοῦ
633 807 919 866 Ἰουδαίων
950 816 1153 875 ἔθνους
1194 807 1453 882 ἄρχοντες
1484 812 1575 866 καὶ
1607 807 1777 883 ἡγού-

165 917 321 966 μενοι
369 891 555 951 αὐτῶν
607 897 667 950 ἐκ
706 891 998 966 προγόνων
1040 897 1300 967 διαδοχῆς
1344 892 1774 967 συνεστήκεσαν,

165 977 276 1051 ἅμα
321 979 380 1035 δὲ
421 981 490 1052 τῇ
528 975 701 1034 αὐτοῦ
740 987 1018 1052 παρουσία
1051 983 1502 1050 διαλελοίπεσαν,
1545 977 1686 1050 ὁμοῦ
1717 1001 1776 1035 τε

102 1087 141 1118 10
167 1061 199 1134 ἡ
230 1066 342 1119 τῶν
384 1065 569 1120 ἐθνῶν
599 1066 906 1134 προσδοκία
945 1064 1096 1128 τέλος
1141 1065 1309 1135 ἐπῆγε
1347 1066 1415 1135 τῇ
1457 1064 1557 1119 τοῦ
1583 1060 1776 1133 Ἰακώβ

164 1145 479 1221 προρρήσει.
523 1150 609 1202 57.
643 1144 851 1203 οὐκοῦν
882 1142 1223 1203 κᾶνταῦθαὸ
1250 1146 1483 1221 Χριστὸς
1511 1145 1776 1219 δηλούμε-

164 1254 278 1303 νος,
311 1232 402 1287 καὶ
435 1226 567 1287 οὐδὲ
597 1227 777 1302 ἄλλος,
813 1233 872 1287 ἐκ
901 1233 1081 1303 φυλῆς
1106 1227 1285 1289 Ἰούδα
1316 1232 1776 1306 προελεύσεσθαι,

166 1316 257 1371 καὶ
286 1313 376 1371 ὅτε
409 1315 469 1372 δὲ
501 1318 561 1371 ἐκ
591 1316 780 1386 Δαβὶδ
823 1316 912 1371 καὶ
947 1320 1277 1388 Σολομῶνος
1325 1323 1385 1373 ἔκ
1415 1340 1473 1373 τε
1502 1318 1598 1388 τῆς
1630 1320 1778 1388 ῥίζης

156 1397 352 1458 Ἰεσσαὶ
393 1401 634 1471 γεγονώς
677 1402 968 1471 ἐδηλοῦτο,
1024 1402 1083 1456 ἐκ
1121 1405 1217 1471 τῆς
1258 1398 1429 1472 αὐτῆς
1478 1404 1657 1473 φυλῆς
1699 1395 1778 1456 ὢν
1801 1424 1889 1466 (361)

102 1505 142 1537 15
169 1487 470 1540 ἐδείκνυτο.
540 1487 622 1540 58.
658 1497 785 1548 παῖς
824 1484 926 1555 μὲν
967 1482 1070 1556 γὰρ
1101 1476 1171 1556 ἦν
1209 1487 1310 1541 τοῦ
1335 1481 1530 1541 Ἰεσσαὶ
1568 1486 1777 1555 Λαβὶδ,

165 1571 261 1624 τοῦ
295 1567 357 1624 δε
386 1568 576 1639 Δαβὶδ
607 1570 905 1639 Σολομων,
948 1567 1248 1633 συστάντες
1282 1572 1341 1625 ἐκ
1372 1572 1553 1641 φυλῆς
1578 1565 1776 1624 Ἰούδα.

169 1659 254 1724 εἰή
285 1676 356 1709 αν
384 1655 680 1724 τοιγαροῦν
712 1654 764 1719 ἐξ
797 1650 965 1723 αὐτῆς
995 1650 1023 1709 ὁ
1056 1651 1236 1725 σωτὴρ
1268 1654 1359 1709 καὶ
1391 1650 1577 1724 κύριος
1601 1650 1777 1724 ἡμῶν,

168 1734 355 1807 ω’σπερ
407 1737 513 1792 οὐν
563 1732 591 1792 ὁ
646 1734 960 1807 θαυμασιος
1017 1734 1405 1842 εὐαγγελιστὴς
1458 1743 1783 1808 γενεαλογει

167 1828 463 1886 Ματθαῖος
505 1821 682 1892 λέγων
713 1816 953 1891 “Βίβλος
993 1823 1260 1892 γενέσεως
1295 1819 1474 1892 Ἰησοῦ
1517 1826 1778 1893 Χριστοῦ,

100 1926 144 1958 20
168 1907 297 1961 υἱοῦ
338 1906 555 1976 Δαβὶδ,
597 1907 726 1962 υἱοῦ
761 1902 1024 1977 Ἀβραάμ.
1097 1902 1342 1977 Ἀβρααμ
1384 1907 1645 1977 ἐγέννησε
1684 1901 1780 1961 τὸν

161 1986 359 2060 Ἰσαάκ,
387 1985 566 2046 Ἰσαὰκ
593 1989 653 2045 δὲ
679 1990 940 2062 ἐγέννησε
961 1987 1057 2046 τὸν
1080 1987 1292 2061 Ἰακώβ,
1320 1986 1511 2061 Ἰακώβ
1545 1990 1605 2045 δὲ
1632 1990 1781 2061 ἐγέν-

169 2091 303 2145 νησε
332 2071 429 2130 τὸν
452 2070 702 2131 Ἰούδαν”
742 2075 831 2130 καὶ
862 2072 927 2130 τὰ
958 2075 1095 2146 ἑξῆς.

288 2155 452 2214 Ἀλλὰ
475 2156 579 2230 γὰρ
605 2159 695 2214 καὶ
719 2156 932 2215 τούτων
954 2156 1056 2230 τὴν
1080 2163 1292 2215 οἰκείαν
1316 2155 1601 2224 ἀπόδειξιν
1625 2155 1780 2213 ἀπει-

169 2239 425 2314 ληφότων
466 2241 652 2314 καιρὸς
695 2243 786 2298 καὶ
827 2239 954 2309 τοῦς
986 2241 1217 2316 χρόνους
1259 2247 1513 2300 συνιδεῖν
1543 2245 1639 2314 τῆς
1669 2246 1781 2298 τῶν

17 2396 20 2399 Δ
101 2345 146 2377 25
171 2327 671 2398 προηγορευμένων
701 2322 1161 2399 ἀποπληρώσεως.
