1946 3158
230 138 301 190 34
322 153 333 162 ⁸
894 138 1141 179 EUSEBII

227 256 505 327 θάνατον,
558 259 803 321 τοιοῦτος
859 255 914 310 δὲ
969 256 1059 310 καὶ
1110 246 1269 322 οὗτος
1320 253 1561 328 γεγονώς
1610 253 1737 313 οὔτε
1776 256 1837 313 τὸ

224 346 382 413 σῶμα
425 343 778 412 περιτέτμητο
831 337 946 395 οὔτ’
988 346 1064 395 ἔτι
1104 342 1199 411 τῆς
1244 343 1492 406 Μωσέως
1522 339 1709 414 μετῄει
1739 365 1835 398 νο-

176 448 197 480 b
222 431 521 498 μοθεσιάς,
554 422 814 497 ἄντικρυς
847 424 909 480 δὲ
941 427 1360 496 Χριστιανικῶς,
1393 422 1516 481 ἀλλ’
1550 423 1671 498 οὐχὶ
1699 423 1836 482 ’Iov-

225 512 427 576 δαϊκῶς
460 512 564 578 ζῶν
595 506 933 581 ἀναπέφηνε.
989 510 1079 564 καὶ
1103 506 1267 575 αὐτὸς
1299 506 1353 566 δ’
1372 505 1401 565 5
1429 506 1672 581 Ἀβραᾶμ
1703 509 1836 582 μετὰ

220 593 351 660 τούς
391 594 926 666 προωνομασμένους
967 591 1207 665 γεγονώς
1257 597 1347 650 καὶ
1388 592 1653 665 νεώτερος
1696 591 1831 668 παρ’
1859 618 1879 650 5

221 675 424 745 αὐτοὺς
453 691 566 744 τοῖς
596 676 813 751 χρόνοις
832 722 847 750 ,
879 676 1193 752 πρεσβύτης
1238 679 1299 735 δὲ
1341 678 1431 734 διὰ
1462 678 1563 750 τὴν
1594 675 1835 750 ἡλικίαν,

225 761 315 818 διὰ
327 760 455 830 τούς
478 765 778 835 μέλλοντας
805 766 857 831 ἐξ
882 759 1056 836 αὐτοῦ
1077 765 1271 835 φῦναι,
1305 761 1489 835 ὥσπερ
1509 761 1633 819 τινὰ
1661 781 1834 835 σφρα-

220 852 354 920 γῖδα
384 845 487 920 τὴν
527 845 828 921 περιτομὴν
868 851 1081 918 πρῶτος
1122 845 1386 920 ὑπέμεινε
1425 850 1525 904 τοῦ
1565 845 1833 919 σώματος,

221 931 508 1004 γνώρισμα
546 936 640 1005 τῆς
680 928 851 988 αὐτοῦ
895 935 1182 1005 διαδοχῆς,
1236 947 1348 998 τοῖς
1392 935 1443 999 ἐξ
1485 930 1660 988 αὐτοῦ
1699 932 1835 989 κατὰ

224 1015 400 1090 σάρκα
431 1019 822 1090 γενησομένοις
844 1019 997 1074 τουτὶ
1026 1015 1085 1073 τὸ
1110 1030 1340 1088 σημεῖον
1365 1014 1707 1090 παραδιδοὺς
1737 1020 1833 1090 φέ·
1858 1042 1898 1073 10

222 1118 367 1176 ρειν·
444 1106 490 1158 6.
536 1099 641 1176 πρὸ
683 1104 750 1157 δέ
794 1126 857 1174 γε
895 1105 990 1173 τῆς
1034 1106 1387 1167 παιδοποιίας
1450 1103 1541 1157 καὶ
1594 1098 1699 1173 πρὸ
1741 1106 1836 1173 τῆς

222 1189 515 1259 περιτομῆς
556 1188 649 1242 καὶ
679 1183 844 1251 αὐτὸς
877 1184 976 1262 διοξ
1001 1189 1098 1257 τῆς
1132 1188 1245 1258 τοῖν
1270 1183 1520 1242 εἰδώλων
1544 1182 1835 1259 ἀναχωρή-

222 1289 390 1341 σεως,
424 1272 516 1326 καὶ
555 1274 651 1342 τῇς
683 1269 805 1338 ἑνὸς
834 1273 934 1326 τοῦ
965 1272 1052 1326 ἐπὶ
1085 1268 1310 1327 πάντων
1350 1272 1494 1327 θεοῦ
1523 1268 1833 1342 ὁμολογίας,

172 1390 188 1410 e
220 1357 312 1411 καὶ
347 1354 437 1411 διὰ
466 1353 640 1428 μόνου
679 1357 781 1411 τοῦ
810 1352 933 1412 κατ’
979 1352 1181 1428 ἀρετὴν
1223 1361 1351 1425 βίου
1386 1360 1668 1412 δείκνυται
1699 1363 1837 1428 Χρι-

221 1444 533 1512 στιανικῶς,
561 1436 684 1496 ἀλλ’
716 1438 839 1512 οὐχὶ
867 1436 1179 1505 Ἰουδαϊκῶς
1198 1437 1497 1511 βεβιωκώς.
1556 1444 1598 1495 7.
1625 1463 1836 1512 μεμαρ-
1859 1463 1899 1495 15

219 1522 449 1596 τύρηται
479 1530 620 1596 γοῦν
648 1521 716 1580 τοὶ
747 1523 1138 1597 προστάγματα
1168 1527 1260 1581 καὶ
1299 1524 1394 1589 τὰς
1428 1522 1650 1590 ε’ντολάς
1679 1523 1745 1580 τά
1775 1546 1835 1580 τε

224 1609 564 1681 δικαιώματα
586 1610 677 1665 καὶ
701 1608 768 1664 τὰ
791 1608 996 1682 νόμιμα
1028 1612 1127 1666 τοῦ
1149 1613 1290 1666 θεοῦ
1321 1608 1425 1681 πρὸ
1455 1612 1551 1680 τῆς
1582 1611 1834 1674 Μωσέως

222 1696 485 1765 διαταγης
509 1696 946 1766 πεφυλαγμένος.
989 1696 1137 1766 λέγει
1162 1692 1212 1750 δ’
1242 1684 1347 1750 οὖν
1367 1692 1500 1765 πρὸς
1530 1690 1628 1749 τὸν
1650 1690 1835 1750 Ἰσαακ

219 1776 247 1834 5
280 1785 626 1851 χρηματίζων
645 1773 822 1843 θεός“
830 1779 920 1833 καὶ
948 1777 1110 1834 δώσω
1131 1783 1206 1854 τῷ
1230 1780 1506 1850 σπέρματί
1523 1795 1625 1834 σου
1649 1797 1835 1834 πασαν

219 1860 323 1934 τὴν
352 1865 458 1935 γῆν
488 1862 723 1934 ταύτην,
747 1864 861 1919 ’καὶ
893 1835 1433 1934 ε’νευλογηθήσονται
1466 1864 1525 1917 ἐν
1555 1886 1630 1917 τω
1663 1865 1835 1934 σπέρ-
1857 1887 1898 1919 20

220 1953 356 2018 ματί
382 1965 484 2003 σου
516 1970 694 2003 παντα
716 1970 782 2003 τα
806 1952 948 2019 ἔθνη
970 1951 1065 2018 τῆς
1088 1949 1207 2018 γῆς,
1241 1942 1373 2003 ανθ’
1412 1970 1492 2002 ων
1514 1941 1836 2018 ὑπήκουσεν

216 2026 462 2103 Ἀβραὰμ
493 2027 521 2087 5
562 2029 740 2103 πατήρ
773 2047 875 2087 σου
918 2036 1014 2103 τῆς
1047 2033 1176 2103 ε’μῆς
1207 2034 1426 2103 φωνῆς,
1470 2056 1500 2087 κ
1507 2033 1560 2087 αὶ
1594 2029 1834 2102 ἐφύλαξε

219 2114 315 2181 τὰς
357 2114 580 2181 ἐντολας
621 2139 759 2188 μου,
805 2116 897 2171 καὶ
938 2114 1004 2171 τὰ
1033 2113 1424 2189 προσταγματά
1465 2140 1600 2189 μου,
1643 2118 1733 2172 καὶ
1766 2114 1832 2172 τὰ

178 2226 198 2255 1
223 2198 565 2270 δικαιώματα
594 2224 730 2272 μου,
762 2201 853 2256 καὶ
885 2223 951 2255 τα
979 2197 1185 2272 νόμιμοί
1214 2224 1335 2271 μου.

352 2289 397 2340 8.
421 2275 524 2341 ςΗν
552 2283 658 2389 γὰρ
699 2286 791 2340 καὶ
836 2283 940 2358 πρὸ
970 2288 1068 2340 τοῦ
1102 2287 1351 2350 Μωσέως
1381 2283 1556 2358 νόμου
1587 2282 1828 2357 προστά-
1852 2309 1894 2341 25

220 2393 400 2442 γματα
440 2379 495 2427 θ
490 2373 579 2426 εοῦ
620 2371 804 2470 ε’τερα,
849 2370 937 2428 καὶ
985 2367 1325 2441 δικαιώματα
1365 2366 1464 2441 οὐχ
1514 2392 1674 2441 ομοια
1716 2383 1830 2434 τοῖς

222 2476 371 2527 παρα
408 2463 630 2526 Μωσεῖ,
674 2452 878 2526 νόμιμα
918 2477 977 2510 τε
1015 2451 1153 2509 αλλα
1195 2455 1286 2509 καὶ
1318 2455 1533 2510 ἐντολαὶ
1566 2457 1828 2524 Χριστοῦ,

225 2536 299 2594 δι’
345 2563 424 2595 ων
466 2536 891 2610 έδικαιώθησαν.
970 2561 1052 2594 οτι
1104 2535 1155 2593 δ’
1202 2536 1267 2594 οὐ
1312 2562 1378 2594 τα
1418 2535 1557 2593 αὐτὰ
1606 2538 1676 2609 ἠν
1716 2551 1830 2604 τοῖς

224 2621 316 2679 δια
348 2626 597 2690 Μωσέως
637 2632 1066 2696 νομοθετηθεῖσι
1106 2641 1296 2694 σαφως
1334 2617 1363 2678 ὁ
1415 2624 1622 2693 Μωσῆς
1663 2628 1830 2692 παρί-

223 2725 417 2778 στησιν
463 2711 521 2764 ἐν
560 2704 641 2774 οἷς
682 2727 856 2780 φησιν
895 2704 1030 2781 πρὸς
1069 2705 1165 2763 τὸν
1204 2704 1340 2763 λαόν
1371 2703 1579 2762 “οἰ’κουε
1615 2703 1828 2778 Ἰσραὴλ
1850 2730 1895 2761 3ο

222 2790 287 2846 τὰ
323 2790 660 2864 δικαιώματα
692 2794 783 2848 καὶ
813 2789 879 2848 τὰ
909 2798 1162 2866 κρίματα,
1194 2789 1297 2848 ὅσα
1322 2790 1426 2863 ἐγώ
1453 2793 1602 2848 λαλῶ
1627 2793 1685 2848 ἐν
1715 2803 1828 2856 τοϊς

338 2917 389 2956 19
423 2915 537 2957 Gen.
563 2917 630 2968 26,
652 2918 692 2956 4.
867 2918 922 2958 30
950 2916 1087 2957 Deut.
1112 2916 1151 2967 5,
1177 2917 1213 2956 1.
