1992 3186
257 110 362 162 488
555 170 558 171 ⁷
930 110 1178 152 EUSEBII

147 322 237 362 (362)
791 306 1047 348 BIBAION
1079 307 1339 350 ΟΓΔΟΟΝ.

146 419 234 461 [225]
382 392 794 462 Ἀποδείξαντες
828 393 902 450 δι’
936 391 1085 451 ὅσων
1114 393 1142 451 ὁ
1173 399 1272 452 τοῦ
1304 399 1444 453 θεοῦ
1475 395 1633 470 λόγος
1666 405 1742 464 εἰς
1772 395 1866 457 ἀν-

256 477 522 548 θρώπους
553 478 705 550 ἥξειν
732 481 1066 551 ἐθεσπίζετο,
1099 477 1238 536 ὅθεν
1262 503 1320 536 τε
1350 482 1440 536 καὶ
1464 477 1572 554 ’ὅπη
1596 485 1686 538 καὶ
1717 481 1866 549 ὅπως

255 561 613 635 ὀφθήσεσθαι
644 577 756 628 τοῖς
789 565 877 619 ἐπὶ
908 566 1006 636 γῆς
1041 566 1100 620 ἐν
1122 577 1240 630 ταῖς
1271 561 1403 635 παρ’
1431 561 1703 639 Ἑβραίοις
1734 591 1865 638 προ-

211 672 231 704 b
256 662 512 719 φητικαῑς
544 662 758 719 φωναῖς
791 646 1131 721 ἐκηρύττετο,
1165 646 1248 705 ὅτι
1270 672 1328 705 τε
1349 647 1513 716 αὐτὸς
1546 655 1753 717 ἐκεῖνος
1777 643 1864 723 ἦν,

257 733 348 788 καὶ
380 729 504 788 οὐδ’
541 730 732 804 ἄλλος,
765 731 793 788 ὁ
825 735 936 788 τῶν
969 731 1191 789 αἰώνων
1222 733 1585 806 προϋφεστως
1615 732 1734 800 υίὸς
1767 739 1863 792 τοῦ
1888 764 1909 796 5

255 820 422 887 θεοῦ,
478 812 543 873 ὂν
587 815 677 872 δια
717 840 830 872 των
872 818 1073 887 ἑτέρων
1113 817 1253 874 θεόν
1291 842 1350 875 τε
1402 821 1492 875 καὶ
1535 817 1731 891 κύριον
1774 821 1865 876 καὶ

254 898 688 973 ἀρχιστράτηγον
729 903 822 957 καὶ
862 900 1100 973 μεγάλης
1131 907 1337 974 βουλῆς
1376 900 1612 974 ἄγγελον
1640 907 1781 961 θεοῦ
1809 928 1867 961 τε

253 981 509 1085 ἀρχιερέα
530 983 824 1057 τυγχάνειν
847 984 1372 1059 προμεμαθήκαμεν,
1398 983 1723 1054 ακολουθως
1735 1012 1868 1061 μετα

255 1067 321 1124 τά
346 1072 864 1141 προδιεξωδευμένα
888 1093 1017 1135 τους
1042 1069 1273 1143 χρόνους
1298 1075 1393 1143 τῆς
1421 1074 1745 1144 ἐπιφανείας
1769 1069 1867 1129 αὖ-

254 1155 356 1208 τοῦ
395 1152 562 1210 πάλιν
605 1157 656 1221 ἐξ
708 1150 894 1210 αὐτῶν
943 1158 1055 1210 τῶν
1106 1159 1464 1227 προφητικῶν
1504 1155 1864 1230 προρρήσεων
1888 1187 1931 1218 10

146 1260 235 1301 (363)
260 1235 789 1310 ἐπιμαρτυρῶμεθα,
824 1240 1058 1295 ἐνθένδε
1090 1236 1398 1311 ἀρξάμενοι.

382 1326 430 1378 2.
467 1325 590 1378 Τῶν
603 1320 923 1394 χρόνωντῆς
945 1326 1043 1378 τοῦ
1056 1326 1299 1395 Χριστοῦ
1324 1329 1631 1397 παρουσίας
1655 1326 1868 1396 ἐκφανῆ

256 1420 455 1478 σημεῖα
485 1404 619 1461 τάδε
640 1413 867 1462 ἔσεσθαι
892 1405 1369 1479 προκηρύττουσιν
1392 1412 1453 1464 αἱ
1471 1410 1614 1481 ἱεραὶ
1636 1416 1862 1481 γραφαί.

253 1514 423 1562 τριων
464 1491 524 1546 τὸ
565 1492 698 1561 πρὶν
748 1493 1036 1563 ἐπιφανων
1066 1489 1390 1564 ἀξιωμάτων
1421 1491 1567 1566 παρὰ
1591 1490 1866 1564 Εβραίοις

255 1572 675 1646 διαπρεπόντων
723 1571 797 1630 δι’
851 1599 930 1631 ων
969 1573 1028 1631 τὸ
1078 1582 1242 1642 ἐθνος
1283 1591 1698 1651 συνεκροτειτο,
1743 1577 1864 1642 ἑνὸς
1890 1605 1931 1637 15

252 1682 352 1730 μεν
393 1662 493 1715 τοῦ
533 1664 852 1731 βασιλικοῦ,
895 1661 1084 1732 ἑτέρου
1125 1661 1186 1716 δε
1215 1665 1315 1717 τοῦ
1356 1664 1730 1734 προφητικοῦ,
1773 1663 1864 1717 καὶ

253 1744 342 1798 ἐπὶ
371 1741 584 1808 τούτοις
615 1749 714 1800 τοῦ
745 1741 1147 1815 ἀρχιερατικοῦ,
1178 1743 1390 1802 τούτων
1411 1743 1550 1818 ὁμοῦ
1571 1743 1674 1816 τὴν
1703 1744 1864 1801 κατά-

252 1834 416 1883 λυσιν
456 1829 545 1883 καὶ
591 1825 692 1900 τὴν
732 1833 974 1899 παντελῆ
1018 1835 1350 1899 καθαίρεσιν
1390 1842 1590 1901 σημεῖα
1627 1833 1723 1899 τῆς
1767 1832 1866 1885 τοῦ

252 1913 496 1983 Χριστοῦ
528 1917 836 1983 παρουσίας
867 1919 1097 1968 ἔσεσθαι
1127 1918 1468 1980 θεσπίζουσι.
1523 1917 1570 1969 3.
1599 1917 1863 1985 δείγματα

207 2017 228 2048 b
257 1995 316 2049 δὲ
357 2000 470 2050 τῶν
522 1993 708 2050 αὐτῶν
762 1994 903 2051 εἶναι
949 1993 1166 2066 χρόνων
1208 1997 1298 2051 καὶ
1339 1999 1433 2067 τῆς
1475 1995 1610 2053 κατὰ
1651 1999 1861 2053 Μωσέα
1885 2026 1928 2058 20

252 2083 557 2149 θρησκείας
601 2077 703 2148 τὴν
745 2078 1125 2150 περιγραφὴν,
1165 2082 1259 2152 τῆς
1303 2103 1361 2136 τε
1384 2079 1738 2152 Ἰερουσαλὴμ
1769 2083 1860 2137 καὶ

251 2164 352 2217 τοῦ
380 2161 514 2233 πρὸς
547 2159 686 2234 αὐτῇ
721 2166 874 2234 ἱεροῦ
906 2160 1008 2234 τὴν
1041 2161 1342 2235 ἐρήμωσιν,
1374 2161 1441 2220 οὐ
1472 2162 1583 2236 μὴν
1606 2163 1744 2220 ἀλλὰ
1771 2167 1860 2221 καὶ

250 2247 352 2302 τοῦ
391 2243 595 2312 παντὸς
621 2243 907 2303 Ἰουδαίων
951 2252 1154 2312 ἔθνους
1196 2245 1296 2318 τὴν
1335 2246 1444 2304 ὑπὸ
1487 2261 1601 2312 τοῖς
1643 2251 1862 2320 ἐχθροῖς

252 2331 344 2385 καὶ
376 2336 654 2402 πολεμίοις
688 2335 975 2403 δουλείαν,
1010 2332 1100 2387 καὶ
1133 2329 1271 2387 ἄλλα
1295 2332 1354 2388 δὲ
1377 2335 1489 2388 τῶν
1512 2330 1699 2388 αὐτῶν
1721 2328 1863 2388 ὑπο-

251 2412 519 2484 βάλλουσι
566 2429 763 2487 σημεῖα
802 2414 1047 2487 χρόνων,
1101 2419 1315 2488 πλῆθος
1367 2414 1620 2489 εἰρήνης,
1675 2416 1859 2473 ἐθνῶν
1882 2443 1925 2476 25

252 2502 348 2569 τῆς
383 2501 435 2565 ἐξ
467 2503 666 2564 αἰῶνος
709 2497 833 2555 κατ’
878 2506 1042 2565 ἔθνος
1073 2501 1163 2555 καὶ
1195 2497 1331 2555 κατά
1371 2498 1534 2557 πόλιν
1563 2507 1862 2574 τοπαρχίας

253 2584 344 2638 καὶ
378 2590 718 2656 πολυαρχίας
750 2581 1068 2658 ἀναίρεσιν,
1109 2589 1204 2655 τῆς
1235 2587 1519 2641 πολυθέου
1551 2586 1643 2640 καὶ
1677 2589 1863 2656 δαιμο-

251 2670 407 2738 νικῆς
450 2673 875 2741 εἰδωλολατρίας
915 2665 1300 2740 ἀποστροφὴν,
1357 2671 1656 2740 ἐπίγνωσιν
1708 2689 1860 2724 ευσε-

252 2756 405 2820 βείας
438 2750 558 2816 ἑνὸς
589 2756 686 2807 τοῦ
712 2754 801 2808 ἐπὶ
825 2750 1050 2809 πάντων
1075 2757 1415 2825 δημιουργοῦ
1439 2757 1592 2809 θεοῦ.
1626 2756 1673 2810 4.
1689 2757 1861 2808 ταῦτα

207 2865 224 2887 e
250 2833 352 2890 οὐν
382 2830 617 2906 άπαντα,
649 2833 722 2908 μὴ
753 2833 885 2893 ὅντα
908 2836 1076 2893 πάλαι
1101 2834 1237 2893 κατὰ
1266 2835 1393 2902 τοὺς
1417 2842 1529 2893 τῶν
1560 2858 1859 2910 προφητων
1881 2862 1923 2894 30
