1992 3186
207 135 310 188 526
879 134 1135 195 ΕυεΕΒΠ,

207 258 426 326 πομπῆς
455 251 557 323 τὴν
589 248 766 323 ἀρχὴν
796 248 1159 322 ποιησώμεθα
1197 253 1293 322 τῆς
1324 249 1675 324 ἀριθμήσεως
1706 254 1818 308 τῶν

159 361 181 393 b
207 335 562 409 ἑβδομάδων,
606 341 683 401 εἰς
726 340 818 406 ε”τη
851 333 1047 391 ἑκατὸν
1085 335 1178 390 καὶ
1217 337 1441 408 προσέτι
1483 334 1817 408 περισσεύει,

205 426 415 477 πλείων
447 420 507 475 δὲ
536 417 752 492 χρόνος,
787 424 838 474 εἰ
865 415 970 490 ἀφ’
1003 410 1067 489 ἧς
1091 417 1294 491 ἡμέρας
1324 422 1398 495 τῷ
1422 417 1640 491 Δανιὴλ
1670 415 1816 490 ‹3527-

205 513 362 576 γελος
393 502 804 577 προεφήτευσε,
846 507 1032 579 πολλῷ
1065 503 1125 559 δὲ
1157 508 1392 574 πλείων,
1437 509 1487 559 εἰ
1514 501 1611 559 ἀπ’
1645 500 1815 577 ἀρχῆς

203 594 296 659 τῆς
344 593 732 660 αἰχμαλωσίας.
808 591 890 644 52
927 585 1259 659 εὑρίσκομεν
1302 611 1408 661 γαρ
1448 585 1551 659 τὴν
1579 592 1858 693 Περσῶνῡ

203 678 493 743 βασιλείαν
513 678 657 729 ἔτεσι
675 676 975 739 διακοσίοις
989 669 1286 745 τριάκοντα
1310 675 1815 744 περιγραφομένην,

202 754 305 827 τήν
346 778 404 812 τε
438 753 790 813 Μακεδόνων
833 762 909 821 εἰς
951 761 1045 828 ἔτη
1075 754 1360 829 τριακόσια
1394 753 1813 828 [ἐβδομήκοντα]

203 847 682 913 παρατείνουσαν,
727 838 994 898 κάκεῖθεν
1026 842 1115 896 ἐπὶ
1146 839 1206 896 τὸ
1246 845 1505 913 Τιβερίου
1536 845 1817 913 Καίσαρος

203 926 592 982 ἑκκαιδέκατον
623 932 740 991 ἔτος
765 930 842 990 εἰς
873 930 965 997 ἔτη
997 923 1271 996 ἑξήκοντα.
1314 927 1398 981 53.
1426 920 1533 981 ἀπὸ
1553 925 1613 981 δὲ
1631 921 1816 997 Ἀρτα-

202 1011 393 1082 ξέρξου
426 1013 486 1065 αἱ
515 1007 897 1082 ἐβδομήκοντα
921 1007 1225 1081 ἑβδομάδες
1250 1015 1327 1075 εἰς
1351 1006 1446 1065 τὸν
1472 1011 1816 1081 ἐπὶΧριστοῦ
1838 1031 1879 1062 ιο

153 1123 170 1145 c
202 1096 599 1151 συντελοῦνται
643 1092 845 1167 χρόνον
887 1093 1023 1149 κατὰ
1052 1090 1180 1158 τούς
1204 1091 1493 1150 Ἰουδαίων
1523 1090 1814 1165 ἀριθμούς.

201 1174 308 1234 άπὸ
331 1175 435 1252 γάρ
452 1184 716 1250 Νεεμίου,
749 1175 808 1243 ὃς
832 1175 940 1234 ὑπὸ
960 1174 1313 1250 Ἀρταξέρξου
1336 1174 1438 1250 τὴν
1459 1175 1812 1250 Ἰερουσαλὴμ

201 1259 658 1333 ἀνοικοδομήσων
704 1263 990 1334 ἐπέμφθη,
1050 1268 1156 1318 ἔτει
1202 1260 1678 1337 πεντεκαιδεκάτῳ
1725 1263 1817 1318 καὶ

203 1348 475 1422 ἑκατοστῷ
506 1351 601 1417 τῆς
632 1350 873 1418 Περσῶν
902 1352 1214 1418 βασιλείας,
1247 1342 1421 1402 αὐτοῦ
1449 1368 1507 1402 τε
1533 1342 1818 1419 Ἀρταξέρ-

87 1453 163 1494 J243
145 1454 175 1495 3]
203 1432 299 1497 ξου
342 1436 625 1501 βασιλείας
659 1433 887 1506 εἰκοστῷ
919 1435 1056 1502 ἔτει,
1099 1431 1190 1486 καὶ
1215 1427 1584 1502 Ὀλυμπιάδος
1614 1428 1810 1502 ὀγδοη-
1837 1452 1878 1483 15

201 1518 395 1586 κοστῆς
435 1520 621 1587 τρίτης
661 1520 767 1571 ἔτει
808 1512 1078 1591 τετάρτω,
1122 1517 1211 1571 ἐπὶ
1241 1516 1439 1571 τοῦτον
1468 1512 1564 1571 τὸν
1594 1538 1815 1587 χρονον,

199 1623 257 1665 ος
299 1598 370 1670 ἦν
397 1595 761 1671 Ὀλυμπιάδος
803 1601 1183 1671 διακοσιοστῆς
1227 1601 1488 1671 δευτέρας
1530 1604 1645 1665 ἔτος
1686 1597 1817 1655 δεύ-

199 1706 388 1756 τερον,
439 1689 696 1756 Τιβερίου
741 1684 802 1739 δε
833 1687 1114 1757 Καίσαρος
1153 1681 1447 1755 ἡγεμονίας
1479 1689 1596 1749 ἔτος
1630 1685 1816 1739 ἑκκαι-

202 1769 452 1838 δέκατον,
478 1773 570 1839 ἔτη
584 1767 884 1839 συνάγεται
894 1765 1219 1840 τετρακόσια
1233 1765 1613 1839 ἐβδομήκοντα
1630 1769 1812 1836 πέντε,

200 1849 340 1924 ἅπερ
363 1849 626 1925 Ἑβραϊκὰ
663 1850 990 1925 τετρακόσια
1033 1850 1366 1922 ἐνενήκοντα
1394 1857 1633 1922 γίνεται,
1677 1850 1811 1906 κατὰ
1833 1872 1875 1904 20

156 1958 177 1990 d
199 1934 295 1992 τὸν
325 1943 644 2006 σεληνιαῖον
686 1935 895 2007 δρόμον
938 1933 1066 2000 τούς
1098 1933 1385 1999 ἐνιαυτοὺς
1428 1936 1660 1990 ἐκείνων
1692 1937 1813 2001 ἐξα-

200 2022 613 2091 ριθμουμένων,
646 2018 718 2085 ὥς
745 2022 858 2075 ἐστι
881 2017 1175 2091 πρόχειρον
1200 2023 1396 2087 εἰπεῖν,
1421 2013 1642 2090 ἡμερῶν
1663 2042 1811 2091 τρια-

199 2108 405 2159 κοσίων
450 2100 792 2173 πεντήκοντα
836 2100 1151 2174 τεσσάρων,
1198 2104 1298 2158 τοῦ
1340 2097 1574 2172 ἡλιακοῦ
1604 2100 1811 2159 κύκλου

198 2182 538 2258 ὑπάρχοντος
561 2184 784 2258 ἡμερῶν
805 2192 1138 2258 τριακοσίων
1165 2184 1427 2257 ἑξήκοντα
1451 2187 1613 2242 πέντε
1626 2185 1810 2258 τετάρ-

198 2286 321 2327 του·
354 2269 456 2342 τὴν
486 2270 591 2344 γὰρ
623 2270 759 2326 κατὰ
790 2269 1031 2342 σελήνην
1064 2267 1461 2341 δωδεκάμηνον
1490 2268 1804 2341 παραλλάσ-
1831 2290 1872 2322 25

198 2335 316 2412 σειν
348 2353 572 2427 ἡμέραις
604 2357 803 2411 ἕνδεκα
833 2357 925 2411 καὶ
955 2355 1208 2430 τετάρτῳ.
1271 2357 1354 2410 54.
1390 2351 1482 2410 διὰ
1504 2355 1665 2410 τοῦτο
1681 2352 1808 2411 ’Ἐλ-

197 2447 358 2511 ληνες
404 2440 495 2495 καὶ
536 2437 792 2497 Ἰουδαῖοι
835 2454 982 2513 τρεῖς
1027 2442 1202 2511 μῆνας
1250 2441 1578 2510 ἐμβολίμους
1632 2444 1810 2494 ἔτεσιν

198 2520 339 2580 ὀκτώ
382 2522 883 2596 παρεμβάλλουσιν.
949 2520 1165 2588 ὀκτάκις
1210 2519 1315 2595 γὰρ
1360 2520 1426 2578 τὰ
1473 2525 1671 2580 ἕνδεκα
1716 2524 1808 2578 καὶ

198 2609 458 2678 τέταρτον
488 2622 637 2665 ποιεῖ
663 2614 943 2681 τρίμηνον.
985 2605 1050 2664 τά
1081 2613 1274 2664 τοίνυν
1296 2605 1619 2680 τετρακόσια
1646 2607 1809 2677 ἑβδο-

199 2689 443 2763 μήκοντα
474 2695 637 2749 πέντε
668 2698 762 2764 ἔτη
792 2689 1176 2765 ὀκταετηρίδες
1199 2697 1449 2762 γίνονται
1467 2689 1806 2762 πεντήκοντα
1828 2707 1869 2739 30

201 2776 362 2831 ἐννέα
393 2778 485 2831 καὶ
514 2781 681 2848 μῆνες
712 2791 874 2850 τρεῖς.
931 2774 1003 2842 ὥς
1031 2773 1299 2850 τριμήνου
1327 2775 1390 2831 δὲ
1414 2778 1712 2847 ἐμβολίμου
1737 2778 1806 2847 τῇ

199 2854 450 2933 ὀκταετία
480 2861 790 2932 γινομένης,
822 2867 914 2932 ἔτη
938 2864 1334 2918 πεντεκαίδεκα
1358 2857 1565 2930 ὀλίγων
1589 2854 1806 2931 ἡμερῶν
