1946 3158
578 116 887 159 DEMONST.
918 117 1140 160 EVANG
1171 117 1307 159 11.1
1683 114 1750 168 75

146 230 442 305 εἰώθασιν,
485 232 557 302 ῶς
597 230 667 292 ἂν
707 231 896 300 αὐτοῖς
947 231 1134 306 μόνοις
1184 229 1587 306 υπεσχημένων
1636 235 1749 289 τῶν

146 307 645 394 προϋπηργμένων,
680 315 795 389 ῶρα
827 320 917 374 καὶ
950 315 1092 391 ἡμᾶς
1139 314 1615 391 ἄντιπαραγαγεῖν
1655 319 1747 374 καὶ

143 399 462 463 ἀντιθεῖναι
502 402 689 472 αὐτοῖς
720 401 818 470 τὰς
859 405 984 476 περὶ
1025 405 1138 459 τῶν
1174 404 1358 459 ἐθνῶν
1401 405 1747 474 ἐπαγγελίας,

146 477 258 543 ῶδέ
285 508 401 552 πως
431 489 579 565 παρὰ
609 503 722 557 τοῖς
757 484 943 544 αὐτῶν
974 485 1284 560 προφήταις
1314 489 1640 561 φερομένας.

97 786 118 818 5
617 764 666 823 ά,
702 763 831 824 Ἀπό
862 773 956 839 τῆς
987 770 1284 834 Γενέσεως.
1769 790 1837 830 (45)

135 899 219 953 ,Ως
244 896 659 958 ευλογηθήσονται
689 918 748 944 τοι
768 899 902 968 ἔθνη
926 903 1011 967 τῆς
1043 903 1156 957 γῆς,
1184 898 1260 945 ἐπὶ
1303 904 1367 945 τῶ
1399 899 1555 961 ὁμοίω
1588 897 1746 961 τρόπῳ

551 960 636 1014 τῆς
658 961 744 1001 τού
768 952 973 1015 Ἀβρααμ
996 960 1333 1015 προσηγορίας

267 1081 301 1133 ὅ
364 1072 423 1093 ‘e‘

423 1085 468 1134 Ο
503 1076 562 1132 δε
594 1076 784 1149 κύριος
817 1075 1002 1148 εἶπεν,
1035 1073 1103 1133 οὐ
1149 1076 1223 1150 μὴ
1266 1075 1464 1151 κρύψω
1500 1077 1604 1149 ἐγώ
1637 1075 1744 1133 ἀπὸ

140 1158 384 1238 Ἀβρααμ
412 1166 512 1218 τοῦ
543 1160 741 1227 παιδός
771 1185 879 1234 μου
936 1157 971 1216 ἃ
1018 1160 1123 1233 έγῶ
1160 1165 1315 1219 ποιῶ.
1376 1161 1626 1234 Ἀβραὰμ
1666 1185 1748 1233 γι-

76 1264 118 1296 10
139 1245 371 1320 νόμενος
404 1251 552 1302 ἔσται
585 1251 663 1312 εἰς
695 1252 860 1313 ἔθνος
890 1248 1030 1320 μέγα
1061 1247 1153 1302 καὶ
1183 1245 1351 1303 πολύ·
1398 1249 1490 1303 καὶ
1522 1249 1743 1303 ἐνευλο-

140 1329 483 1404 γηθήσονται
508 1333 568 1387 ἐν
600 1329 749 1406 αὐτῷ
779 1330 959 1388 πάντα
990 1328 1055 1387 τὰ
1088 1336 1227 1403 ἔθνη
1257 1334 1352 1403 τῆς
1383 1328 1528 1403 γῆς.”

268 1412 529 1487 Κρύφιον
560 1416 651 1470 καὶ
696 1413 932 1488 λεληθὸς
978 1414 1107 1481 τοὺς
1147 1413 1386 1483 πολλους
1437 1433 1745 1489 μυστηριον

139 1499 214 1573 μὴ
255 1497 493 1573 κρύψειν
540 1501 715 1572 φησὶν
755 1495 783 1555 ὁ
825 1499 1095 1573 χρησμὸς,
1138 1496 1522 1568 αποκαλύψειν
1565 1500 1626 1556 δε
1666 1502 1743 1576 τῷ

138 1592 410 1656 θεοφιλεῖ.
471 1587 632 1641 τοῦτο
666 1584 727 1640 δε
757 1576 827 1655 ἦν
858 1581 917 1640 τὸ
949 1585 1076 1657 περὶ
1105 1587 1199 1655 τῆς
1223 1587 1335 1640 τῶν
1357 1587 1544 1641 ἐθνῶν
1563 1581 1742 1639 ἆπαν-
1773 1595 1791 1626 ¹>

77 1697 116 1729 15
139 1692 251 1725 των
283 1666 568 1740 εὐλογίας,
607 1665 636 1724 ὃ
668 1666 837 1724 παλαι
868 1669 969 1740 μὲν
1008 1670 1282 1742 κέκρυπτο
1326 1666 1417 1724 δια
1458 1668 1518 1724 τὸ
1564 1690 1743 1724 παντα

138 1754 204 1809 τὰ
257 1758 397 1825 ἔθνη
449 1750 588 1808 κατὰ
634 1752 763 1819 τοὺς
819 1756 916 1809 τοῦ
969 1750 1213 1825 Ἀβραὰμ
1255 1751 1489 1826 χρόνους
1549 1750 1742 1828 ἀφθίτῳ

140 1835 322 1911 πλάνῃ
376 1842 808 1910 δεισιδαιμονίας
862 1840 1256 1909 κεκρατῆσθαι,
1305 1839 1435 1894 νυνὶ
1483 1837 1543 1893 δὲ
1582 1843 1742 1894 τοῦτο

140 1918 272 1979 καθ’
307 1917 446 1994 ἡμᾶς
478 1919 898 1994 ἀναπέφανται,
939 1920 1029 1979 ὅτε
1073 1920 1164 1978 διὰ
1198 1924 1304 1993 τῆς
1345 1924 1444 1978 τοῦ
1494 1924 1741 1994 σωτῆρος

140 2005 297 2080 ἡμῶν
375 2004 734 2080 ευαγγελικῆς
805 2011 1168 2073 διδασκαλίας
1245 2004 1342 2063 τὸν
1419 2002 1590 2062 αὐτὸν
1667 2009 1745 2062 τῶ

72 2121 116 2153 20
132 2089 379 2165 Ἀβραὰμ
409 2094 788 2162 θεοσεβοῦντα
818 2090 1024 2165 τρόπον
1052 2094 1147 2163 τῆς
1181 2099 1301 2163 ἴσης
1344 2087 1493 2147 αὐτῶ
1533 2091 1745 2163 μετέχει

141 2173 410 2248 εὐλογίας.
473 2180 520 2232 6.
546 2174 628 2232 ὅτι
661 2173 716 2232 δ’
750 2173 852 2249 οὐχ
888 2175 1011 2232 οἱόν
1034 2199 1093 2232 τε
1116 2177 1186 2248 ὴν
1211 2199 1348 2232 κατα
1371 2173 1473 2247 τὴν
1490 2176 1743 2241 Μωσέως

140 2266 482 2334 νομοθεσίαν
513 2258 906 2318 πολιτεύεσθαι
923 2283 1104 2318 παντα
1133 2285 1199 2317 τα
1225 2267 1364 2332 ἔθνη
1395 2261 1743 2333 πληρέστατα

143 2349 203 2402 έν
254 2349 328 2422 τῶ
372 2341 477 2418 πρὸ
533 2343 734 2402 τούτου
776 2344 1162 2420 συγγράμματι
1206 2342 1596 2418 διειλήφαμεν,
1669 2341 1782 2411 ῶς,

139 2426 209 2486 ἂν
259 2427 335 2502 μή
400 2453 482 2496 τις
539 2425 812 2501 ὑπολάβοι
867 2432 993 2502 περὶ
1064 2433 1176 2486 τῶν
1242 2428 1390 2502 παρα
1453 2427 1742 2492 Ἰουδαίοις

75 2542 120 2575 25
145 2511 510 2587 προσηλύτων
552 2518 812 2587 εἰρῆσθαι
853 2514 914 2570 τὸ
959 2513 1160 2586 λόγιον.
1247 2518 1293 2570 7.
1330 2516 1390 2571 ἐν
1441 2509 1625 2587 ταύτῷ
1681 2513 1742 2568 δὲ

144 2596 516 2670 συστήσαντες
540 2597 624 2655 ὅτι
653 2596 841 2671 μόνοις
885 2613 998 2665 τοῖς
1042 2598 1134 2654 διὰ
1175 2599 1419 2671 Χριστοῦ
1461 2599 1514 2664 ἐξ
1562 2593 1742 2655 ἁπάν-

142 2707 254 2739 των
294 2686 407 2740 τῶν
447 2685 634 2740 ἐθνῶν
674 2682 967 2757 ἐφαρμόζοι
1008 2679 1077 2739 ἂν
1117 2679 1149 2755 ἡ
1190 2681 1325 2754 πρὸς
1365 2680 1462 2738 τὸν
1497 2678 1741 2756 Ἀβρααμ

142 2776 519 2824 θεσπισθεῖσα
551 2769 677 2840 περὶ
709 2767 933 2824 πάντων
956 2771 1067 2824 τῶν
1100 2770 1286 2824 ἐθνῶν
1319 2763 1572 2838 εὐλογία,
1614 2765 1741 2831 τοὺς

150 2858 483 2925 φιλομαθεῖς
513 2850 597 2908 ἐπ’
635 2855 818 2909 ἐκεῖνα
849 2854 940 2909 καὶ
961 2857 1069 2909 νῦν
1091 2847 1502 2925 ἀναπέμψομεν.
