1992 3186
537 136 846 178 DEMONST.
878 135 1098 179 EVANG.
1132 137 1258 176 VIII.
1291 138 1335 175 2.
1626 133 1730 186 515

118 257 211 312 καὶ
233 260 559 328 πρλιορκίαν
581 249 764 310 οὐκέτι
787 255 882 325 τῆς
908 255 967 309 ἐκ
981 255 1122 310 θεοῦ
1136 250 1383 319 τεύξεται
1410 254 1729 323 ἐπισκοπῆς,

118 352 274 412 μενεῖ
320 339 381 395 δὲ
423 345 650 412 ἔρημος,
693 338 1248 411 συγκαθαιρουμένης
1294 334 1436 410 αὐτῇ
1467 340 1562 408 τῆς
1593 333 1730 392 κατὰ

117 421 214 481 τὸν
245 425 536 488 Μωυσέως
578 421 750 494 νόμον
790 428 1074 495 λατρείας,
1123 423 1311 495 ἑτέρας
1344 421 1405 477 δὲ
1435 417 1555 478 ἄντ’
1594 423 1730 476 ἐκεί-

32 559 36 563 ,
117 531 216 580 νης
245 510 323 583 τῷ
352 513 459 583 βίῳ
489 510 603 564 των
632 503 954 580 ἀνθρώπων
983 508 1175 577 καινῆς
1208 504 1482 578 διαθήκης
1512 501 1731 562 άντεισ-

67 616 84 648 5
111 593 514 666 αχθησομένης.
588 596 635 647 6.
670 594 762 648 καὶ
800 596 973 648 ταῦτα
1013 589 1042 647 ὁ
1072 589 1323 661 Γαβριὴλ
1371 586 1444 656 ὥς
1489 592 1549 647 ἐν
1596 612 1731 663 χρη-

116 690 272 749 σμοῖς
287 678 767 750 ἐπικεκρυμμένως
786 673 1344 748 ἐκφαίνεινὸμολογεϊ
1361 680 1438 750 τῷ
1455 673 1727 748 προφήτῃ.

118 766 163 818 7.
197 763 371 833 φησὶν
400 752 504 817 οὖν
535 757 685 836 αὐτῷ
715 758 953 831 Δανιὴλ,
986 763 1094 816 νῦν
1119 762 1354 830 ἐξῆλθον
1385 757 1730 831 συμβιβάσαι

115 864 178 903 σε
202 844 449 915 σύνεσιν,
483 848 544 902 ἐν
566 842 706 918 ἀρχῇ
729 848 825 916 τῆς
849 842 1090 916 δεήσεως
1114 861 1217 899 σου
1243 845 1475 914 ἐξῆλθεν
1497 839 1526 899 ὁ
1551 840 1730 914 λόγος,

114 927 266 1002 κάγώ
297 922 477 1001 ἦλθον
521 928 851 1001 ἀναγγεῖλαί
885 946 973 984 σοι
1014 926 1098 984 ὅτι
1138 926 1278 1000 ἀνὴρ
1313 930 1630 1000 ἐπιθυμιῶν
1661 925 1730 983 σύ

51 1038 92 1069 10
118 1014 192 1085 εἷ,
247 1016 339 1071 καὶ
379 1011 678 1085 ἐννοήθητι
720 1016 780 1069 ἐν
819 1016 895 1088 τῷ
938 1010 1166 1087 ῥήματι,
1208 1013 1300 1068 καὶ
1346 1011 1514 1078 σύνες
1559 1014 1619 1068 ἐν
1659 1017 1727 1084 τῇ

113 1094 407 1173 ὄπτασίᾳ,”
441 1100 632 1169 σαφῶς
666 1102 956 1169 διεγείρων
981 1093 1152 1154 αὐτὸν
1178 1102 1255 1162 εἰς
1287 1099 1610 1169 βαθυτέραν
1642 1101 1726 1152 ἕν-
1752 1118 1775 1150 d

114 1206 273 1240 νοιαν
297 1184 388 1239 καὶ
413 1180 643 1239 σύνεσιν
664 1185 761 1254 τῆς
783 1184 895 1238 τῶν
920 1183 1234 1254 λεγομένων
1258 1187 1519 1254 θεωρίας.
1563 1177 1726 1236 ὀπτα-

114 1273 243 1324 σίαν
282 1269 421 1338 γοῦν
461 1263 602 1322 αὐτά
640 1268 708 1338 γε’
743 1285 879 1338 φησι
922 1265 1012 1321 διὰ
1052 1263 1113 1322 τὸ
1155 1267 1470 1339 βαθυτέρας
1503 1270 1730 1338 ἔχεσθαι

115 1355 364 1417 διανοίας
403 1353 494 1407 καὶ
525 1349 591 1406 οὐ
631 1354 726 1422 τῆς
768 1348 1039 1422 τυχούσης
1070 1353 1348 1416 συνέσεως
1382 1355 1619 1407 δεῖσθαι.
1678 1354 1724 1406 8.

49 1455 90 1488 15
115 1434 308 1508 διόπερ
340 1437 432 1491 καὶ
464 1433 621 1491 αὐτοὶ
650 1433 747 1491 τὸν
772 1432 1130 1507 δωρούμενον
1146 1434 1376 1492 σύνεσιν
1401 1432 1724 1507 ἀνθρώποις
1752 1459 1839 1501 [238]

114 1518 567 1592 ἐπικαλεσάμενοι
600 1515 896 1591 εὐξάμενοί
930 1542 988 1575 τε
1030 1514 1134 1574 ὑπ’
1170 1516 1342 1575 αὐτοῦ
1372 1521 1727 1589 φωτισθὴναι

112 1603 238 1670 τοὺς
284 1608 379 1676 τῆς
435 1609 682 1669 διανοίας
732 1601 1089 1675 ὀφθαλμοὺς,
1145 1601 1612 1676 ἐπιθαρρήσωμεν
1661 1606 1727 1676 τῇ

112 1688 249 1745 κατὰ
300 1687 428 1753 τούς
478 1686 680 1754 τόπους
732 1693 959 1762 θεωρία.
1040 1684 1485 1760 “ἑβδομήκοντα,
1532 1687 1725 1758 φησὶν,

113 1770 419 1845 ἑβδομάδες
451 1769 885 1844 συνετμήθησαν
917 1773 1006 1828 ἐπὶ
1050 1769 1147 1828 τὸν
1191 1769 1327 1828 λαόν
1366 1787 1468 1828 σου
1513 1772 1606 1827 καὶ
1639 1772 1726 1826 ἐπὶ

47 1877 87 1909 20
110 1854 212 1929 τὴν
241 1854 405 1913 πόλιν
434 1855 538 1927 τὴν
568 1854 734 1928 ἁγίαν
765 1873 896 1926 σου,
937 1859 1036 1912 τοῦ
1066 1859 1506 1928 συντελεσθῆναι
1548 1851 1727 1929 ἆμαρ-

108 1947 235 1998 τίαν
290 1943 381 1996 καὶ
432 1944 532 1998 τοῦ
583 1946 889 2013 σφραγίσαι
945 1936 1214 2013 ἁμαρτίας
1279 1941 1370 1996 καὶ
1421 1938 1726 2006 ἀπαλεῖψαι

111 2022 206 2090 τὰς
237 2023 495 2097 ἀνομίας,
539 2026 630 2081 καὶ
661 2027 761 2081 τοῦ
791 2023 1150 2092 ἐξιλάσασθαι
1180 2023 1428 2095 ἀδικίας,
1471 2025 1564 2080 καὶ
1595 2020 1726 2096 ἄγα-

110 2123 232 2181 γεῑν
264 2107 625 2181 δικαιοσύνην
656 2108 904 2181 αἰώνιον,
937 2111 1029 2165 καὶ
1061 2112 1159 2166 τοῦ
1191 2115 1499 2181 σφραγίσαι
1529 2105 1727 2183 ὅρασιν

110 2195 202 2249 καὶ
232 2191 552 2266 προφήτην,
595 2195 685 2250 καὶ
731 2195 832 2250 τοῦ
860 2207 1045 2266 χρῖσαι
1075 2190 1235 2265 ἅγιον
1266 2190 1498 2265 ἁγίων.”
1564 2198 1611 2250 9.
1644 2191 1726 2249 ὅτι
1751 2219 1838 2260 (383)

49 2301 89 2333 25
111 2281 224 2334 τῶν
255 2276 635 2350 ἐβδομήκοντα
668 2276 998 2350 ἑβδομάδων
1020 2273 1049 2334 ὁ
1072 2276 1268 2351 χρόνος
1301 2280 1361 2334 ἐν
1393 2283 1571 2334 ἔτεσιν
1594 2275 1726 2334 ἀνα-

111 2360 375 2433 λυόμενος
408 2360 742 2434 ἐνενήκοντα
773 2361 909 2433 πρὸς
938 2375 1052 2428 τοῖς
1082 2366 1454 2435 τετρακοσίοις
1484 2359 1726 2433 ἀριθμὸν

111 2443 340 2515 συνάγει
371 2453 544 2502 παντί
568 2469 677 2502 που
715 2450 900 2518 δῆλον.
958 2449 1219 2513 τοσοῦτος
1244 2448 1543 2517 τοιγαροῦν
1565 2461 1723 2500 συνε-

110 2525 295 2600 τμήθη
326 2527 520 2601 χρόνος
553 2531 640 2585 ἐπὶ
670 2530 767 2586 τὸν
797 2529 934 2586 λαόν
965 2549 1087 2601 σου,
1118 2527 1178 2585 τὸ
1211 2534 1324 2585 πᾶν
1357 2529 1724 2600 συμπέρασμα

109 2618 208 2669 τοῦ
235 2608 523 2669 Ἰουδαίων
552 2619 878 2686 περιορίζων
909 2619 1126 2678 ἔθνους.
1203 2617 1282 2668 10.
1318 2614 1410 2668 καὶ
1441 2609 1626 2669 οὐκέτι
1655 2635 1721 2684 γε

47 2719 87 2752 30
112 2694 313 2763 αὐτοὺς
346 2699 406 2753 ἐν
435 2694 646 2763 τούτοις
676 2703 816 2754 θεοῦ
847 2695 984 2754 λαὸν
1013 2694 1443 2770 προσαγορεύει,
1476 2692 1615 2752 ἄλλα
1644 2700 1724 2772 τῷ

111 2779 331 2853 Δανιήλ
361 2798 516 2853 φησι,
550 2780 685 2837 λαόν
709 2796 836 2838 σου·
871 2777 1056 2854 ὥσπερ
1079 2778 1184 2853 γὰρ
1209 2777 1561 2853 άσεβήσαντά
1591 2803 1723 2837 ποτε

111 2868 202 2922 καὶ
243 2864 788 2939 εἰδωλολατρήσαντα
834 2867 922 2922 ἐπὶ
961 2868 1056 2937 τῆς
1107 2863 1314 2938 ἐρήμου
1364 2863 1548 2922 οὐκέτι
1589 2865 1723 2922 λαὸν

1191 2959 1196 2963 ’
1330 2959 1396 3010 33
1414 2963 1437 2989 ³³⁴
