1992 3186
259 97 362 150 638
943 99 1191 141 EUSEBII

258 222 454 288 μίσους
495 212 818 271 ἐκύκλωσάν
856 237 952 286 με,
1004 216 1096 270 καὶ
1137 214 1481 288 έπολέμησάν
1519 239 1588 289 με
1632 214 1862 287 δωρεάν.

259 295 382 355 ἀντὶ
412 302 509 355 τοῦ
539 297 760 369 ἀγαπᾶν
789 321 857 370 με
889 296 1248 370 ἐνδιέβαλλόν
1276 323 1362 371 με,
1397 298 1502 371 ἐγώ
1535 301 1596 357 δὲ
1626 320 1867 373 προσηυ-

257 382 457 456 χόμην“
506 384 597 437 καὶ
629 389 823 439 ἔθεντο
855 381 973 439 κατ’
1013 385 1147 455 ἐμοῦ
1177 382 1317 439 κακά
1350 381 1475 440 ἀντὶ
1509 383 1867 456 ἀγαθῶνκαὶ

257 481 417 540 μῖσος
447 463 569 521 ἀντὶ
601 468 696 537 τῆς
727 463 1054 538 ἀγαπήσεως
1084 491 1205 539 μου.
1267 466 1613 540 κατάστησον
1644 466 1730 525 ἐπ’
1765 467 1865 526 αὐ-

255 549 354 607 τὸν
384 546 727 623 ἁμαρτωλὸν,
761 553 853 607 καὶ
885 550 1142 621 διάβολος
1165 549 1342 623 στήτω
1367 554 1427 608 ἐκ
1451 555 1648 619 δεξιῶν
1677 550 1863 610 αὐτοῦ.

259 638 319 691 ἐν
363 637 441 709 τῷ
489 641 783 703 κρίνεσθαι
826 632 996 692 αὐτὸν
1048 639 1262 703 ἐξέλθοι
1312 639 1867 709 καταδεδικασμένος,

255 720 345 775 καὶ
379 717 412 790 ἡ
445 717 726 792 προσευχὴ
757 717 930 794 αὐτοῦ
960 719 1252 793 γενηθήτω
1279 726 1355 786 εἰς
1378 718 1666 793 ἁμαρτίαν.
1710 733 1878 794 γενη-“

211 829 234 860 «ι
255 802 522 874 θήτωσαν
553 807 614 858 αἶ
640 800 838 876 ἡμέραι
870 801 1041 862 αὐτοῦ
1070 803 1279 877 ὀλίγαι,
1311 807 1403 861 καὶ
1433 803 1534 878 τὴν
1566 803 1869 877 ἐπισκοπὴν

256 885 429 944 αὐτοῦ
460 890 674 958 λαβέτω
706 886 943 960 ἕτερος.”

382 976 430 1028 2.
463 974 575 1029 Καὶ
614 975 710 1044 τῆς
750 976 861 1029 τῶν
901 977 1281 1046 προκειμένων
1322 975 1410 1030 ἐπὶ
1454 972 1552 1030 τὸν
1591 971 1868 1047 προδότην

249 1054 466 1113 Ἰούδαν
495 1055 784 1130 ἀναφορᾶς
830 1061 1086 1131 ἐχέγγυος
1119 1056 1329 1131 μάρτυς
1357 1056 1386 1115 ὁ
1420 1055 1721 1124 ἀπόστολος
1766 1061 1867 1114 Πέ-

255 1164 400 1212 τρος,
432 1139 567 1213 μετὰ
596 1141 699 1212 τὴν
729 1146 829 1198 τοῦ
862 1148 1106 1214 σωτῆρος
1145 1139 1304 1215 ἡμῶν
1344 1141 1627 1212 ἀνάληψιν
1657 1161 1864 1213 συνηγ-

1892 1001 1931 1032 10

255 1229 441 1298 μένων
471 1228 583 1283 τῶν
612 1222 936 1285 ἀποστόλων
967 1226 1192 1283 πάντων
1232 1224 1340 1284 σύν
1371 1229 1463 1283 καὶ
1494 1225 1680 1292 ἄλλοις
1711 1233 1869 1282 πλεί-
1917 1245 1921 1250 ·

255 1331 380 1366 οσιν
431 1306 724 1382 ἀδελφοῖς,
777 1314 940 1383 μέσος
991 1307 1262 1382 ἀναστὰς,
1315 1313 1408 1367 καὶ
1459 1315 1631 1366 ταῦτα
1683 1309 1867 1382 φήσας

246 1389 484 1464 (Ἥνδρες
515 1392 749 1464 ἀδελφοὶ
765 1405 793 1465 ,β
823 1400 935 1452 ἔδει
966 1399 1334 1468 πληρωθῆναι
1373 1395 1474 1467 τὴν
1514 1392 1764 1467 γραφὴν,
1796 1391 1867 1467 ἣν

255 1492 488 1549 προεῖπε
517 1477 578 1535 τὸ
609 1484 830 1551 πνεῦμα
858 1477 919 1536 τό
943 1478 1104 1550 ἅγιον
1130 1479 1220 1536 διά
1245 1478 1511 1553 στόματος
1528 1483 1717 1552 Δαβὶδ
1740 1481 1867 1551 περὶ

246 1560 424 1620 Ἰούδα
465 1567 563 1620 τοῦ
603 1566 908 1636 γενομένου
947 1560 1158 1636 ὁδηγοῦ
1197 1579 1312 1631 τοις
1351 1567 1730 1637 συλλαβοῦσιν
1761 1562 1867 1664 Ἰη-

255 1651 423 1718 σοῦν,
456 1644 539 1703 ὅτι
570 1651 1051 1721 κατηριθμημένος
1081 1649 1152 1721 ἦν
1185 1652 1244 1706 ἐν
1275 1647 1435 1720 ἡμῖν,
1467 1651 1558 1705 καὶ
1584 1656 1742 1721 ἔλαχε
1771 1646 1867 1706 τὸν

254 1734 460 1803 κλῆρον
489 1736 584 1802 τῆς
618 1736 900 1800 διακονίας
931 1732 1145 1805 ταύτης.
1193 1737 1241 1789 3.
1273 1725 1434 1798 οὗτος
1463 1736 1566 1806 μὲν
1588 1733 1690 1789 οὐν
1709 1729 1867 1832 ἐκτή-

1892 1421 1931 1453 15

254 1835 385 1872 σατο
417 1823 621 1889 χωρίον
647 1820 706 1872 ἐκ
728 1820 939 1889 μισθοῦ
959 1823 1059 1889 τῆς,
1077 1818 1295 1884 ἀδικίας
1313 1815 1504 1886 αὐτου,
1536 1818 1627 1873 καὶ
1652 1815 1863 1887 πρηνὴς
1887 1841 1927 1872 20

252 1899 547 1999 γενόμενος
602 1900 835 2002 ἐλάκησε
885 1904 1076 1974 μέσος,
1137 1904 1227 1957 καὶ
1282 1899 1516 2006 ἐξεχύθη
1569 1901 1748 1956 πάντα
1799 1898 1865 1956 τά

255 1983 543 2057 σπλάγχνα
594 1984 800 2055 αὐτου,
853 1987 953 2043 καὶ
998 1982 1248 2056 γνωστὸν
1302 1987 1514 2055 ἐγένετο
1566 1987 1699 2039 πᾶσι
1749 1997 1864 2048 τοις

142 2094 231 2134 (475)
256 2072 608 2124 κατοικοῦσιν
638 2066 1023 2139 Ἰερουσαλὴμ,
1072 2066 1211 2124 ὥστε
1252 2071 1528 2139 κληθῆναι
1569 2071 1628 2124 τό
1659 2075 1864 2141 χωρίον

1684 2151 1708 2167 ΡΙ

255 2155 432 2208 ἐκεῖνο
474 2157 540 2224 τῇ
583 2157 699 2227 ἰδίᾳ
741 2155 1006 2227 διαλέκτῳ
1053 2149 1238 2208 αὐτῶν
1264 2149 1632 2225 Ἁκελδαμάχ,
1680 2177 1708 2208 ο
1751 2159 1863 2208 ἐστι

253 2242 456 2308 χωρίον
489 2241 728 2308 αἵματος.
800 2240 1102 2308 γέγραπται
1141 2234 1245 2307 γάρ
1279 2240 1338 2292 ἐν
1378 2243 1556 2312 βίβλῳ
1591 2240 1859 2307 Ψαλμῶν,
1883 2261 1924 2292 25

252 2318 547 2396 γενηθήτω
589 2319 623 2392 ἡ
667 2326 894 2386 ἔπαυλις
936 2319 1109 2377 αὐτοῦ
1151 2328 1375 2392 ἔρημος,
1423 2323 1513 2376 καὶ
1554 2320 1628 2392 μὴ
1662 2315 1859 2376 ἔστωὸ

253 2409 524 2462 κατοικῶν
556 2408 615 2462 ἐν
646 2403 814 2479 αὐτῇ,
858 2407 947 2461 καὶ
979 2404 1080 2476 τὴν
1112 2404 1416 2475 ἐπισκοπὴν
1446 2403 1617 2460 αὐτοῦ
1649 2408 1859 2474 λαβέτω

254 2485 490 2559 ἕτερος.”
564 2493 613 2545 4.
645 2494 817 2546 ταῦτα
847 2496 985 2561 γοῦν
1014 2486 1043 2544 ὁ
1076 2492 1285 2557 Πέτρος
1329 2488 1505 2545 εἰπών
1534 2485 1861 2545 ὑποτίθεται

254 2575 441 2644 ἕτερον
471 2570 594 2629 ἀντὶ
623 2579 720 2630 τοῦ
748 2571 929 2630 Ἰούδα
972 2579 1094 2630 δεῖν
1125 2579 1470 2643 παραλαβεῖν
1512 2579 1588 2638 εἰς
1619 2571 1715 2628 τὸν
1745 2577 1861 2628 λεί-

253 2680 426 2713 ποντα
456 2660 568 2713 τῶν
612 2656 828 2714 δώδεκα
870 2655 1191 2714 ἀποστόλων
1222 2655 1492 2730 ἀριθμὸν,
1537 2653 1685 2723 ὅπως
1717 2664 1856 2728 πλη·
1879 2680 1921 2712 30

369 2850 419 2888 15
451 2851 550 2892 Act.
579 2852 613 2899 1,
642 2852 707 2890 16.
