<?xml version="1.0" encoding="UTF-8"?>
<!DOCTYPE html PUBLIC "-//W3C//DTD XHTML 1.0 Transitional//EN"
    "http://www.w3.org/TR/xhtml1/DTD/xhtml1-transitional.dtd">
<html xmlns="http://www.w3.org/1999/xhtml" xml:lang="en" lang="en">
 <head>
  <title>
</title>
<meta http-equiv="Content-Type" content="text/html;charset=utf-8" />
  <meta name='ocr-system' content='tesseract 3.04.00' />
  <meta name='ocr-capabilities' content='ocr_page ocr_carea ocr_par ocr_line ocrx_word'/>
</head>
<body>
  <div class='ocr_page' id='page_1' title='image "./operaeusebius03euseuoft_0087.png"; bbox 0 0 1946 3158; ppageno 0'>
   <div class='ocr_carea' id='block_1_1' title="bbox 544 125 1714 178">
    <p class='ocr_par' dir='ltr' id='par_1_1' title="bbox 544 125 1714 178">
     <span class='ocr_line' id='line_1_1' title="bbox 544 125 1714 178; baseline 0.001 -12"><span class='ocrx_word' id='word_1_1' title='bbox 544 125 849 167; x_wconf 87' lang='lat' dir='ltr'><strong>DEMONST.</strong></span> <span class='ocrx_word' id='word_1_2' title='bbox 879 126 1097 168; x_wconf 80' lang='lat' dir='ltr'><strong>EVANG.</strong></span> <span class='ocrx_word' id='word_1_3' title='bbox 1126 127 1161 170; x_wconf 91' lang='grc' dir='ltr'><em>Ι.</em></span> <span class='ocrx_word' id='word_1_4' title='bbox 1197 129 1263 167; x_wconf 92' lang='grc'><em>10.</em></span> <span class='ocrx_word' id='word_1_5' title='bbox 1647 126 1714 178; x_wconf 81' lang='grc'><em>63</em></span> 
     </span>
    </p>
   </div>
   <div class='ocr_carea' id='block_1_2' title="bbox 10 239 1801 2682">
    <p class='ocr_par' dir='ltr' id='par_1_2' title="bbox 109 239 1713 570">
     <span class='ocr_line' id='line_1_2' title="bbox 110 239 1713 316; baseline 0 -17"><span class='ocrx_word' id='word_1_6' title='bbox 110 266 205 315; x_wconf 81' lang='grc' dir='ltr'><em>γος</em></span> <span class='ocrx_word' id='word_1_7' title='bbox 255 247 605 314; x_wconf 82' lang='grc' dir='ltr'><em>καθυφίησιν</em></span> <span class='ocrx_word' id='word_1_8' title='bbox 653 243 953 314; x_wconf 87' lang='grc' dir='ltr'><em>μονονουχὶ</em></span> <span class='ocrx_word' id='word_1_9' title='bbox 1005 242 1313 314; x_wconf 78' lang='grc' dir='ltr'><em>διαρρήδην</em></span> <span class='ocrx_word' id='word_1_10' title='bbox 1360 239 1568 299; x_wconf 75' lang='grc' dir='ltr'><em>ἅπασιν</em></span> <span class='ocrx_word' id='word_1_11' title='bbox 1620 267 1713 316; x_wconf 89' lang='grc' dir='ltr'><em>κη-</em></span> 
     </span>
     <span class='ocr_line' id='line_1_3' title="bbox 111 321 1712 400; baseline 0.001 -18"><span class='ocrx_word' id='word_1_12' title='bbox 111 325 347 400; x_wconf 82' lang='grc' dir='ltr'><em>ρύττων,</em></span> <span class='ocrx_word' id='word_1_13' title='bbox 379 323 462 382; x_wconf 89' lang='grc' dir='ltr'><em>ότι</em></span> <span class='ocrx_word' id='word_1_14' title='bbox 494 321 618 397; x_wconf 76' lang='grc' dir='ltr'><em>δὴ“</em></span> <span class='ocrx_word' id='word_1_15' title='bbox 633 333 809 397; x_wconf 90' lang='grc' dir='ltr'><em>τίμιος</em></span> <span class='ocrx_word' id='word_1_16' title='bbox 842 321 870 382; x_wconf 90' lang='grc' dir='ltr'>ὁ</span> <span class='ocrx_word' id='word_1_17' title='bbox 900 350 1072 399; x_wconf 90' lang='grc' dir='ltr'><em>γαμος</em></span> <span class='ocrx_word' id='word_1_18' title='bbox 1114 329 1207 383; x_wconf 85' lang='grc' dir='ltr'><em>καὶ</em></span> <span class='ocrx_word' id='word_1_19' title='bbox 1249 322 1282 398; x_wconf 86' lang='grc' dir='ltr'>ἡ</span> <span class='ocrx_word' id='word_1_20' title='bbox 1323 350 1477 399; x_wconf 87' lang='grc' dir='ltr'><em>κοιτη</em></span> <span class='ocrx_word' id='word_1_21' title='bbox 1518 323 1712 400; x_wconf 87' lang='grc' dir='ltr'><em>ἀμίαν-</em></span> 
     </span>
     <span class='ocr_line' id='line_1_4' title="bbox 110 408 1711 484; baseline 0 -16"><span class='ocrx_word' id='word_1_22' title='bbox 110 435 219 480; x_wconf 86' lang='grc' dir='ltr'><em>τος,</em></span> <span class='ocrx_word' id='word_1_23' title='bbox 251 434 492 480; x_wconf 87' lang='grc' dir='ltr'><em>πορνους</em></span> <span class='ocrx_word' id='word_1_24' title='bbox 526 412 586 467; x_wconf 79' lang='grc' dir='ltr'><em>δὲ</em></span> <span class='ocrx_word' id='word_1_25' title='bbox 617 413 709 466; x_wconf 86' lang='grc' dir='ltr'><em>καὶ</em></span> <span class='ocrx_word' id='word_1_26' title='bbox 742 410 965 484; x_wconf 80' lang='grc' dir='ltr'><em>μοιχοὺς</em></span> <span class='ocrx_word' id='word_1_27' title='bbox 996 426 1181 483; x_wconf 80' lang='grc' dir='ltr'><em>κρινεῖ</em></span> <span class='ocrx_word' id='word_1_28' title='bbox 1214 409 1243 467; x_wconf 86' lang='grc' dir='ltr'>ὁ</span> <span class='ocrx_word' id='word_1_29' title='bbox 1285 408 1466 477; x_wconf 84' lang='grc' dir='ltr'><em>θεός.”</em></span> <span class='ocrx_word' id='word_1_30' title='bbox 1538 416 1711 468; x_wconf 83' lang='grc' dir='ltr'><em>ταῦτα</em></span> 
     </span>
     <span class='ocr_line' id='line_1_5' title="bbox 109 491 1604 570; baseline 0 -18"><span class='ocrx_word' id='word_1_31' title='bbox 109 519 213 568; x_wconf 88' lang='grc' dir='ltr'><em>μεν</em></span> <span class='ocrx_word' id='word_1_32' title='bbox 242 495 349 551; x_wconf 82' lang='grc' dir='ltr'><em>οὐν</em></span> <span class='ocrx_word' id='word_1_33' title='bbox 381 501 458 561; x_wconf 80' lang='grc' dir='ltr'><em>εἰς</em></span> <span class='ocrx_word' id='word_1_34' title='bbox 487 492 590 565; x_wconf 82' lang='grc' dir='ltr'><em>τὴν</em></span> <span class='ocrx_word' id='word_1_35' title='bbox 620 494 846 566; x_wconf 90' lang='grc' dir='ltr'><em>πρώτην</em></span> <span class='ocrx_word' id='word_1_36' title='bbox 877 491 1010 567; x_wconf 80' lang='grc' dir='ltr'><em>ἡμῖν</em></span> <span class='ocrx_word' id='word_1_37' title='bbox 1043 494 1290 567; x_wconf 84' lang='grc' dir='ltr'><em>εἰρήσθω</em></span> <span class='ocrx_word' id='word_1_38' title='bbox 1321 494 1604 570; x_wconf 80' lang='grc' dir='ltr'><em>πρότασιν</em></span> 
     </span>
    </p>

    <p class='ocr_par' dir='ltr' id='par_1_3' title="bbox 24 578 1801 990">
     <span class='ocr_line' id='line_1_6' title="bbox 24 578 1801 666; baseline 0.001 -30"><span class='ocrx_word' id='word_1_39' title='bbox 24 591 38 627; x_wconf 69' lang='lat' dir='ltr'><em>c,</em></span> <span class='ocrx_word' id='word_1_40' title='bbox 65 603 86 636; x_wconf 83' lang='lat'><em>5</em></span> <span class='ocrx_word' id='word_1_41' title='bbox 237 591 294 639; x_wconf 89' lang='lat' dir='ltr'><em>X.</em></span> <span class='ocrx_word' id='word_1_42' title='bbox 342 581 485 651; x_wconf 86' lang='grc' dir='ltr'><em>Περὶ</em></span> <span class='ocrx_word' id='word_1_43' title='bbox 518 580 578 635; x_wconf 93' lang='grc' dir='ltr'><em>δε</em></span> <span class='ocrx_word' id='word_1_44' title='bbox 609 582 707 636; x_wconf 82' lang='grc' dir='ltr'><em>τοῦ</em></span> <span class='ocrx_word' id='word_1_45' title='bbox 736 578 810 651; x_wconf 79' lang='grc' dir='ltr'><em>μὴ</em></span> <span class='ocrx_word' id='word_1_46' title='bbox 842 587 1147 654; x_wconf 81' lang='grc' dir='ltr'><em>ζῳοθυτεῖν</em></span> <span class='ocrx_word' id='word_1_47' title='bbox 1176 579 1314 653; x_wconf 79' lang='grc' dir='ltr'><em>ἡμᾶς</em></span> <span class='ocrx_word' id='word_1_48' title='bbox 1336 583 1421 666; x_wconf 78' lang='grc' dir='ltr'><em>τῷ</em></span> <span class='ocrx_word' id='word_1_49' title='bbox 1455 582 1543 637; x_wconf 86' lang='grc' dir='ltr'><em>ἐπὶ</em></span> <span class='ocrx_word' id='word_1_50' title='bbox 1574 578 1708 636; x_wconf 83' lang='grc' dir='ltr'><em>πάν-</em></span> <span class='ocrx_word' id='word_1_51' title='bbox 1736 607 1801 647; x_wconf 86' lang='lat'>(34)</span> 
     </span>
     <span class='ocr_line' id='line_1_7' title="bbox 107 657 1710 739; baseline 0 -18"><span class='ocrx_word' id='word_1_52' title='bbox 107 688 220 721; x_wconf 89' lang='grc' dir='ltr'><em>των</em></span> <span class='ocrx_word' id='word_1_53' title='bbox 249 666 385 739; x_wconf 72' lang='grc' dir='ltr'><em>θεῷ,</em></span> <span class='ocrx_word' id='word_1_54' title='bbox 417 667 529 720; x_wconf 80' lang='grc' dir='ltr'><em>τών</em></span> <span class='ocrx_word' id='word_1_55' title='bbox 560 662 728 720; x_wconf 77' lang='grc' dir='ltr'><em>πάλαι</em></span> <span class='ocrx_word' id='word_1_56' title='bbox 753 668 1038 736; x_wconf 76' lang='grc' dir='ltr'><em>θεοφιλῶν</em></span> <span class='ocrx_word' id='word_1_57' title='bbox 1069 661 1293 738; x_wconf 79' lang='grc' dir='ltr'><em>ἀνδρῶν</em></span> <span class='ocrx_word' id='word_1_58' title='bbox 1315 657 1394 721; x_wconf 80' lang='grc' dir='ltr'><em>ὠν</em></span> <span class='ocrx_word' id='word_1_59' title='bbox 1428 663 1496 736; x_wconf 89' lang='grc' dir='ltr'><em>δὴ</em></span> <span class='ocrx_word' id='word_1_60' title='bbox 1526 689 1710 738; x_wconf 93' lang='grc' dir='ltr'><em>φαμεν</em></span> 
     </span>
     <span class='ocr_line' id='line_1_8' title="bbox 107 741 1707 852; baseline 0 -47"><span class='ocrx_word' id='word_1_61' title='bbox 107 748 244 805; x_wconf 78' lang='grc' dir='ltr'><em>κατὰ</em></span> <span class='ocrx_word' id='word_1_62' title='bbox 276 753 437 819; x_wconf 83' lang='grc' dir='ltr'><em>ζῆλον</em></span> <span class='ocrx_word' id='word_1_63' title='bbox 467 755 792 819; x_wconf 74' lang='grc' dir='ltr'><em>θεοσεβείας</em></span> <span class='ocrx_word' id='word_1_64' title='bbox 823 754 983 804; x_wconf 87' lang='grc' dir='ltr'><em>τοῦτο</em></span> <span class='ocrx_word' id='word_1_65' title='bbox 1016 747 1418 852; x_wconf 79' lang='grc' dir='ltr'><em>πεποιηκότων,</em></span> <span class='ocrx_word' id='word_1_66' title='bbox 1451 741 1610 816; x_wconf 81' lang='grc' dir='ltr'><em>οὗτος</em></span> <span class='ocrx_word' id='word_1_67' title='bbox 1655 752 1707 817; x_wconf 84' lang='grc' dir='ltr'><em>ἐξ</em></span> 
     </span>
     <span class='ocr_line' id='line_1_9' title="bbox 105 829 1800 907; baseline 0.003 -20"><span class='ocrx_word' id='word_1_68' title='bbox 105 832 263 907; x_wconf 75' lang='grc' dir='ltr'><em>ἡμῶν</em></span> <span class='ocrx_word' id='word_1_69' title='bbox 293 830 654 906; x_wconf 78' lang='grc' dir='ltr'><em>ἀποδοθείη</em></span> <span class='ocrx_word' id='word_1_70' title='bbox 633 831 703 889; x_wconf 83' lang='grc' dir='ltr'><em>οὶν</em></span> <span class='ocrx_word' id='word_1_71' title='bbox 732 831 761 889; x_wconf 90' lang='lat'><em>5</em></span> <span class='ocrx_word' id='word_1_72' title='bbox 794 831 970 905; x_wconf 89' lang='grc' dir='ltr'><em>λόγος.</em></span> <span class='ocrx_word' id='word_1_73' title='bbox 1018 832 1119 906; x_wconf 82' lang='grc' dir='ltr'><em>οὐχ</em></span> <span class='ocrx_word' id='word_1_74' title='bbox 1162 829 1234 900; x_wconf 82' lang='grc' dir='ltr'><em>ώς</em></span> <span class='ocrx_word' id='word_1_75' title='bbox 1284 832 1413 906; x_wconf 81' lang='grc' dir='ltr'><em>παρ’</em></span> <span class='ocrx_word' id='word_1_76' title='bbox 1445 830 1708 906; x_wconf 84' lang='grc' dir='ltr'><em>Ἑλλησιν</em></span> <span class='ocrx_word' id='word_1_77' title='bbox 1731 860 1800 903; x_wconf 80' lang='lat'>[24]</span> 
     </span>
     <span class='ocr_line' id='line_1_10' title="bbox 108 913 1756 990; baseline -0.001 -16"><span class='ocrx_word' id='word_1_78' title='bbox 108 922 380 990; x_wconf 80' lang='grc' dir='ltr'><em>ἐνομίζετο</em></span> <span class='ocrx_word' id='word_1_79' title='bbox 411 919 500 973; x_wconf 86' lang='grc' dir='ltr'><em>καὶ</em></span> <span class='ocrx_word' id='word_1_80' title='bbox 531 932 644 984; x_wconf 77' lang='grc' dir='ltr'><em>τοῖς</em></span> <span class='ocrx_word' id='word_1_81' title='bbox 668 913 941 990; x_wconf 83' lang='grc' dir='ltr'><em>Ἑβραίων</em></span> <span class='ocrx_word' id='word_1_82' title='bbox 973 923 1140 989; x_wconf 78' lang='grc' dir='ltr'><em>ἱεροῖς</em></span> <span class='ocrx_word' id='word_1_83' title='bbox 1180 917 1362 990; x_wconf 90' lang='grc' dir='ltr'><em>λόγοις</em></span> <span class='ocrx_word' id='word_1_84' title='bbox 1402 917 1574 975; x_wconf 77' lang='grc' dir='ltr'><em>ταύτὰ</em></span> <span class='ocrx_word' id='word_1_85' title='bbox 1615 924 1756 983; x_wconf 66' lang='grc' dir='ltr'><em>δο-ζι)</em></span> 
     </span>
    </p>

    <p class='ocr_par' dir='ltr' id='par_1_4' title="bbox 42 1000 1711 1413">
     <span class='ocr_line' id='line_1_11' title="bbox 42 1000 1711 1075; baseline 0 -16"><span class='ocrx_word' id='word_1_86' title='bbox 42 1026 84 1059; x_wconf 86' lang='lat'><em>10</em></span> <span class='ocrx_word' id='word_1_87' title='bbox 106 1016 196 1059; x_wconf 82' lang='grc' dir='ltr'><em>κεῖ</em></span> <span class='ocrx_word' id='word_1_88' title='bbox 233 1005 358 1072; x_wconf 89' lang='grc' dir='ltr'><em>περὶ</em></span> <span class='ocrx_word' id='word_1_89' title='bbox 388 1006 481 1075; x_wconf 82' lang='grc' dir='ltr'><em>τῆς</em></span> <span class='ocrx_word' id='word_1_90' title='bbox 513 1006 626 1059; x_wconf 80' lang='grc' dir='ltr'><em>τών</em></span> <span class='ocrx_word' id='word_1_91' title='bbox 657 1002 826 1058; x_wconf 78' lang='grc' dir='ltr'><em>πάλαι</em></span> <span class='ocrx_word' id='word_1_92' title='bbox 857 1005 949 1059; x_wconf 83' lang='grc' dir='ltr'><em>καὶ</em></span> <span class='ocrx_word' id='word_1_93' title='bbox 990 1000 1227 1072; x_wconf 90' lang='grc' dir='ltr'><em>πρώτων</em></span> <span class='ocrx_word' id='word_1_94' title='bbox 1267 1000 1494 1075; x_wconf 74' lang='grc' dir='ltr'><em>ἀνδρῶν</em></span> <span class='ocrx_word' id='word_1_95' title='bbox 1534 1013 1711 1075; x_wconf 85' lang='grc' dir='ltr'><em>θερα-</em></span> 
     </span>
     <span class='ocr_line' id='line_1_12' title="bbox 105 1084 1710 1160; baseline -0.001 -16"><span class='ocrx_word' id='word_1_96' title='bbox 105 1093 262 1152; x_wconf 88' lang='grc' dir='ltr'><em>πείας</em></span> <span class='ocrx_word' id='word_1_97' title='bbox 311 1090 409 1143; x_wconf 80' lang='grc' dir='ltr'><em>τοῦ</em></span> <span class='ocrx_word' id='word_1_98' title='bbox 459 1093 638 1143; x_wconf 89' lang='grc' dir='ltr'><em>θείου.</em></span> <span class='ocrx_word' id='word_1_99' title='bbox 703 1091 751 1142; x_wconf 79' lang='grc'><em>2.</em></span> <span class='ocrx_word' id='word_1_100' title='bbox 786 1091 845 1143; x_wconf 74' lang='lat' dir='ltr'><em>oc</em></span> <span class='ocrx_word' id='word_1_101' title='bbox 882 1087 985 1159; x_wconf 71' lang='grc' dir='ltr'><em>μὲν</em></span> <span class='ocrx_word' id='word_1_102' title='bbox 1019 1092 1234 1160; x_wconf 83' lang='grc' dir='ltr'><em>ἔφασαν</em></span> <span class='ocrx_word' id='word_1_103' title='bbox 1262 1084 1336 1159; x_wconf 80' lang='grc' dir='ltr'><em>μὴ</em></span> <span class='ocrx_word' id='word_1_104' title='bbox 1382 1086 1550 1143; x_wconf 82' lang='grc' dir='ltr'><em>θύειν</em></span> <span class='ocrx_word' id='word_1_105' title='bbox 1583 1085 1710 1153; x_wconf 80' lang='grc' dir='ltr'><em>τούς</em></span> 
     </span>
     <span class='ocr_line' id='line_1_13' title="bbox 101 1169 1711 1248; baseline -0.001 -20"><span class='ocrx_word' id='word_1_106' title='bbox 101 1173 401 1243; x_wconf 78' lang='grc' dir='ltr'><em>προτέρους</em></span> <span class='ocrx_word' id='word_1_107' title='bbox 453 1172 630 1243; x_wconf 72' lang='grc' dir='ltr'><em>μηδὲν</em></span> <span class='ocrx_word' id='word_1_108' title='bbox 683 1169 872 1228; x_wconf 83' lang='grc' dir='ltr'><em>ὁτιοῦν</em></span> <span class='ocrx_word' id='word_1_109' title='bbox 921 1175 1034 1228; x_wconf 79' lang='grc' dir='ltr'><em>τῶν</em></span> <span class='ocrx_word' id='word_1_110' title='bbox 1087 1170 1267 1248; x_wconf 76' lang='grc' dir='ltr'><em>ζώων,</em></span> <span class='ocrx_word' id='word_1_111' title='bbox 1310 1173 1451 1244; x_wconf 78' lang='grc' dir='ltr'><em>μηδὲ</em></span> <span class='ocrx_word' id='word_1_112' title='bbox 1485 1175 1711 1243; x_wconf 81' lang='grc' dir='ltr'><em>θυμιᾶν</em></span> 
     </span>
     <span class='ocr_line' id='line_1_14' title="bbox 103 1253 1711 1331; baseline 0.001 -19"><span class='ocrx_word' id='word_1_113' title='bbox 103 1271 218 1322; x_wconf 83' lang='grc' dir='ltr'><em>τοῖς</em></span> <span class='ocrx_word' id='word_1_114' title='bbox 262 1266 447 1325; x_wconf 84' lang='grc' dir='ltr'><em>θεοῖς,</em></span> <span class='ocrx_word' id='word_1_115' title='bbox 489 1253 612 1311; x_wconf 83' lang='grc' dir='ltr'><em>ἀλλ’</em></span> <span class='ocrx_word' id='word_1_116' title='bbox 657 1254 798 1331; x_wconf 79' lang='grc' dir='ltr'><em>ἡλίῳ</em></span> <span class='ocrx_word' id='word_1_117' title='bbox 847 1256 949 1329; x_wconf 74' lang='grc' dir='ltr'><em>μὲν</em></span> <span class='ocrx_word' id='word_1_118' title='bbox 990 1258 1082 1312; x_wconf 87' lang='grc' dir='ltr'><em>καὶ</em></span> <span class='ocrx_word' id='word_1_119' title='bbox 1131 1271 1244 1321; x_wconf 81' lang='grc' dir='ltr'><em>τοῖς</em></span> <span class='ocrx_word' id='word_1_120' title='bbox 1285 1253 1408 1312; x_wconf 82' lang='grc' dir='ltr'><em>κατ’</em></span> <span class='ocrx_word' id='word_1_121' title='bbox 1459 1254 1711 1327; x_wconf 74' lang='grc' dir='ltr'><em>οὐρανὸν</em></span> 
     </span>
     <span class='ocr_line' id='line_1_15' title="bbox 106 1337 1709 1413; baseline 0.001 -18"><span class='ocrx_word' id='word_1_122' title='bbox 106 1337 326 1410; x_wconf 73' lang='grc' dir='ltr'><em>ἄστροις</em></span> <span class='ocrx_word' id='word_1_123' title='bbox 367 1338 536 1411; x_wconf 82' lang='grc' dir='ltr'><em>χλόην</em></span> <span class='ocrx_word' id='word_1_124' title='bbox 570 1342 660 1396; x_wconf 84' lang='grc' dir='ltr'><em>καὶ</em></span> <span class='ocrx_word' id='word_1_125' title='bbox 704 1345 881 1397; x_wconf 74' lang='grc' dir='ltr'><em>οἱονεί</em></span> <span class='ocrx_word' id='word_1_126' title='bbox 905 1365 1030 1397; x_wconf 90' lang='grc' dir='ltr'><em>τινα</em></span> <span class='ocrx_word' id='word_1_127' title='bbox 1070 1344 1167 1412; x_wconf 84' lang='grc' dir='ltr'><em>τῆς</em></span> <span class='ocrx_word' id='word_1_128' title='bbox 1207 1347 1442 1413; x_wconf 91' lang='grc' dir='ltr'><em>γονίμου</em></span> <span class='ocrx_word' id='word_1_129' title='bbox 1484 1341 1709 1413; x_wconf 83' lang='grc' dir='ltr'><em>φύσεως</em></span> 
     </span>
    </p>

    <p class='ocr_par' dir='ltr' id='par_1_5' title="bbox 42 1423 1748 1837">
     <span class='ocr_line' id='line_1_16' title="bbox 42 1423 1708 1498; baseline 0.001 -19"><span class='ocrx_word' id='word_1_130' title='bbox 42 1447 83 1479; x_wconf 87' lang='lat'><em>15</em></span> <span class='ocrx_word' id='word_1_131' title='bbox 106 1428 278 1496; x_wconf 86' lang='grc' dir='ltr'><em>χνοῦν</em></span> <span class='ocrx_word' id='word_1_132' title='bbox 307 1439 426 1488; x_wconf 83' lang='grc' dir='ltr'><em>ταῖς</em></span> <span class='ocrx_word' id='word_1_133' title='bbox 458 1427 648 1495; x_wconf 82' lang='grc' dir='ltr'><em>χερσὶν</em></span> <span class='ocrx_word' id='word_1_134' title='bbox 678 1423 986 1496; x_wconf 81' lang='grc' dir='ltr'><em>ἀραμένους</em></span> <span class='ocrx_word' id='word_1_135' title='bbox 1011 1424 1156 1482; x_wconf 89' lang='grc' dir='ltr'><em>πόαν</em></span> <span class='ocrx_word' id='word_1_136' title='bbox 1186 1448 1245 1482; x_wconf 89' lang='grc' dir='ltr'><em>τε</em></span> <span class='ocrx_word' id='word_1_137' title='bbox 1275 1427 1367 1481; x_wconf 86' lang='grc' dir='ltr'><em>καὶ</em></span> <span class='ocrx_word' id='word_1_138' title='bbox 1399 1425 1587 1498; x_wconf 82' lang='grc' dir='ltr'><em>φύλλα</em></span> <span class='ocrx_word' id='word_1_139' title='bbox 1617 1427 1708 1482; x_wconf 85' lang='grc' dir='ltr'><em>καὶ</em></span> 
     </span>
     <span class='ocr_line' id='line_1_17' title="bbox 105 1508 1711 1582; baseline 0.002 -20"><span class='ocrx_word' id='word_1_140' title='bbox 105 1511 254 1580; x_wconf 80' lang='grc' dir='ltr'><em>ῥίζας</em></span> <span class='ocrx_word' id='word_1_141' title='bbox 285 1515 604 1565; x_wconf 86' lang='grc' dir='ltr'><em>κατακαίειν</em></span> <span class='ocrx_word' id='word_1_142' title='bbox 635 1516 796 1579; x_wconf 88' lang='grc' dir='ltr'><em>πυρί·</em></span> <span class='ocrx_word' id='word_1_143' title='bbox 838 1508 1026 1580; x_wconf 88' lang='grc' dir='ltr'><em>πόρρω</em></span> <span class='ocrx_word' id='word_1_144' title='bbox 1061 1510 1123 1565; x_wconf 75' lang='grc' dir='ltr'><em>δὲ</em></span> <span class='ocrx_word' id='word_1_145' title='bbox 1166 1517 1513 1582; x_wconf 89' lang='grc' dir='ltr'><em>παρανομίας</em></span> <span class='ocrx_word' id='word_1_146' title='bbox 1546 1508 1711 1566; x_wconf 79' lang='grc' dir='ltr'><em>ἐλαύ-</em></span> 
     </span>
     <span class='ocr_line' id='line_1_18' title="bbox 102 1591 1748 1665; baseline -0.002 -16"><span class='ocrx_word' id='word_1_147' title='bbox 102 1616 301 1658; x_wconf 86' lang='grc' dir='ltr'><em>νοντας</em></span> <span class='ocrx_word' id='word_1_148' title='bbox 342 1591 472 1656; x_wconf 79' lang='grc' dir='ltr'><em>τους</em></span> <span class='ocrx_word' id='word_1_149' title='bbox 514 1592 647 1664; x_wconf 77' lang='grc' dir='ltr'><em>μετὰ</em></span> <span class='ocrx_word' id='word_1_150' title='bbox 686 1598 861 1648; x_wconf 84' lang='grc' dir='ltr'><em>ταῦτα</em></span> <span class='ocrx_word' id='word_1_151' title='bbox 914 1591 1250 1664; x_wconf 74' lang='grc' dir='ltr'><em>ἀνθρώπους</em></span> <span class='ocrx_word' id='word_1_152' title='bbox 1304 1592 1530 1665; x_wconf 75' lang='grc' dir='ltr'><em>αἱμάξαι</em></span> <span class='ocrx_word' id='word_1_153' title='bbox 1578 1591 1748 1659; x_wconf 61' lang='lat' dir='ltr'><em>voi-ge</em></span> 
     </span>
     <span class='ocr_line' id='line_1_19' title="bbox 100 1675 1707 1751; baseline 0.001 -19"><span class='ocrx_word' id='word_1_154' title='bbox 100 1675 324 1749; x_wconf 75' lang='grc' dir='ltr'><em>βωμούς</em></span> <span class='ocrx_word' id='word_1_155' title='bbox 357 1676 510 1751; x_wconf 68' lang='grc' dir='ltr'><em>ζώων</em></span> <span class='ocrx_word' id='word_1_156' title='bbox 542 1691 800 1749; x_wconf 78' lang='grc' dir='ltr'><em>σφαγαῖς,</em></span> <span class='ocrx_word' id='word_1_157' title='bbox 837 1677 979 1733; x_wconf 83' lang='grc' dir='ltr'><em>εἶναι</em></span> <span class='ocrx_word' id='word_1_158' title='bbox 1019 1679 1079 1734; x_wconf 74' lang='grc' dir='ltr'><em>δὲ</em></span> <span class='ocrx_word' id='word_1_159' title='bbox 1104 1677 1313 1749; x_wconf 83' lang='grc' dir='ltr'><em>ταύτην</em></span> <span class='ocrx_word' id='word_1_160' title='bbox 1357 1675 1585 1735; x_wconf 84' lang='grc' dir='ltr'><em>ἀνόσιον</em></span> <span class='ocrx_word' id='word_1_161' title='bbox 1615 1679 1707 1734; x_wconf 82' lang='grc' dir='ltr'><em>καὶ</em></span> 
     </span>
     <span class='ocr_line' id='line_1_20' title="bbox 102 1759 1706 1837; baseline 0.001 -20"><span class='ocrx_word' id='word_1_162' title='bbox 102 1759 298 1818; x_wconf 73' lang='grc' dir='ltr'><em>ἄδικον</em></span> <span class='ocrx_word' id='word_1_163' title='bbox 341 1764 432 1817; x_wconf 82' lang='grc' dir='ltr'><em>καὶ</em></span> <span class='ocrx_word' id='word_1_164' title='bbox 467 1760 725 1833; x_wconf 71' lang='grc' dir='ltr'><em>οὐδαμοῖς</em></span> <span class='ocrx_word' id='word_1_165' title='bbox 756 1768 873 1837; x_wconf 76' lang='grc' dir='ltr'><em>θεῷ</em></span> <span class='ocrx_word' id='word_1_166' title='bbox 915 1769 1196 1833; x_wconf 80' lang='grc' dir='ltr'><em>προσφιλῆ</em></span> <span class='ocrx_word' id='word_1_167' title='bbox 1240 1769 1476 1819; x_wconf 86' lang='grc' dir='ltr'><em>θυσίαν·</em></span> <span class='ocrx_word' id='word_1_168' title='bbox 1530 1763 1706 1835; x_wconf 75' lang='grc' dir='ltr'><em>μηδὲν</em></span> 
     </span>
    </p>

    <p class='ocr_par' dir='ltr' id='par_1_6' title="bbox 10 1843 1707 2258">
     <span class='ocr_line' id='line_1_21' title="bbox 10 1843 1707 1919; baseline -0.001 -15"><span class='ocrx_word' id='word_1_169' title='bbox 10 1847 80 1904; x_wconf 51' lang='grc' dir='ltr'><em>’,ιο</em></span> <span class='ocrx_word' id='word_1_170' title='bbox 102 1849 206 1919; x_wconf 80' lang='grc' dir='ltr'><em>γὰρ</em></span> <span class='ocrx_word' id='word_1_171' title='bbox 237 1850 330 1917; x_wconf 85' lang='grc' dir='ltr'><em>τῆς</em></span> <span class='ocrx_word' id='word_1_172' title='bbox 362 1850 474 1902; x_wconf 81' lang='grc' dir='ltr'><em>τών</em></span> <span class='ocrx_word' id='word_1_173' title='bbox 503 1843 824 1918; x_wconf 84' lang='grc' dir='ltr'><em>ἀνθρώπων</em></span> <span class='ocrx_word' id='word_1_174' title='bbox 855 1850 1075 1918; x_wconf 80' lang='grc' dir='ltr'><em>λογικῆς</em></span> <span class='ocrx_word' id='word_1_175' title='bbox 1106 1852 1287 1919; x_wconf 80' lang='grc' dir='ltr'><em>ψυχῆς</em></span> <span class='ocrx_word' id='word_1_176' title='bbox 1319 1845 1419 1918; x_wconf 83' lang='grc' dir='ltr'><em>τὴν</em></span> <span class='ocrx_word' id='word_1_177' title='bbox 1448 1850 1559 1903; x_wconf 74' lang='grc' dir='ltr'><em>τῶν</em></span> <span class='ocrx_word' id='word_1_178' title='bbox 1583 1843 1707 1903; x_wconf 86' lang='grc' dir='ltr'><em>ἀλό-</em></span> 
     </span>
     <span class='ocr_line' id='line_1_22' title="bbox 99 1929 1707 2004; baseline 0.001 -17"><span class='ocrx_word' id='word_1_179' title='bbox 99 1955 217 2004; x_wconf 88' lang='grc' dir='ltr'><em>γων</em></span> <span class='ocrx_word' id='word_1_180' title='bbox 249 1934 562 2002; x_wconf 77' lang='grc' dir='ltr'><em>διαφέρειν·</em></span> <span class='ocrx_word' id='word_1_181' title='bbox 627 1929 711 1987; x_wconf 83' lang='grc' dir='ltr'><em>διὸ</em></span> <span class='ocrx_word' id='word_1_182' title='bbox 743 1933 834 1987; x_wconf 86' lang='grc' dir='ltr'><em>καὶ</em></span> <span class='ocrx_word' id='word_1_183' title='bbox 865 1930 1044 2002; x_wconf 90' lang='grc' dir='ltr'><em>φόνου</em></span> <span class='ocrx_word' id='word_1_184' title='bbox 1079 1937 1242 2003; x_wconf 86' lang='grc' dir='ltr'><em>δίκην</em></span> <span class='ocrx_word' id='word_1_185' title='bbox 1281 1929 1509 2004; x_wconf 83' lang='grc' dir='ltr'><em>ὑπέχειν</em></span> <span class='ocrx_word' id='word_1_186' title='bbox 1551 1929 1707 1998; x_wconf 71' lang='grc' dir='ltr'><em>ἄξιον</em></span> 
     </span>
     <span class='ocr_line' id='line_1_23' title="bbox 100 2014 1704 2116; baseline 0 -44"><span class='ocrx_word' id='word_1_187' title='bbox 100 2015 227 2080; x_wconf 82' lang='grc' dir='ltr'><em>τοὺς</em></span> <span class='ocrx_word' id='word_1_188' title='bbox 281 2019 701 2116; x_wconf 64' lang='grc' dir='ltr'><em>ζῳοθυτόῦντας</em></span> <span class='ocrx_word' id='word_1_189' title='bbox 761 2022 1033 2087; x_wconf 82' lang='grc' dir='ltr'><em>ἔφασκον,</em></span> <span class='ocrx_word' id='word_1_190' title='bbox 1096 2015 1170 2081; x_wconf 77' lang='grc' dir='ltr'><em>ὡς</em></span> <span class='ocrx_word' id='word_1_191' title='bbox 1229 2018 1326 2087; x_wconf 77' lang='grc' dir='ltr'><em>τῆς</em></span> <span class='ocrx_word' id='word_1_192' title='bbox 1385 2014 1555 2087; x_wconf 83' lang='grc' dir='ltr'><em>αὐτῆς</em></span> <span class='ocrx_word' id='word_1_193' title='bbox 1614 2017 1704 2072; x_wconf 85' lang='grc' dir='ltr'><em>καὶ</em></span> 
     </span>
     <span class='ocr_line' id='line_1_24' title="bbox 101 2096 1706 2176; baseline 0 -20"><span class='ocrx_word' id='word_1_194' title='bbox 101 2096 291 2173; x_wconf 83' lang='grc' dir='ltr'><em>ὁμοίας</em></span> <span class='ocrx_word' id='word_1_195' title='bbox 324 2109 384 2157; x_wconf 84' lang='grc' dir='ltr'><em>ἔν</em></span> <span class='ocrx_word' id='word_1_196' title='bbox 414 2123 472 2156; x_wconf 92' lang='grc' dir='ltr'><em>τε</em></span> <span class='ocrx_word' id='word_1_197' title='bbox 503 2097 789 2174; x_wconf 78' lang='grc' dir='ltr'><em>ἀνθρώπῳ</em></span> <span class='ocrx_word' id='word_1_198' title='bbox 822 2103 913 2156; x_wconf 87' lang='grc' dir='ltr'><em>καὶ</em></span> <span class='ocrx_word' id='word_1_199' title='bbox 961 2104 1022 2158; x_wconf 85' lang='grc' dir='ltr'><em>ἐν</em></span> <span class='ocrx_word' id='word_1_200' title='bbox 1050 2105 1126 2176; x_wconf 75' lang='grc' dir='ltr'><em>τῷ</em></span> <span class='ocrx_word' id='word_1_201' title='bbox 1158 2099 1340 2175; x_wconf 81' lang='grc' dir='ltr'><em>ἀλόγῳ</em></span> <span class='ocrx_word' id='word_1_202' title='bbox 1373 2099 1491 2176; x_wconf 85' lang='grc' dir='ltr'><em>ζώω</em></span> <span class='ocrx_word' id='word_1_203' title='bbox 1526 2104 1706 2173; x_wconf 84' lang='grc' dir='ltr'><em>ψυχῆς</em></span> 
     </span>
     <span class='ocr_line' id='line_1_25' title="bbox 103 2182 1707 2258; baseline -0.001 -17"><span class='ocrx_word' id='word_1_204' title='bbox 103 2183 534 2257; x_wconf 74' lang='grc' dir='ltr'><em>ἐνυπαρχούσης</em></span> <span class='ocrx_word' id='word_1_205' title='bbox 578 2189 625 2242; x_wconf 81' lang='lat'><em>3.</em></span> <span class='ocrx_word' id='word_1_206' title='bbox 661 2183 782 2241; x_wconf 85' lang='grc' dir='ltr'><em>ἀλλ’</em></span> <span class='ocrx_word' id='word_1_207' title='bbox 818 2183 847 2241; x_wconf 85' lang='lat'><em>5</em></span> <span class='ocrx_word' id='word_1_208' title='bbox 868 2209 970 2258; x_wconf 88' lang='grc' dir='ltr'><em>μεν</em></span> <span class='ocrx_word' id='word_1_209' title='bbox 999 2210 1113 2242; x_wconf 92' lang='grc' dir='ltr'><em>των</em></span> <span class='ocrx_word' id='word_1_210' title='bbox 1138 2182 1416 2255; x_wconf 82' lang='grc' dir='ltr'><em>Ελλήνων</em></span> <span class='ocrx_word' id='word_1_211' title='bbox 1437 2186 1563 2256; x_wconf 81' lang='grc' dir='ltr'><em>περὶ</em></span> <span class='ocrx_word' id='word_1_212' title='bbox 1594 2188 1707 2240; x_wconf 77' lang='grc' dir='ltr'><em>τῶν</em></span> 
     </span>
    </p>

    <p class='ocr_par' dir='ltr' id='par_1_7' title="bbox 38 2265 1751 2682">
     <span class='ocr_line' id='line_1_26' title="bbox 38 2265 1702 2342; baseline -0.002 -14"><span class='ocrx_word' id='word_1_213' title='bbox 38 2326 42 2328; x_wconf 73' lang='grc'><em>,</em></span> <span class='ocrx_word' id='word_1_214' title='bbox 102 2276 354 2327; x_wconf 78' lang='grc' dir='ltr'><em>παλαιῶν</em></span> <span class='ocrx_word' id='word_1_215' title='bbox 386 2270 545 2342; x_wconf 86' lang='grc' dir='ltr'><em>λόγος</em></span> <span class='ocrx_word' id='word_1_216' title='bbox 574 2269 791 2326; x_wconf 89' lang='grc' dir='ltr'><em>τοιόσδε</em></span> <span class='ocrx_word' id='word_1_217' title='bbox 821 2294 902 2335; x_wconf 87' lang='grc' dir='ltr'><em>τις</em></span> <span class='ocrx_word' id='word_1_218' title='bbox 933 2271 1026 2341; x_wconf 85' lang='grc' dir='ltr'><em>ἠν·</em></span> <span class='ocrx_word' id='word_1_219' title='bbox 1059 2269 1088 2327; x_wconf 87' lang='lat'><em>5</em></span> <span class='ocrx_word' id='word_1_220' title='bbox 1134 2274 1199 2326; x_wconf 84' lang='grc' dir='ltr'><em>δέ</em></span> <span class='ocrx_word' id='word_1_221' title='bbox 1224 2294 1286 2342; x_wconf 89' lang='grc' dir='ltr'><em>γε</em></span> <span class='ocrx_word' id='word_1_222' title='bbox 1316 2274 1411 2341; x_wconf 85' lang='grc' dir='ltr'><em>τῆς</em></span> <span class='ocrx_word' id='word_1_223' title='bbox 1436 2265 1702 2340; x_wconf 78' lang='grc' dir='ltr'><em>Εβραίων</em></span> 
     </span>
     <span class='ocr_line' id='line_1_27' title="bbox 100 2352 1704 2427; baseline -0.001 -17"><span class='ocrx_word' id='word_1_224' title='bbox 100 2359 320 2427; x_wconf 81' lang='grc' dir='ltr'><em>γραφῆς</em></span> <span class='ocrx_word' id='word_1_225' title='bbox 359 2379 426 2410; x_wconf 90' lang='grc' dir='ltr'><em>ου</em></span> <span class='ocrx_word' id='word_1_226' title='bbox 468 2358 730 2421; x_wconf 85' lang='grc' dir='ltr'><em>τοιοῦτος.</em></span> <span class='ocrx_word' id='word_1_227' title='bbox 799 2354 927 2419; x_wconf 81' lang='grc' dir='ltr'><em>τοὺς</em></span> <span class='ocrx_word' id='word_1_228' title='bbox 967 2353 1072 2427; x_wconf 78' lang='grc' dir='ltr'><em>γάρ</em></span> <span class='ocrx_word' id='word_1_229' title='bbox 1113 2379 1196 2411; x_wconf 92' lang='grc' dir='ltr'><em>τοι</em></span> <span class='ocrx_word' id='word_1_230' title='bbox 1237 2353 1488 2426; x_wconf 81' lang='grc' dir='ltr'><em>πρώτους</em></span> <span class='ocrx_word' id='word_1_231' title='bbox 1531 2352 1704 2417; x_wconf 78' lang='grc' dir='ltr'><em>εὐθὺς</em></span> 
     </span>
     <span class='ocr_line' id='line_1_28' title="bbox 101 2437 1704 2512; baseline -0.002 -17"><span class='ocrx_word' id='word_1_232' title='bbox 101 2446 431 2512; x_wconf 79' lang='grc' dir='ltr'><em>γενομένους</em></span> <span class='ocrx_word' id='word_1_233' title='bbox 463 2438 800 2510; x_wconf 75' lang='grc' dir='ltr'><em>ἀνθρώπους</em></span> <span class='ocrx_word' id='word_1_234' title='bbox 831 2437 942 2512; x_wconf 89' lang='grc' dir='ltr'><em>α’μα</em></span> <span class='ocrx_word' id='word_1_235' title='bbox 973 2443 1040 2512; x_wconf 82' lang='grc' dir='ltr'><em>τῇ</em></span> <span class='ocrx_word' id='word_1_236' title='bbox 1081 2438 1271 2512; x_wconf 79' lang='grc' dir='ltr'><em>πρώτῃ</em></span> <span class='ocrx_word' id='word_1_237' title='bbox 1305 2437 1566 2494; x_wconf 76' lang='grc' dir='ltr'><em>συστάσει</em></span> <span class='ocrx_word' id='word_1_238' title='bbox 1605 2440 1704 2492; x_wconf 88' lang='grc' dir='ltr'><em>τοῦ</em></span> 
     </span>
     <span class='ocr_line' id='line_1_29' title="bbox 101 2517 1751 2600; baseline -0.003 -20"><span class='ocrx_word' id='word_1_239' title='bbox 101 2530 230 2596; x_wconf 89' lang='grc' dir='ltr'><em>βίου</em></span> <span class='ocrx_word' id='word_1_240' title='bbox 260 2531 486 2589; x_wconf 88' lang='grc' dir='ltr'><em>θυσίαις</em></span> <span class='ocrx_word' id='word_1_241' title='bbox 517 2539 636 2591; x_wconf 80' lang='grc' dir='ltr'><em>ταῖς</em></span> <span class='ocrx_word' id='word_1_242' title='bbox 668 2523 774 2580; x_wconf 85' lang='grc' dir='ltr'><em>ἀπὸ</em></span> <span class='ocrx_word' id='word_1_243' title='bbox 808 2523 960 2600; x_wconf 79' lang='grc' dir='ltr'><em>ζςόων</em></span> <span class='ocrx_word' id='word_1_244' title='bbox 989 2527 1211 2596; x_wconf 84' lang='grc' dir='ltr'><em>τιμῆσαι</em></span> <span class='ocrx_word' id='word_1_245' title='bbox 1251 2517 1311 2579; x_wconf 77' lang='grc' dir='ltr'><em>τὸ</em></span> <span class='ocrx_word' id='word_1_246' title='bbox 1352 2533 1513 2579; x_wconf 86' lang='grc' dir='ltr'><em>θεῖον</em></span> <span class='ocrx_word' id='word_1_247' title='bbox 1558 2526 1703 2577; x_wconf 83' lang='grc' dir='ltr'><em>ιστο-</em></span> <span class='ocrx_word' id='word_1_248' title='bbox 1730 2543 1751 2575; x_wconf 86' lang='lat' dir='ltr'>d</span> 
     </span>
     <span class='ocr_line' id='line_1_30' title="bbox 102 2603 1704 2682; baseline -0.003 -17"><span class='ocrx_word' id='word_1_249' title='bbox 102 2622 201 2678; x_wconf 83' lang='grc' dir='ltr'><em>ρεϊ.</em></span> <span class='ocrx_word' id='word_1_250' title='bbox 243 2612 291 2664; x_wconf 83' lang='grc'><em>4.</em></span> <span class='ocrx_word' id='word_1_251' title='bbox 327 2611 469 2677; x_wconf 85' lang='grc' dir='ltr'><em>λέγει</em></span> <span class='ocrx_word' id='word_1_252' title='bbox 504 2608 556 2665; x_wconf 89' lang='grc' dir='ltr'><em>δ’</em></span> <span class='ocrx_word' id='word_1_253' title='bbox 593 2606 734 2666; x_wconf 85' lang='grc' dir='ltr'><em>οὐν</em></span> <span class='ocrx_word' id='word_1_254' title='bbox 739 2605 862 2665; x_wconf 62' lang='grc' dir='ltr'><em>εκαὶ</em></span> <span class='ocrx_word' id='word_1_255' title='bbox 889 2611 1101 2682; x_wconf 79' lang='grc' dir='ltr'><em>ἐγένετο</em></span> <span class='ocrx_word' id='word_1_256' title='bbox 1122 2606 1251 2681; x_wconf 89' lang='grc' dir='ltr'><em>μεθ’</em></span> <span class='ocrx_word' id='word_1_257' title='bbox 1279 2607 1484 2679; x_wconf 81' lang='grc' dir='ltr'><em>ἡμέρας</em></span> <span class='ocrx_word' id='word_1_258' title='bbox 1505 2603 1704 2677; x_wconf 79' lang='grc' dir='ltr'><em>ἤνεγκε</em></span> 
     </span>
    </p>
   </div>
   <div class='ocr_carea' id='block_1_3' title="bbox 100 2746 435 2753">
    <p class='ocr_par' dir='ltr' id='par_1_8' title="bbox 100 2746 435 2753">
     <span class='ocr_line' id='line_1_31' title="bbox 100 2746 435 2753; baseline 0 405"><span class='ocrx_word' id='word_1_259' title='bbox 100 2746 435 2753; x_wconf 95' lang='lat' dir='ltr'><em> </em></span> 
     </span>
    </p>
   </div>
   <div class='ocr_carea' id='block_1_4' title="bbox 31 2827 1701 2941">
    <p class='ocr_par' dir='ltr' id='par_1_9' title="bbox 31 2827 1701 2941">
     <span class='ocr_line' id='line_1_32' title="bbox 31 2827 1701 2883; baseline -0.002 -12"><span class='ocrx_word' id='word_1_260' title='bbox 31 2878 34 2879; x_wconf 19' lang='lat'><em>⁷</em></span> <span class='ocrx_word' id='word_1_261' title='bbox 213 2833 237 2870; x_wconf 82' lang='lat'><strong>2</strong></span> <span class='ocrx_word' id='word_1_262' title='bbox 272 2832 410 2872; x_wconf 87' lang='lat' dir='ltr'>Hebr.</span> <span class='ocrx_word' id='word_1_263' title='bbox 448 2834 513 2876; x_wconf 84' lang='lat'><em>13,</em></span> <span class='ocrx_word' id='word_1_264' title='bbox 547 2833 588 2871; x_wconf 88' lang='grc'><em>4.</em></span> <span class='ocrx_word' id='word_1_265' title='bbox 777 2850 783 2854; x_wconf 91' lang='grc'><strong>-</strong></span> <span class='ocrx_word' id='word_1_266' title='bbox 823 2833 868 2870; x_wconf 94' lang='grc'><em>11</em></span> <span class='ocrx_word' id='word_1_267' title='bbox 911 2829 1132 2883; x_wconf 87' lang='lat' dir='ltr'>Porphyr.</span> <span class='ocrx_word' id='word_1_268' title='bbox 1179 2843 1250 2882; x_wconf 88' lang='lat' dir='ltr'><em>ap.</em></span> <span class='ocrx_word' id='word_1_269' title='bbox 1289 2828 1461 2869; x_wconf 82' lang='lat' dir='ltr'><strong>Euseb.</strong></span> <span class='ocrx_word' id='word_1_270' title='bbox 1502 2829 1576 2871; x_wconf 84' lang='lat' dir='ltr'><em>Pr.</em></span> <span class='ocrx_word' id='word_1_271' title='bbox 1617 2827 1701 2868; x_wconf 85' lang='lat' dir='ltr'><em>Ev.</em></span> 
     </span>
     <span class='ocr_line' id='line_1_33' title="bbox 100 2887 822 2941; baseline 0.003 -14"><span class='ocrx_word' id='word_1_272' title='bbox 100 2900 141 2940; x_wconf 91' lang='lat' dir='ltr'><em>p.</em></span> <span class='ocrx_word' id='word_1_273' title='bbox 174 2889 228 2928; x_wconf 83' lang='lat'><em>28</em></span> <span class='ocrx_word' id='word_1_274' title='bbox 261 2888 302 2927; x_wconf 85' lang='lat' dir='ltr'><em>d.</em></span> <span class='ocrx_word' id='word_1_275' title='bbox 477 2890 530 2928; x_wconf 79' lang='lat'><em>29</em></span> <span class='ocrx_word' id='word_1_276' title='bbox 561 2887 675 2933; x_wconf 80' lang='lat' dir='ltr'>Gen,</span> <span class='ocrx_word' id='word_1_277' title='bbox 707 2889 750 2941; x_wconf 87' lang='lat'><em>4,</em></span> <span class='ocrx_word' id='word_1_278' title='bbox 783 2890 822 2929; x_wconf 90' lang='lat'><em>3.</em></span> 
     </span>
    </p>
   </div>
  </div>
 </body>
</html>
