1946 3158
618 99 922 142 DEMONST.
956 99 1178 144 EVANG.
1212 100 1246 141 I.
1279 103 1317 141 6.
1701 99 1770 152 43

159 220 360 292 χειρῶν
389 215 578 291 ὑμῶν,
614 215 755 274 διότι
785 214 880 273 ἀπ’
917 214 1204 275 ἀνατολῶν
1234 218 1325 273 καὶ
1348 218 1506 290 μέχρι
1540 221 1771 289 δυσμῶν

160 303 220 360 τὸ
250 301 423 375 ὄνομά
446 326 553 374 μου
580 300 901 370 δεδόξασται
928 305 987 359 ἐν
1011 316 1124 368 τοῖς
1156 308 1368 372 ἔθνεσι,
1401 303 1492 357 καὶ
1518 305 1578 358 ἐν
1603 304 1769 358 παντὶ

162 386 311 464 τόπῳ
333 394 589 460 θυμίαμα
612 386 948 461 προσάγεται
978 389 1053 463 τῶ
1072 384 1307 459 ὀνόματί
1335 410 1444 459 μου
1476 388 1568 443 καὶ
1591 394 1769 443 θυσία

160 470 437 545 καθαρά.”

114 581 138 613 5
286 561 369 615 44.
414 554 485 613 Τὸ
515 555 620 629 γὰρ
662 559 723 613 ἐν
762 558 926 613 παντὶ
966 554 1115 632 τόπῳ
1147 562 1404 628 θυμίαμα
1428 557 1527 634 ’καὶ
1556 560 1769 612 θυσίαν

159 639 544 715 ἀναφέρεσθαι
584 644 703 717 θεῳ
742 646 798 697 τί
835 643 1022 713 ε’τερον
1062 646 1395 713 παρίστησιν
1426 637 1458 712 ἢ
1489 638 1571 696 ὅτι
1601 639 1675 713 μὴ
1710 644 1769 697 ἐν

149 725 578 812 Ἱεροσολύμοις,
622 723 750 798 μηδ’
788 721 1191 800 ἀφωρισμένως
1224 729 1284 782 ἐν
1315 728 1458 802 τῶδε
1488 729 1563 801 τῷ
1595 724 1767 802 τόπῳ,

160 816 220 868 ἐν
250 810 398 886 πάσῃ
442 811 503 868 δε
542 808 694 886 χώρα
734 812 826 867 καὶ
869 814 928 867 ἐν
969 813 1102 867 πᾶσι
1142 823 1253 875 τοις
1286 817 1477 867 ἔθνεσι
1506 812 1770 883 μέλλουσι

157 894 217 953 τὸ
250 893 330 953 δι’
367 894 548 969 εὐχῶν
577 902 835 968 θυμίαμα
863 897 954 951 καὶ
986 894 1087 967 τὴν
1118 893 1185 951 οὐ
1218 892 1292 951 δι’
1329 894 1596 967 αἱμάτων,
1629 893 1769 952 ἀλλὰ

93 1004 136 1036 10
160 978 240 1038 δι’
275 987 454 1053 ἔργων
481 977 729 1052 εὐσεβῶν
753 979 1010 1053 καθαρὰν
1036 978 1436 1052 ὠνομασμένην
1458 986 1670 1037 θυσίαν
1692 983 1767 1056 τῶ

159 1069 248 1123 ε’πὶ
278 1069 448 1123 πᾶσιν
478 1064 782 1138 ἀναφέρειν
812 1069 954 1142 θεῶ;
985 1068 1070 1122 45.
1104 1069 1209 1139 βοᾷ
1243 1065 1303 1120 δὲ
1336 1063 1646 1137 διαρρήδην
1676 1067 1768 1121 καὶ

157 1153 425 1225 κέκραγεν
463 1149 492 1207 ὁ
516 1146 741 1216 Ἡσαΐας
781 1156 1065 1219 θεσπίζων
1104 1146 1215 1223 ἅμα
1255 1151 1347 1206 καὶ
1378 1153 1556 1221 λέγων
1578 1146 1769 1206 ((ἔσται

155 1233 560 1310 θυσιαστήριον
588 1239 664 1311 τῷ
697 1241 872 1310 κυρίῳ
907 1238 967 1291 ἐν
997 1233 1148 1310 χώρα
1163 1233 1471 1307 Αἰγύπτου,
1505 1236 1597 1290 καὶ
1621 1259 1769 1306 γνω-

157 1318 283 1387 στὸς
315 1327 465 1378 ἔσται
495 1318 683 1392 κύριος
712 1333 824 1386 τοῖς
848 1326 1196 1392 Αἰγυπτίοις,
1230 1322 1322 1376 καὶ
1342 1317 1636 1376 ἀποστελεῖ
1665 1316 1770 1375 αύ-

93 1429 136 1461 15
158 1417 270 1471 τοῖς
312 1402 618 1477 ἄνθρωπον
655 1401 715 1470 ὃς
755 1403 926 1461 σώσει
966 1401 1196 1476 αὐτούς,
1237 1406 1329 1461 καὶ
1360 1402 1671 1476 γνώσονται
1715 1409 1772 1461 οἱ

158 1487 455 1561 Αἰγύπτιοι
485 1486 582 1545 τὸν
612 1487 807 1561 κύριον
839 1493 899 1545 ἐν
930 1491 998 1562 τῇ
1029 1487 1205 1563 ἡμέρᾳ
1239 1492 1450 1562 ἐκείνῃ,
1483 1491 1577 1546 καὶ
1607 1487 1768 1561 ποιή-

156 1591 354 1631 σουσιν
393 1579 626 1645 θυσιάς,
678 1574 770 1630 καὶ
815 1570 1061 1640 εὔξονται
1106 1571 1268 1645 εὐχάς
1307 1576 1386 1649 τῷ
1426 1580 1631 1649 κυρίῳ,
1674 1575 1768 1629 καὶ

154 1654 574 1729 ἀποδώσουσιν,
607 1660 700 1714 καὶ
733 1657 1239 1730 ἐπιστραφήσονται
1269 1655 1405 1729 πρὸς
1429 1655 1642 1731 κύριον,
1675 1659 1766 1716 καὶ

155 1743 537 1800 εἰσακούσεται
569 1740 757 1799 αὐτῶν
769 1786 784 1814 ,
817 1743 908 1798 καὶ
942 1740 1152 1799 ἰάσεται
1184 1740 1441 1807 αὐτούς.”

88 1852 131 1885 20
281 1832 366 1885 46.
399 1819 536 1899 ῗΑρά
578 1847 666 1885 σοι
709 1829 984 1899 δοκοῦμεν
1022 1825 1208 1899 ἀληθῆ
1250 1829 1433 1899 λέγειν
1462 1825 1766 1899 μετάθεσιν

152 1916 252 1970 τοῦ
293 1915 546 1979 Μωσέως
596 1910 799 1984 νόμου,
848 1917 1059 1984 μᾶλλον
1103 1912 1165 1968 δὲ
1206 1916 1428 1969 παῦλαν
1470 1914 1562 1968 καὶ
1602 1909 1767 1968 λύσιν

152 1995 459 2069 φάσκοντες
492 1996 583 2054 διὰ
613 2000 725 2054 τῶν
755 2000 1116 2070 προφητικῶν
1135 2003 1345 2069 φωνῶν
1365 2002 1765 2065 θεσπίζεσθαι;

153 2086 238 2141 47.
272 2081 300 2139 ὅ
331 2084 433 2154 μέν
472 2107 534 2154 γε
565 2087 777 2154 Μωσῆς
817 2080 1222 2153 θυσιαστήριον
1261 2083 1353 2138 καὶ
1392 2087 1597 2147 θυσίας
1636 2079 1760 2138 οὐδ’

153 2165 426 2240 ἀλλαχόσε
456 2169 556 2238 γῆς
598 2162 632 2238 ἢ
674 2170 733 2223 ἐν
773 2165 915 2241 μόνῃ
947 2170 1014 2240 τῇ
1036 2165 1307 2242 Ἰουδαία,
1348 2168 1440 2223 καὶ
1472 2165 1673 2237 ταύτης
1707 2168 1766 2222 ἐν

89 2274 132 2307 25
155 2255 252 2327 μιᾷ
283 2250 437 2308 πόλει
480 2249 866 2323 συστήσασθαι
905 2262 1228 2324 νομοθετεῖ·
1286 2247 1318 2323 ἡ
1361 2251 1424 2308 δὲ
1454 2258 1765 2324 προφητεία

156 2341 216 2393 ἐν
256 2335 408 2412 χώρᾳ
451 2338 627 2408 φησὶν
668 2334 957 2408 Αἰγύπτου
1008 2339 1086 2412 τῷ
1135 2344 1310 2411 κυρίῳ
1360 2333 1766 2407 θυσιαστήριον

154 2419 596 2493 ίδρυθήσεσθαι,
630 2422 721 2478 καὶ
751 2418 878 2487 τούς
891 2427 1234 2493 Αἰγυπτίους
1260 2417 1462 2486 αὐτοὺς
1481 2423 1559 2495 τῷ
1587 2424 1764 2496 κυρίῳ

153 2509 266 2562 τῶν
289 2510 610 2580 προφητῶν,
635 2502 758 2562 ἀλλ’
791 2504 976 2563 οὐκέτι
997 2519 1110 2572 τοῖς
1141 2504 1414 2582 πατρῴοις
1443 2515 1598 2570 θεοῖς
1630 2511 1765 2560 καλ-

155 2589 432 2662 λιερήσειν
462 2589 556 2658 τὰς
586 2598 791 2657 θυσίας
809 2635 824 2662 ,
856 2592 947 2647 καὶ
972 2594 1068 2662 τῆς
1091 2595 1438 2663 θεογνωσίας
1460 2587 1527 2646 οὐ
1554 2588 1766 2644 Μωσέα

89 2697 132 2729 30
156 2684 334 2731 αἴτιον
363 2673 482 2733 οὐδ’
520 2679 710 2749 ἕτερον
730 2681 842 2732 τῶν
863 2678 1165 2748 προφητῶν
1185 2671 1372 2740 αὐτοῖς
1403 2672 1762 2746 γενήσεσθαι,

270 2870 321 2908 12
353 2870 441 2909 Ies.
466 2870 532 2919 19,
558 2872 623 2912 19.

1794 1419 1816 1451 d
1882 1432 1886 1433 ff
