1992 3186
517 142 825 185 DEMONST.
856 142 1078 185 EVANG.
1108 144 1188 184 VI.
1223 145 1294 189 122
1325 144 1392 183 13.
1668 141 1769 193 367

861 255 891 277 ’2

160 257 259 315 τὸν
291 262 468 315 αἰῶνα
496 260 598 315 τοῦ
627 261 853 324 αἰῶνος·
967 260 1056 330 ἐφ’
1103 253 1169 316 ὃν
1209 253 1360 334 αὐτῷ
1388 252 1416 314 ὅ
1447 255 1654 332 πατὴρ,
1698 255 1771 323 ῶς

159 338 230 400 ἂν
258 346 364 418 υίςό
394 356 711 415 μονογενεῖ,
755 344 1090 411 καθέζεσθαι
1129 339 1567 417 παρεκελεύσατο
1599 339 1771 398 εἰπών

149 422 371 485 “κάθου
413 429 473 484 ἐκ
515 429 712 494 δεξιῶν
751 423 910 500 μου.”
993 432 1040 483 3.
1073 430 1246 484 ταῦτα
1283 423 1389 498 γὰρ
1432 428 1622 499 σαφῶς
1661 424 1769 498 ἤδη

157 509 427 586 πρότερον
452 513 540 568 ἐπὶ
562 509 734 584 μόνον
755 509 1137 585 ἀναφέρεσθαι
1147 510 1244 568 τὸν
1264 508 1530 584 ἡμέτερον
1550 513 1770 585 σωτῆρα
1792 543 1811 565 e

115 621 134 652 5
158 595 255 653 τὸν
283 592 422 653 θεὸν
463 593 629 668 λόγον
671 595 1116 669 παρεστήσαμεν’
1173 593 1342 652 αὐτὸν
1383 594 1451 667 δὴ
1500 586 1603 652 οῦν
1638 598 1771 652 τοῦ-

157 703 254 737 τον
292 675 320 736 ὅ
367 677 562 753 παρῶν
602 686 851 749 θεσπίζει
893 679 1051 752 λόγος
1104 678 1506 754 ἐκπορεύεσθαι
1559 683 1618 736 ἐκ
1668 682 1769 737 τοῦ
1793 703 1879 748 [168]

155 762 329 822 τόπου
360 761 562 835 αὐτοῦ,
602 763 1023 837 καταβήσεσθαί
1058 788 1116 821 τε
1148 766 1237 821 ἐπὶ
1267 789 1333 821 τα
1362 761 1479 837 ῦψη
1509 767 1605 838 τῆς
1650 767 1765 837 γῆς.

157 852 204 906 4.
239 862 370 905 ποῖα
411 845 472 904 δ’
515 873 585 906 αν
629 859 712 921 εἴη
756 852 958 921 ταῦτα,
1000 845 1033 920 ἢ
1075 853 1252 923 ρητῶς
1292 872 1394 920 μεν
1431 847 1498 905 τὰ
1537 847 1637 921 ὅρη
1668 852 1769 906 τοῦ

149 930 370 1005 Ἰσραὴλ
422 934 514 988 καὶ
556 937 614 989 οι
650 934 877 1005 βουνοὶ,
922 934 1050 1006 περὶ
1088 925 1167 989 ῶν
1206 938 1400 1006 μυρίαι
1438 947 1769 1006 προφητεῖαι

93 1042 133 1074 10
154 1022 544 1088 θεσπίζουσιν,
577 1014 720 1089 αὐτή
749 1040 809 1073 τε
830 1015 1205 1090 Ιερουσαλὴμ,
1238 1018 1331 1073 καὶ
1353 1014 1413 1074 τὸ
1437 1015 1593 1074 Σιῶν
1621 1015 1766 1092 ὅρος,

157 1103 216 1157 ἐν
256 1101 298 1157 ῶ
340 1125 436 1166 τας
477 1107 735 1166 πλείστας
785 1104 1019 1158 ἐποιεῖτο
1063 1098 1349 1174 διατριβας
1390 1101 1417 1158 ὁ
1461 1100 1643 1174 σωτὴρ
1675 1104 1767 1158 καὶ

153 1182 342 1258 κύριος
372 1180 554 1257 ἡμῶν;
585 1184 799 1243 τούτων
825 1187 885 1242 δε
912 1184 1233 1259 διαφθοραν
1258 1191 1485 1242 ἔσεσθαι
1503 1187 1594 1242 καὶ
1619 1181 1766 1241 απῶ-
1790 1209 1812 1241 d

155 1277 310 1325 λειαν
341 1270 431 1326 ἐπὶ
461 1272 530 1343 τῇ
559 1275 660 1326 τοῦ
678 1272 921 1345 Χριστοῦ
944 1270 1173 1347 καθόδῳ
1197 1275 1464 1339 θεσπίζει.
1519 1272 1612 1326 καὶ
1637 1268 1767 1343 πρό-

157 1358 328 1447 δηλον
359 1351 432 1418 ῶς
461 1352 596 1425 μετα
625 1352 726 1426 τὴν
755 1358 854 1411 τοῦ
878 1360 1123 1428 σωτῆρος
1146 1349 1307 1428 ἡμῶν
1330 1362 1645 1428 παρουσίαν
1675 1356 1767 1410 καὶ

91 1462 131 1494 15
154 1461 220 1493 τα
262 1433 381 1493 κατ’
425 1435 600 1494 αὐτοῦ
640 1439 1013 1511 τετολμημένα
1055 1463 1122 1495 τα
1174 1440 1546 1545 προειρημένα
1587 1462 1767 1495 παντα

153 1519 580 1623 πεπολιόρκηται
631 1524 724 1578 καὶ
779 1528 858 1588 εἰς
911 1521 1142 1595 έσχατην
1179 1525 1423 1623 ἐρημίαν
1472 1521 1760 1595 ἐλήλυθεν.

153 1611 201 1662 3.
236 1603 302 1662 οὐ
333 1604 444 1678 μὴν
474 1603 612 1662 ἄλλα
635 1609 727 1663 καὶ
750 1611 808 1664 οἱ
819 1629 1079 1714 αρχοντες
1102 1611 1201 1663 τοῦ
1228 1602 1516 1663 Ἰουδαίων
1541 1611 1764 1679 ἔθνους,

152 1686 187 1760 ἦ
217 1712 276 1746 τε
306 1687 435 1762 παρ’
473 1688 659 1757 αὐτοις
689 1689 749 1747 τὸ
780 1693 917 1764 πρὶν
947 1692 1270 1747 συνεστῶσα
1299 1696 1576 1761 βασιλεία,
1611 1695 1764 1763 ιερω-

153 1771 296 1846 σύνη
335 1797 393 1831 τε
435 1777 527 1830 καὶ
569 1774 920 1832 διδασκάλων
951 1780 1248 1849 προεδρία,
1290 1772 1392 1848 ὅρη
1436 1780 1543 1832 νῦν
1574 1797 1765 1848 τροπι-

89 1882 131 1914 20
154 1862 262 1924 κῶς
301 1855 704 1931 ὀνομαζόμενα,
757 1858 1214 1932 σαλευθήσεσθαι
1264 1861 1518 1931 λέγονται
1559 1861 1646 1915 ἐπὶ
1697 1862 1763 1931 τῇ

151 1945 252 1999 τοῦ
281 1949 480 2016 κυρίου
512 1945 564 2010 ἐξ,
597 1940 858 2017 οὐρανῶν
881 1950 1176 2019 παρουσία.
1225 1945 1500 2000 καὶτοῦτο
1533 1944 1593 1999 δὲ
1616 1941 1763 2009 ὅπως

151 2028 342 2093 τέλους
374 2034 532 2100 ἔτυχε
570 2033 653 2093 τίς
684 2025 790 2085 οῦκ
830 2024 900 2085 ἂν
938 2027 1294 2101 ὁμολογήσειε
1334 2025 1468 2100 μετα
1507 2025 1635 2093 τοὺς
1666 2032 1764 2083 τοῦ

153 2115 398 2186 σωτῆρος
427 2107 586 2185 ἡμῶν
610 2108 786 2185 Ἰησοῦ
811 2118 1052 2186 Χριστοῦ
1082 2111 1315 2186 χρόνους
1334 2156 1349 2184 ,
1381 2108 1544 2168 πάντ’
1582 2114 1764 2169 ἐκεῖνα

151 2200 390 2270 θεωρῶν
431 2193 496 2253 οὐ
537 2194 710 2268 μόνον
753 2198 1129 2268 σαλευθέντα,
1175 2193 1314 2253 ἀλλὰ
1365 2198 1458 2253 καὶ
1512 2195 1764 2252 ἐκποδῶν

89 2302 129 2336 25
151 2283 520 2354 γεγενημένα;
568 2280 818 2348 κοιλάδες
861 2282 921 2338 δὲ
963 2283 1131 2339 εἰσέτι
1172 2287 1280 2338 νῦν
1323 2277 1618 2353 τηκόμεναι
1652 2280 1765 2337 εἶεν

151 2361 221 2422 ἂν
251 2370 313 2421 αἱ
338 2363 461 2422 ἀντὶ
492 2368 587 2436 τῆς
613 2361 968 2439 Ἰερουσαλὴμ
999 2369 1091 2422 καὶ
1120 2371 1220 2422 τοῦ
1251 2364 1408 2422 Σιῶν
1430 2363 1595 2438 ὅρους
1626 2362 1763 2420 κατὰ

152 2454 338 2506 πᾶσαν
367 2448 529 2506 πόλιν
560 2456 906 2507 συνεστῶσαι
931 2448 1116 2507 αὐτῶν
1139 2451 1481 2522 συναγωγαὶ,
1514 2447 1759 2521 ἀποθρη-
1786 2471 1871 2511 (272)

153 2537 350 2588 νοῦσαι
380 2537 471 2590 καὶ
502 2530 935 2608 οἷποκλαιόμεναι
967 2537 1059 2591 καὶ
1091 2531 1163 2600 ῶς
1205 2533 1372 2605 κηρὸς
1403 2530 1509 2588 ἀπὸ
1541 2530 1762 2602 προσῶ-

154 2639 263 2672 που
294 2616 467 2689 πυρὸς
505 2617 800 2691 τηκόμεναι
843 2619 934 2675 διὰ
965 2618 1148 2689 λύπην
1179 2620 1271 2674 καὶ
1311 2619 1557 2681 πένθους
1587 2611 1762 2688 ὑπερ-

90 2724 130 2755 30
155 2697 359 2772 βολήν,
401 2707 495 2772 τῆς
533 2723 592 2756 τε
631 2709 743 2760 τῶν
773 2709 995 2760 οἰκείων
1028 2706 1252 2775 ἐρημίας
1294 2702 1386 2756 καὶ
1426 2704 1520 2772 τῆς
1550 2705 1759 2772 μακρᾶς

155 2786 247 2840 καὶ
278 2789 577 2850 πολυετοῦς
605 2790 857 2852 δουλείας
883 2791 1084 2844 ἕνεκεν.
1141 2791 1187 2842 6.
1221 2787 1312 2841 καὶ
1335 2782 1513 2850 ἄλλως
1541 2785 1600 2840 δὲ
1624 2785 1761 2841 κατὰ

157 2866 411 2925 διάνοιαν
450 2867 483 2940 ἡ
524 2875 622 2925 τοῦ
667 2869 834 2942 λόγου
878 2877 975 2928 τοῦ
1016 2875 1178 2927 θείου
1223 2871 1503 2940 ἐπίβασις,
1555 2867 1658 2925 οὐκ
1701 2871 1759 2924 ἐν
