1946 3158
547 123 854 163 DEMONST.
890 121 1111 162 EVANG.
1144 123 1179 162 I.
1212 125 1250 164 3.
1648 121 1711 172 17

105 241 284 312 λέγων
306 237 438 295 “καὶ
469 244 622 296 ἔσται
661 237 690 294 6
721 236 884 305 τόπος
922 235 989 294 ὃν
1020 237 1116 294 ἐὰν
1149 239 1426 308 ἐκλέξηται
1457 236 1644 309 κύριος
1683 237 1711 294 ὁ

102 325 239 389 θεὸς
268 320 457 396 ὑμῶν,
500 325 560 379 ἐν
600 320 754 398 αὐτῷ
798 325 1169 394 ἐπικληθῆναι
1208 321 1268 378 τὸ
1307 319 1482 394 ὄνομα
1520 318 1712 394 αὐτοῦ,

108 411 224 466 ἐκεῖ
250 417 430 465 οἴσετε
453 405 634 464 πάντα
657 405 760 463 ὅσα
785 404 890 479 ἐγω
923 409 1240 480 ἐντέλλομαι
1263 404 1399 478 ὑμῖν
1422 403 1710 480 σήμερον.”

237 497 316 548 13.
371 494 482 549 Καὶ
539 492 914 549 διαστέλλεται
972 493 1094 563 ἑξῆς
1152 489 1393 562 ακριβως
1446 493 1714 564 ἐπιλέγων

61 601 83 634 5
116 575 374 650 πρόσεχε
405 579 622 652 σεαυτῷ
644 575 851 649 μήποτε
876 575 1176 650 ἀνενέγκῃς
1199 599 1265 632 τα
1287 571 1716 650 ὁλοκαυτώματα

105 680 237 735 σου,
270 662 338 718 οὐ
368 686 441 718 αν
472 667 626 734 ἴδῃς,
669 659 789 717 ἀλλ’
835 658 868 733 ἢ
903 685 950 718 ει
943 666 979 727 '9
1010 659 1107 717 τὸν
1134 659 1307 723 τόπον
1337 658 1403 718 ὃν
1435 659 1531 717 ἐὰν
1563 662 1716 718 ἐκλέ-

104 748 258 818 ξηται
298 744 488 818 κύριος
528 744 556 802 6
601 744 733 813 θεός
773 763 876 802 σου
917 743 1087 802 αὐτὸν
1131 747 1190 802 ἐν
1230 748 1327 820 μιᾷ
1357 748 1469 803 τῶν
1499 744 1716 803 πόλεών

104 848 234 903 σου,
289 834 405 888 ἐκεῖ
446 827 688 896 ἀνοίσεις
727 830 793 886 τὰ
832 827 1261 902 ὁλοκαυτώματα
1302 847 1434 902 σου,
1479 832 1570 886 καὶ
1605 833 1720 887 ἐκεῖ

105 914 351 988 ποιήσεις
382 937 563 972 παντα
592 913 695 971 ὅσα
728 916 1046 988 ἐντέλλομαι
1076 912 1213 987 ’ὗμιν
1244 912 1539 987 σήμερονῗ

42 1024 83 1056 ιο
235 1003 316 1057 14
349 1003 459 1057 Καὶ
477 1005 813 1074 προστίθησι
842 1001 1022 1071 λέγων
1043 994 1147 1056 “οὐ
1179 997 1395 1073 δυνήσῃ
1427 1014 1631 1071 φαγειν
1657 1002 1716 1056 ἐν

105 1105 306 1151 πασαις
335 1098 454 1152 ταις
485 1082 677 1142 πόλεσι
718 1084 779 1140 τὸ
811 1087 1136 1141 ἐπιδέκατον
1166 1086 1263 1140 τοῦ
1295 1089 1452 1140 σίτου
1491 1102 1593 1141 σου
1624 1087 1715 1140 και

103 1172 203 1226 τοῦ
242 1177 401 1227 οἴνου
442 1172 535 1226 καὶ
575 1172 674 1226 τοῦ
718 1173 905 1226 ἐλαίου
946 1189 1076 1241 σου,
1129 1166 1195 1224 τα
1242 1167 1563 1242 πρωτότοκα
1605 1171 1718 1226 τῶν

104 1256 255 1326 βοῶν
295 1275 397 1311 σου
446 1255 537 1311 καὶ
576 1256 690 1354 τρὸν
739 1252 1036 1326 προβάτων
1086 1272 1216 1326 σου,
1271 1255 1362 1309 καὶ
1403 1251 1581 1320 πάσας
1621 1251 1716 1319 τὰς
1742 1278 1805 1319 (22)

107 1335 270 1411 εὐχας
299 1356 402 1395 σου
432 1356 564 1405 οσας
586 1335 657 1395 οὶν
682 1337 940 1411 εὕξησθε,
973 1340 1066 1395 καὶ
1096 1337 1191 1405 τὰς
1221 1333 1515 1412 ὁμολογίας
1537 1362 1716 1411 υμων,

1346 1419 1427 1441 ,Ἦ

42 1444 83 1476 15
109 1423 200 1478 καὶ
230 1446 325 1487 τας
357 1444 604 1495 απαρχας
634 1426 747 1479 τῶν
778 1427 977 1495 χειρῶν
1006 1421 1193 1496 ὑμῶν,
1235 1420 1338 1479 ἀλλ
1396 1447 1429 1495 η
1463 1427 1718 1480 ἐναντίον

107 1512 307 1580 κυρίου
337 1509 436 1563 τοῦ
466 1510 607 1564 θεοῦ
639 1525 741 1564 σου
771 1510 924 1580 φαγῄ
957 1505 1098 1563 αὐτα
1130 1510 1192 1564 ἐν
1223 1499 1320 1583 ᾦ”
1290 1532 1360 1563 αν
1382 1506 1530 1563 τόπω
1563 1510 1715 1564 ἐκλέ-

106 1594 261 1662 ξηται
292 1589 482 1663 κύριος
512 1589 541 1647 6
573 1589 706 1656 θεός
737 1609 840 1648 σου
874 1593 1081 1667 ἐαυτῷ,
1118 1588 1189 1647 σύ
1231 1593 1324 1648 καὶ
1355 1596 1414 1647 οἱ
1447 1597 1567 1648 υἱοί
1592 1609 1715 1664 σου,

106 1677 199 1732 καὶ
228 1670 262 1748 ἡ
291 1674 547 1749 θυγάτηρ
579 1693 710 1747 σου,
741 1672 770 1732 ὁ
802 1690 931 1742 παῖς
961 1693 1083 1747 σου,
1116 1677 1207 1732 καὶ
1233 1671 1267 1747 ἡ
1293 1680 1559 1747 παιδίσκη
1591 1693 1713 1748 σου,
1742 1701 1786 1743 [31

105 1761 198 1817 καὶ
228 1755 256 1816 6
288 1757 630 1832 προσήλυτος
659 1756 688 1816 6
721 1763 783 1816 ἐν
811 1773 931 1826 ταῖς
961 1758 1160 1817 πόλεσί
1184 1757 1325 1816 σου.’
1739 1786 1787 1827 (ι)

20 1868 84 1900 «20
116 1850 118 1852 ’
238 1848 320 1901 15.
363 1846 475 1902 Καὶ
515 1850 594 1901 ἔτι
624 1843 920 1918 προελθών
953 1847 1375 1917 ἐπασφαλίζεται
1414 1842 1512 1901 τὸν
1552 1842 1718 1918 λόγον

107 1932 169 1987 ἐν
200 1920 243 2004 ᾧ
273 1946 447 2002 φησιν
469 1925 654 2000 “πλὴν
682 1953 749 1986 τα
772 1927 900 2001 ἅγια
924 1947 1026 1986 σου
1053 1928 1148 1986 ἐὰν
1179 1932 1456 2001 γένωνταί
1490 1947 1595 2001 σοι,
1627 1930 1718 1985 καὶ

106 2011 202 2080 τάς
234 2011 396 2087 εὐχάς
424 2033 526 2072 σου
549 2013 739 2086 λαβὼν
762 2011 908 2086 ἥξεις
934 2019 1010 2080 εἰς
1043 2013 1141 2070 τὸν
1170 2012 1340 2071 τόπον
1370 2011 1436 2070 ὃν
1465 2011 1536 2071 ἄν
1567 2014 1721 2071 ἐκλέ-

107 2100 261 2170 ξηται
293 2097 480 2171 κύριος
510 2097 538 2155 6
569 2097 702 2165 θεός
733 2116 835 2156 σου
869 2100 1062 2175 ‹savz-93.
1077 2095 1105 2116 ”

238 2187 319 2240 16.
363 2185 474 2240 Καὶ
514 2182 682 2240 παλιν
715 2179 996 2255 “δεκατην
1035 2180 1475 2250 ἆποδεκατοᾶσεις
1518 2182 1722 2254 παντὸς

12 2290 86 2322 25
109 2265 457 2374 γεννήματος
477 2271 575 2324 τοῦ
599 2266 907 2341 σπέρματός
930 2283 1057 2325 σου
1090 2267 1151 2324 τὸ
1169 2270 1418 2341 γέννημα
1431 2291 1526 2324 του
1546 2264 1721 2340 αγροῦ

109 2369 212 2409 σου
245 2351 500 2410 ἐνιαυτὸν
531 2350 650 2409 κατ’
690 2350 959 2410 ἐνιαυτόν.
1003 2353 1094 2409 καὶ
1119 2358 1272 2426 φαγῇ
1305 2350 1439 2409 αυτό
1466 2356 1723 2410 ἐναντίον

109 2442 308 2509 κυρίου
337 2443 435 2494 τοῦ
466 2441 606 2495 θεοῦ
638 2456 741 2494 σου
775 2439 835 2494 ἐν
866 2461 908 2493 ω
944 2433 1014 2494 ὂὶν
1043 2435 1194 2494 τόπω
1220 2440 1498 2509 ἐκλέξηται
1533 2435 1721 2507 κύριος

108 2519 137 2577 6
168 2519 300 2587 θεός
331 2540 462 2594 σου,
496 2525 866 2595 ἐπικληθῆναι
894 2519 954 2578 τὸ
985 2546 1158 2594 ονομα
1190 2518 1360 2578 αυτοῦ
1393 2525 1520 2578 ἐκει.
1530 2519 1559 2539 ”
1740 2548 1791 2590 (2)

241 2609 320 2663 17.
356 2603 478 2663 Εἶτ’
515 2605 967 2680 ἐπιλογισάμενος
1007 2612 1064 2663 τί
1106 2607 1221 2663 δέοι
1251 2604 1514 2681 πράττειν
1546 2611 1597 2662 εί
1623 2628 1722 2679 μα-

28 2688 253 2763 «εοκράν
299 2688 551 2763 ἀφεστώς
594 2701 677 2764 εἴη
720 2690 748 2748 ὁ
779 2690 915 2763 πρὸς
955 2688 1127 2748 αὐτοῦ
1170 2690 1508 2764 δηλούμενος
1538 2688 1722 2761 τόπος,

0 2300 21 2421 j}

0 2411 22 2540 ,ξ

14 2542 20 2593 Ῑ

228 2832 248 2867 1
281 2830 419 2868 Deut.
444 2813 508 2876 Ιρ,
534 2831 599 2873 11,
803 2831 827 2870 5
859 2830 996 2869 Deut.
1020 2830 1057 2878 5,
1085 2831 1151 2870 13.
1347 2831 1398 2871 10
1428 2830 1566 2870 Dent.
1592 2830 1630 2881 5,
1657 2828 1726 2870 17.

113 2887 168 2926 20
197 2886 338 2926 Dent.
364 2887 431 2936 12,
455 2887 523 2925 26.
697 2887 752 2925 24
782 2886 918 2927 Deut.
944 2887 1010 2938 14,
1036 2887 1103 2927 22.

197 2968 424 2997 nnsnssms
457 2969 532 2996 111.
1350 2954 1384 3005 2
