1946 3158
566 138 875 181 DEMONST.
910 139 1296 184 EVANG.11.3.
1640 139 1738 188 111

134 255 279 328 εἶπα,
314 258 414 322 ἕως
445 252 595 328 πότε,
627 252 812 330 κύριε;
845 256 936 312 καὶ
969 253 1141 329 εἶπεν,
1173 257 1275 322 ἕως
1306 249 1376 311 ἂν
1409 257 1739 327 ἐρημωθῶσι

132 339 318 407 πόλεις
341 338 490 414 παρὰ
520 336 580 396 τό
601 336 675 412 μὴ
698 350 1096 413 κατοικεῖσθαι,
1129 340 1220 397 καὶ
1254 338 1394 396 οἶκοι
1412 336 1561 413 παρα
1584 336 1643 396 τὸ
1665 337 1739 412 μὴ

134 424 279 482 εἶναι
309 421 666 498 ἀνθρώπους,
699 425 791 480 καὶ
821 421 854 495 ἡ
886 427 957 497 γῆ
987 421 1491 497 καταλειφθήσεται
1524 428 1738 498 ἔρημος

132 511 224 566 καὶ
253 506 388 582 μετὰ
410 511 581 565 ταῦτα
600 521 877 581 μακρυνεϊ
902 509 931 565 ὁ
952 506 1084 575 θεὸς
1113 506 1241 576 τούς
1270 506 1626 582 ἀνθρώπους,
1648 509 1739 564 καὶ
1814 568 1825 573 ,

90 617 110 650 5
133 591 633 666 πληθυνθήσονται
663 596 721 649 oc
746 594 1209 666 καταλειφθέντες
1242 595 1329 650 ἐπὶ
1359 597 1454 666 τῆς
1485 589 1634 665 γῆς.”

261 682 342 735 82.
371 673 508 752 Ὅρα
554 676 621 750 δὴ
661 678 753 734 καὶ
801 680 1048 734 ἐνταῦθα
1089 683 1214 734 τίνα
1252 675 1459 751 τρόπον
1488 681 1546 733 oc
1571 700 1741 733 κατα-

132 765 457 834 λειφθέντες
501 759 670 818 πάλιν
711 763 799 818 ἐπὶ
838 764 933 834 τῆς
972 764 1100 835 γῆς,
1147 764 1244 833 τῆς
1284 763 1476 833 λοιπῆς
1523 756 1739 833 ἁπάσης

134 845 341 921 ἐρήμου
372 847 763 919 γενησομένης,
795 843 956 919 μόνοι
996 844 1507 918 πληθυνθήσεσθαι
1547 847 1740 918 λέγον-

132 954 236 988 ται.
302 929 418 988 εἷεν
448 928 503 987 δ’
541 925 612 988 ἂν
642 931 733 986 καὶ
765 921 918 987 οὗτοι
949 934 1006 987 οἱ
1032 933 1129 987 τοῦ
1162 933 1406 1002 σωτῆρος
1438 928 1594 1002 ἡμῶν
1633 954 1740 1003 μα-

26 1052 30 1057 -
71 1038 111 1070 ιο
135 1016 301 1088 θηταὶ
327 1017 379 1083 ἐξ
403 1009 694 1088 Ἐβραίων,
730 1019 806 1080 εἰς
827 1012 1036 1080 πάντας
1061 1012 1398 1088 ἀνθρώπους
1429 1012 1741 1088 προελθόν-

133 1123 248 1172 τες,
280 1105 337 1156 οἳ
365 1101 458 1156 καὶ
500 1104 665 1172 δίκην
707 1100 1017 1174 σπέρματος
1056 1100 1523 1172 καταλειφθέντες
1565 1096 1740 1154 πολύ-

134 1208 268 1257 χουν
308 1182 695 1258 προσήνεγκαν
738 1181 834 1240 τὸν
879 1182 1122 1258 καρπὸν,
1154 1180 1250 1252 τοὶς
1294 1179 1432 1240 καθ’
1473 1179 1603 1255 ὅλης
1644 1185 1737 1255 τῆς
1762 1207 1835 1248 (70)

134 1270 458 1341 οἰκουμένης
497 1271 609 1326 τῶν
651 1270 837 1325 ἐθνῶν
868 1271 1182 1342 ἐκκλησίας·
1245 1270 1337 1324 καὶ
1384 1269 1492 1325 θέα
1533 1291 1623 1340 γε,
1667 1262 1739 1333 (ὃς

135 1351 271 1409 κατὰ
299 1350 360 1408 τὸ
393 1349 527 1408 αὐτό
556 1371 695 1425 φησι
707 1350 937 1420 τούτους
967 1354 1069 1426 μὲν
1100 1350 1612 1426 πληθυνθήσεσθαι
1643 1349 1739 1424 μό-

71 1459 114 1491 15
136 1460 267 1503 νους
299 1437 769 1509 καταλειφθέντας
803 1439 861 1494 ἐκ
889 1439 986 1510 τῆς
1017 1440 1129 1494 τῶν
1154 1433 1441 1495 Ἰουδαίων
1480 1433 1737 1494 ἆποπτώ-
1763 1455 1832 1497 [46ῑ

137 1540 327 1623 σεωςΗ,
338 1523 584 1586 ἐκείνους
631 1543 694 1593 γε
734 1517 845 1594 μὴν
901 1543 1132 1594 παμπαν
1192 1519 1427 1596 ἐρήμους
1489 1527 1734 1578 ἔ.σεσθαι

135 1609 216 1661 83.
250 1602 331 1706 ζὴ
370 1607 443 1676 γῆ
470 1603 574 1678 γὰρ
606 1603 810 1677 αὐτῶν,
843 1607 1036 1678 φησὶν,
1064 1603 1571 1677 καταλειφθήσεται
1611 1611 1741 1677 ε’ρη·

133 1684 279 1764 μος.”
342 1691 501 1746 τοῦτο
534 1689 595 1745 δε
628 1691 720 1745 καὶ
749 1687 1007 1761 ἀνωτέρω
1032 1686 1218 1755 αυτοῖς
1250 1691 1462 1762 ἐλέγετο
1491 1687 1602 1746 ὑπὸ
1641 1690 1743 1745 τοῦ

134 1770 308 1831 αὐτοῦ
336 1771 643 1847 προφήτου,
676 1772 813 1830 κατὰ
836 1772 896 1830 τὸ
940 1769 994 1846 ‘2‘2
1025 1778 1094 1846 γῆ
1116 1769 1276 1847 υμῶν
1307 1779 1526 1880 ἔρημος,
1557 1777 1619 1830 αι
1644 1771 1739 1829 πό-

71 1878 112 1911 20
136 1865 246 1924 λεις
277 1853 462 1931 ὗμων
476 1863 871 1931 πυρίκαυστοι,
913 1855 1014 1930 τήν
1064 1855 1252 1931 χώραν
1290 1853 1450 1931 υμῶν
1501 1855 1740 1915 ἐντόπιον

137 1938 292 2015 ιμῶν
322 1940 597 2016 ἀλλότριοι
643 1948 1038 2000 κατεσθίουσιν
1077 1939 1296 2016 αυτήν.”
1390 1946 1470 1998 84.
1507 1940 1641 1999 πότε
1677 1942 1738 1998 δε

136 2027 226 2083 καὶ
265 2028 436 2084 ταῦτα
469 2029 773 2100 ἐπληροῦτο
804 2023 838 2099 ἢ
879 2025 986 2084 ἀπὸ
1017 2032 1130 2084 τῶν
1169 2025 1388 2101 χρόνων
1426 2031 1524 2083 τοῦ
1565 2027 1737 2099 σωτῆ-
1763 2051 1787 2084 b

136 2135 228 2186 ρος
260 2107 443 2185 ἡμῶν;
477 2113 577 2178 ἕως
606 2111 709 2184 μὲν
738 2109 843 2186 γὰρ
885 2107 1104 2169 οὐδέπω
1147 2111 1242 2179 τὰς
1283 2109 1402 2168 κατ’
1448 2107 1619 2168 αὐτοῦ
1650 2135 1736 2168 τε-

135 2194 476 2268 τολμήκεσαν
518 2200 876 2269 δυσσεβείας,
910 2192 1013 2253 οὐκ
1042 2188 1114 2269 ἦν
1143 2194 1272 2269 ἡγῆ
1302 2194 1488 2253 αὐτῶν
1520 2201 1737 2269 ἔρημος,

72 2300 114 2333 25
137 2277 271 2339 οὐδὲ
295 2285 357 2337 αἱ
391 2278 577 2348 πόλεις
608 2286 975 2356 πυρίκαυστοι
993 2325 1008 2353 ,
1039 2277 1172 2338 οὐδὲ
1202 2279 1304 2352 τὴν
1334 2278 1520 2354 χώραν
1552 2277 1739 2336 αὐτῶν

135 2362 411 2439 ἀλλότριοι
467 2362 799 2438 κατήσθιον·
851 2362 958 2422 ἆπὸ
1014 2365 1074 2422 δὲ
1126 2367 1221 2438 τῆς
1284 2368 1485 2422 ἐνθέου
1548 2367 1739 2436 φωνῆς

137 2453 368 2521 ἐκείνης,
395 2447 461 2506 δι’
497 2440 561 2522 ἧς
590 2448 650 2506 τὸ
680 2451 881 2523 μέλλον
906 2448 1094 2515 αὐτοῖς
1126 2455 1356 2507 ἔσεσθαι
1398 2449 1738 2523 προυθέσπι-

138 2553 235 2590 σεν
266 2530 479 2600 αὖτὸςὸ
513 2532 694 2608 σωτὴρ
719 2537 810 2591 καὶ
841 2532 1028 2609 κύριος
1058 2529 1242 2607 ἡμῶν,
1277 2532 1476 2604 εἰπών,
1517 2528 1741 2604 ἀφίεται

12 2672 20 2684 ,,
137 2616 164 2673 ὁ
198 2617 344 2683 οἶκος
384 2614 541 2691 ὑμῶν
565 2625 790 2693 ἔρημος,
818 2622 871 2687 ἐξ
901 2622 1118 2676 ἐκείνου
1140 2616 1319 2674 καὶού
1351 2615 1469 2690 μετ’
1499 2615 1566 2672 οὐ
1597 2614 1739 2673 πολὺ

15 2701 18 2705 ’
74 2722 115 2755 30
139 2704 230 2774 τῆς
244 2700 595 2775 προρρήσεως
616 2705 1078 2778 πολιορκηθέντες
1097 2697 1492 2775 ὖπὸῬωμαίων
1520 2706 1595 2767 εἰς
1613 2706 1741 2775 ἕρη-

138 2809 242 2859 μον
274 2788 626 2859 κατέστησαν.
680 2791 761 2845 85.
788 2790 880 2846 καὶ
904 2786 962 2846 τό
994 2810 1058 2859 γε
1093 2796 1270 2845 αἴτιον
1301 2792 1395 2859 τῆς
1419 2783 1739 2860 ἐρημώσεως

140 2866 323 2927 αὐτῶν
352 2868 380 2927 ὁ
412 2870 748 2945 προφητικὸς
780 2871 938 2946 λόγος
970 2869 1280 2946 ἄπελέγχει,
1312 2873 1610 2945 μονονουχὶ
1641 2887 1741 2927 σα-
