1992 3186
269 151 374 203 226
945 152 1194 194 EUSEBII

269 264 490 339 ἠξίουν,
532 265 670 343 ἡλίῳ
711 269 802 323 καὶ
842 265 1048 341 σελήνῃ
1089 269 1180 324 καὶ
1219 264 1453 340 ἄστροις.
1524 271 1573 325 2.
1607 265 1642 323 ἂ
1685 265 1752 339 δὴ
1785 269 1877 324 καὶ

272 355 331 408 ἐν
361 355 426 426 τῇ
456 353 765 424 φαινομένῃ
797 355 909 407 τῶν
952 348 1098 408 ὅλων
1127 349 1292 423 φύσει
1327 354 1726 425 διαπρέποντα,
1759 350 1878 408 ἀνω

271 438 363 491 καὶ
403 435 485 491 ὅτι
531 433 764 506 μάλιστα
809 433 1088 537 ἐγγυτάτω
1122 433 1194 501 ὡς
1234 431 1303 491 ἀν
1336 437 1396 492 ἐν
1434 433 1739 510 προθύροις
1779 439 1879 493 τοῦ

271 520 677 591 παμβασιλέως,
708 515 804 584 τάς
833 521 946 576 τῶν
975 517 1235 590 ὁρώντων
1264 516 1416 585 όψεις
1447 518 1784 591 ἀνεκαλεῖτο,
1818 523 1878 576 ἐκ

269 606 542 685 μεγέθους
559 603 648 658 καὶ
671 605 941 674 καλλονῆς
964 608 1076 659 τῶν
1098 601 1397 676 ὁρωμένων
1416 601 1726 676 κτισμάτων
1746 601 1877 660 ἀνα·
1901 628 1922 661 5

270 686 445 757 λόγως
475 688 574 742 τοῦ
604 683 828 743 πάντων
858 692 1253 759 γενεσιουργοῦ
1292 684 1394 758 τὴν
1423 693 1672 760 θεωρίαν
1705 691 1880 759 ἐμφα-

271 776 502 839 νίζοντα.
578 765 681 826 “τά
711 770 816 843 γὰρ
857 767 1062 843 ἀόρατα
1103 769 1276 827 αυτοῦ
1291 767 1333 841 ,”
1386 763 1421 844 ᾖ
1451 789 1625 842 φησιν
1665 769 1694 827 ὁ
1724 780 1879 836 θεῖος

226 878 246 909 d
271 851 591 926 ἀπόστολος,
617 850 762 910 “ἀπὸ
793 861 1020 921 κτίσεως
1045 853 1253 927 κόσμου
1278 869 1390 920 τοῖς
1421 853 1685 928 ποιήμασι
1715 853 1881 911 νοού-

271 961 410 1011 μενα
441 943 776 1010 καθορᾶται,
808 936 844 1010 ἥ
874 962 932 996 τε
962 938 1138 1005 ἀΐδιος
1170 963 1343 996 αυτου
1375 937 1610 1012 δύναμις
1640 940 1732 995 καὶ
1761 949 1878 995 θει-

167 1047 256 1088 μοη
276 1019 458 1095 ότης.”
519 1026 566 1078 3.
601 1024 691 1079 καὶ
723 1025 883 1080 τοῦτο
917 1023 975 1080 δὲ
1005 1021 1173 1079 πάλιν
1201 1019 1229 1079 6
1253 1025 1420 1095 μέγας
1439 1026 1650 1095 Μωσῆς
1674 1040 1878 1095 μυστα-
1904 1050 1944 1081 ιο

271 1121 452 1178 γωγεῖ.
522 1105 618 1164 τὸν
660 1106 764 1179 γάρ
804 1131 887 1163 τοι
929 1112 1026 1164 τοῦ
1069 1113 1268 1179 κυρίου
1300 1112 1506 1180 κλῆρον
1546 1112 1626 1182 νςό
1660 1111 1881 1178 διαυγεῖ

273 1193 362 1246 καὶ
407 1192 558 1262 ψυχῇ
596 1193 984 1264 κεκαθαρμένη
1028 1196 1140 1248 τῶν
1178 1193 1393 1263 νοητῶν
1441 1192 1532 1247 καὶ
1571 1189 1879 1263 ἀσωμάτων

269 1272 605 1347 ὀριγνᾶσθαι
656 1277 982 1347 προτρέπων
1046 1284 1214 1347 εἴργει
1265 1279 1359 1346 τῆς
1408 1277 1519 1331 τῶν
1580 1269 1880 1347 ὁρωμένων

272 1355 392 1415 κατ’
434 1357 676 1432 οὐρανὸν
728 1358 1063 1432 ἐκπλήξεως,
1120 1361 1388 1430 ἐπιλέγων
1417 1354 1536 1415 “gn
1589 1356 1658 1430 δὴ
1705 1382 1879 1415 ταυτα

270 1439 530 1515 ἀπένειμε
560 1441 748 1514 κύριος
777 1441 806 1499 ὁ
838 1441 970 1508 θεός
1000 1461 1102 1499 σου
1133 1447 1263 1499 πᾶσι
1297 1456 1409 1508 τοις
1441 1448 1681 1500 ἔθνεσιν.
1691 1440 1721 1461 ”
1789 1439 1879 1499 διά
1903 1468 1945 1501 15

270 1533 325 1583 τί
355 1523 412 1582 δ’
446 1525 898 1599 ἀπονενεμῆσθαι
929 1534 1100 1599 ἔφησε
1145 1531 1401 1583 συνιδεῖν
1438 1524 1758 1598 ἀναγκαῖον.
1827 1530 1877 1582 4.

270 1614 661 1677 πολυπλανοῦς
711 1609 1069 1684 ὑπαρχούσης
1109 1608 1352 1683 ἀοράτως
1404 1608 1538 1683 ἡμῖν
1589 1606 1731 1683 ἀμφὶ
1784 1611 1880 1668 τὸν

164 1720 252 1760 (153)
272 1697 398 1768 περὶ
438 1697 544 1766 γῆν
584 1691 719 1765 ἀέρα
758 1698 1092 1768 πωτωμένης
1133 1700 1368 1767 χθονίου
1420 1696 1511 1750 καὶ
1557 1699 1879 1766 δαιμονικῆς

271 1775 493 1850 οὐσίας,
526 1777 816 1850 ἀγνώστου
847 1802 904 1835 τε
936 1781 1028 1835 καὶ
1061 1778 1384 1849 ἀδιακρίτου
1414 1774 1751 1849 ἀνθρώποις,
1783 1783 1879 1850 τῆς

270 1868 382 1919 τῶν
414 1859 647 1934 ἀγαθοῖν
676 1861 1008 1936 πνευμάτων
1039 1865 1129 1919 καὶ
1155 1860 1450 1933 δυνάμεων
1474 1863 1564 1917 καὶ
1590 1857 1777 1917 αυτῶν
1808 1861 1877 1933 δὴ
1901 1886 1942 1918 20

270 1952 381 2003 τῶν
421 1953 598 2003 θείων
639 1944 889 2018 ἀγγέλων
930 1944 1064 2015 πρὸς
1104 1945 1169 2002 τὰ
1199 1951 1364 2017 χείρω
1396 1942 1673 2045 διαφόρου
1705 1955 1880 2002 καθε-

272 2029 513 2101 στώσης,
567 2027 668 2086 οὐκ
719 2028 897 2094 ἄλλως
951 2030 1012 2084 εὐ
1054 2028 1163 2101 εἶχε
1202 2042 1313 2094 τοις
1353 2033 1447 2101 τῆς
1486 2027 1748 2085 ἀνωτάτω
1780 2052 1879 2086 του

272 2115 658 2185 παμβασιλέως
717 2109 1002 2184 ευσεβειάς
1054 2109 1462 2168 ἀποπίπτουσιν
1509 2109 1542 2184 ἢ
1582 2135 1694 2169 των
1733 2111 1878 2186 ὁρω-

270 2200 455 2269 μένων
485 2194 603 2253 κατ’
641 2194 883 2295 οὐρανὸν
914 2221 977 2252 τα
1009 2195 1268 2266 κράτιστα
1299 2200 1598 2268 αἱρεῖσθαι.
1669 2198 1878 2303 αδέος

271 2279 374 2352 γάρ
407 2278 471 2337 οὐ
503 2278 562 2336 τὸ
603 2278 771 2353 τυχὸν
802 2281 896 2351 ἡν,
947 2279 1155 2352 μήποτε
1185 2278 1322 2337 θεὸν
1363 2285 1646 2351 ζητουντες
1689 2281 1779 2335 καὶ
1811 2278 1875 2335 τὰ
1899 2304 1940 2336 25

270 2363 475 2438 ἀόρατα
504 2369 1096 2437 πολυπραγμονοῦντες
1138 2362 1342 2438 ἀπορία
1376 2369 1487 2421 τῶν
1519 2362 1753 2435 ἀφανων
1784 2366 1877 2419 καὶ

271 2446 493 2520 ἀδήλων
539 2454 616 2514 εἰς
658 2452 909 2514 ἐναντίας
943 2446 1204 2520 δυνάμεις
1245 2450 1334 2504 καὶ
1369 2446 1688 2519 δαιμονικάς
1719 2469 1877 2519 περι-

222 2560 242 2592 b
272 2546 546 2606 τραπεῖεν.
629 2537 739 2589 τῶν
789 2528 1086 2605 ὁρωμένων
1136 2533 1238 2588 οὐν
1275 2531 1340 2587 τὰ
1375 2530 1554 2587 πάντα
1598 2536 1875 2602 διαπρεπῆ

272 2621 370 2673 τοῦ
423 2621 561 2674 θεοῦ
617 2613 1067 2689 δημιουργήματα
1116 2630 1229 2680 τοις
1294 2613 1368 2686 μὴ
1419 2620 1515 2671 τοῦ
1567 2622 1875 2687 κρείττονος

274 2703 579 2772 ἐφιεμένοις
617 2699 1063 2772 παραδεδόσθαι,
1118 2697 1456 2771 ἀμωσγέπως
1499 2701 1730 2756 ἐνθένδε
1780 2703 1874 2769 τῆς
1898 2723 1939 2754 30

385 2894 407 2932 7
440 2893 566 2932 Rom.
593 2894 628 2942 1,
656 2894 722 2932 20.
900 2894 951 2931 14
981 2893 1116 2934 Deut.
1139 2892 1178 2939 4,
1205 2894 1270 2932 19.
