1946 3158
202 103 300 155 122
882 103 1127 145 EUSEBu

144 243 171 276 »b
199 222 310 279 τῷν
342 222 547 293 ε’θνῷν,
580 218 758 287 πάσας
799 217 1150 294 πανταχόθεν
1188 220 1282 288 τὰς
1323 224 1434 278 τῷν
1482 218 1805 297 ἀνθρώπων

198 303 375 379 ψυχὰς
415 303 851 380 προνομεύοντες
894 305 987 360 καὶ
1033 304 1535 378 αἰχμαλωτεύοντες
1582 311 1661 374 εἰς
1704 305 1806 380 τὴν

195 386 480 462 ὑποταγὴν
491 393 587 446 τοῦ
609 390 868 462 Χριστοῦ,
902 383 1225 455 ἀκολούθως
1246 392 1323 467 τῷ
1342 396 1567 467 χρησμῷ
1601 395 1675 468 τῷ
1701 389 1806 464 φή·

197 491 355 531 σαντι
391 469 420 490 “
437 475 528 530 καὶ
569 470 1013 545 πετασθὴσονται
1058 476 1118 529 ἐν
1173 479 1386 541 πλοίοις
1445 473 1800 548 ἀλλοφύλων,

197 557 492 616 θάλασσαν
514 554 624 630 ἅμα
663 555 1099 632 προνομεύοντες
1141 559 1233 614 καὶ
1272 557 1401 625 τοὺς
1473 556 1577 632 ἀφ’
1640 556 1801 632 ἡλίου
1826 584 1846 616 5

193 639 531 700 ἀνατολῶν.”

328 730 443 783 125.
506 727 616 784 Καὶ
655 724 721 783 τά
764 725 928 783 λοιπὰ
971 726 1031 784 δὲ
1071 730 1167 799 τῆς
1206 732 1543 801 προφητείας
1585 726 1801 795 τούτοις

195 807 480 883 ἀναλόγως
511 808 930 885 ἐπιθεωρήσεις,
963 809 1201 884 ἑκάστην
1240 813 1388 879 λέξιν
1427 810 1576 886 παρὰ
1618 816 1804 889 σαυτῷ

196 901 531 968 βασανίσας,
572 897 664 952 καὶ
695 899 808 952 πάν
837 896 940 969 μὲν
969 893 1029 953 τὸ
1053 892 1364 953 ἀσύστατον
1409 898 1502 954 καὶ
1541 893 1807 954 ταπεινὸν

198 976 366 1053 αὐτῆς
398 978 888 1054 διακρουσάμενος,
918 977 1020 1052 τὴν
1053 980 1114 1037 δε
1141 978 1394 1038 διάνοιαν
1426 985 1524 1038 τοῦ
1555 978 1806 1054 πνεύμα-
1828 1006 1870 1039 10

147 1094 172 1117 -c
197 1088 313 1137 τος,
357 1059 428 1131 ὥς
469 1059 539 1120 ἀν
579 1060 714 1121 αὐτό
753 1082 839 1121 σοι
879 1063 938 1121 τὸ
972 1067 1192 1138 πνεῦμα
1231 1069 1329 1122 τοῦ
1376 1070 1517 1123 θεοῦ
1563 1075 1808 1139 θεωρεῖν

195 1147 472 1222 ὑποβάλῃ,
504 1147 725 1221 νοήσας.
780 1144 915 1222 ἧμιν
944 1147 1049 1221 γὰρ
1081 1147 1109 1205 ὁ
1153 1146 1340 1223 καιρὸς
1383 1146 1486 1207 οὐκ
1527 1152 1806 1224 ἐπιτρέπει

195 1246 310 1300 τοῖς
335 1230 521 1300 τόποις
555 1235 645 1290 ἐπὶ
668 1234 837 1291 πλέον
870 1236 1260 1307 ἐνδιατρίβειν,
1294 1231 1396 1306 τὴν
1435 1235 1806 1307 προκειμένην

195 1315 477 1375 ὑπόθεσιν
509 1315 769 1385 ἐξανύσαι
801 1319 1291 1391 κατεπειγομένοις.

245 1422 253 1425 “
327 1406 442 1459 126.
492 1401 652 1458 “Kal
685 1403 1005 1475 ἐντελοῦμαι
1046 1407 1111 1476 τῇ
1155 1403 1453 1501 οἰκουμένῃ
1492 1399 1593 1478 ὅλῃ
1642 1400 1802 1475 κακά,
1827 1427 1869 1461 15

198 1487 289 1543 καὶ
331 1499 445 1552 τοις
487 1484 712 1558 ἀσεβέσι
751 1485 847 1552 τὰς
886 1485 1154 1561 ἁμαρτίας
1197 1483 1411 1559 αὐτῶν,
1465 1489 1557 1544 καὶ
1615 1485 1805 1544 ἀπολῷ

195 1568 364 1644 ὕβριν
403 1567 654 1643 ἀνόμων,
706 1573 798 1628 καὶ
836 1569 1005 1645 ὕβριν
1047 1569 1430 1645 ὑπερηφάνων
1459 1570 1805 1643 ταπεινώσω,

196 1657 289 1712 καὶ
321 1660 539 1712 εσονται
579 1660 637 1713 οι
675 1657 1224 1764 ἐγκαταλελειμμένοι
1264 1662 1473 1729 ἔντιμοι
1515 1657 1726 1729 μᾶλλον
1769 1651 1804 1727 ἢ

195 1738 256 1797 τὸ
300 1745 534 1814 χρυσίον
573 1737 633 1797 τὸ
664 1737 916 1815 ἄπυρον,
951 1742 1043 1796 καὶ
1075 1738 1374 1812 ανθρωπος
1405 1744 1620 1813 ἔντιμος
1653 1747 1804 1797 ἔσται

195 1826 405 1897 μᾶλλον
436 1849 468 1896 η
500 1823 528 1881 ὁ
560 1829 720 1889 λίθος
750 1819 779 1881 ὁ
814 1826 872 1880 ἐκ
904 1803 1203 1896 Σουφείρ.”
1262 1828 1377 1881 127
1412 1826 1505 1881 καὶ
1530 1827 1653 1897 ἑξῆς
1686 1828 1800 1882 ἐπι-
1825 1850 1867 1884 20

75 1965 104 1972 „K
142 1921 170 1953 d
197 1911 344 1980 λέγει
366 1906 398 1927 “
417 1910 510 1965 καὶ
541 1914 759 1965 ἔσονται
790 1913 848 1964 οἱ
883 1909 1364 1981 καταλελειμμένοι
1398 1907 1471 1974 ὡς
1505 1907 1804 1983 δορκάδιον

194 1995 427 2064 φεῦγον,
463 1993 553 2048 καὶ
586 1986 658 2057 ῷς
683 1990 962 2066 πρόβατον
985 1990 1394 2065 πλανώμενον.”

329 2079 442 2132 128.
494 2077 599 2132 Καὶ
634 2074 725 2132 διὰ
754 2074 966 2134 τούτων
1011 2076 1070 2134 τὸ
1114 2075 1352 2135 σπάνιον
1391 2083 1503 2135 τῷν
1543 2087 1807 2150 σωθησο-

195 2162 380 2234 μένων
417 2162 476 2216 ἐν
509 2165 584 2236 τῷ
617 2163 789 2237 καιρῷ
830 2164 926 2233 τῆς
965 2164 1077 2218 τῷν
1128 2159 1350 2234 ἀσεβῷν
1390 2161 1667 2229 ἀπωλείας
1708 2178 1804 2219 σα-

196 2245 441 2318 φέστατα
499 2239 527 2301 ὃ
596 2242 755 2316 λόγος
823 2251 1186 2319 παρίστησιν,
1261 2243 1402 2306 ὥστε
1472 2245 1547 2320 μὴ
1609 2244 1796 2321 χώραν
1816 2272 1858 2305 25

199 2335 345 2402 ἔχειν
375 2327 643 2386 ὑπονοεῖν
682 2326 1018 2406 ἀδιακρίτως
1062 2326 1271 2396 πάντας
1303 2326 1634 2399 ἁπαξαπλῶς
1675 2329 1804 2397 τοὺς

199 2416 259 2470 ἐκ
298 2418 595 2488 περιτομῆς
636 2415 730 2470 καὶ
769 2417 882 2470 πᾶν
921 2412 980 2470 τὸ
1012 2411 1302 2472 Ἰουδαίων
1346 2419 1510 2481 ἔθνος
1550 2419 1663 2472 τῷν
1706 2420 1803 2472 τοῦ

197 2499 338 2556 θεοῦ
367 2495 662 2566 τεύξεσθαι
688 2500 1043 2570 ἐπαγγελιῶν.

103 2599 176 2641 {511
331 2586 445 2638 129.
487 2577 518 2600 “
536 2583 646 2639 Καὶ
683 2587 833 2640 ἔσται
880 2584 940 2639 ἐν
979 2588 1046 2657 τῇ
1099 2577 1276 2659 ἡμέρᾳ
1323 2585 1508 2656 ἐκείνῃ
1565 2588 1804 2651 ἔκλειψις

201 2666 360 2737 δόξης
383 2664 596 2741 Ἰακώβ,
630 2669 722 2724 καὶ
752 2665 817 2724 τά
847 2671 1014 2724 πίονα
1043 2672 1137 2739 τῆς
1170 2665 1330 2740 δόξης
1361 2665 1532 2725 αὐτοῦ
1575 2666 1802 2740 σεισθή-
1826 2692 1867 2725 30

315 2860 366 2900 15
397 2859 474 2904 Es.
501 2862 566 2913 13,
593 2862 656 2900 11.
833 2863 886 2902 29
909 2863 986 2902 Es.
1011 2862 1074 2911 17,
1101 2862 1139 2901 4.
