1992 3186
570 128 861 171 DEMONST
908 129 1127 172 EVANG.
1162 129 1286 170 VIII.
1318 130 1354 170 1.
1568 141 1574 145 ’
1668 128 1770 181 50],

163 242 470 317 θαυμάζειν
492 242 646 312 ἄξιον
668 241 815 311 ὅπως
840 242 1058 302 δώδεκα
1081 241 1266 303 οὐσῶν
1282 249 1395 304 τῶν
1405 244 1536 318 παρ’
1558 241 1772 320 Ἐβραί-
1797 271 1820 304 b

164 352 245 396 οις
275 331 472 401 φυλῶν
515 331 566 397 ἐξ,
598 325 858 402 οὐδεμιᾶς
891 326 1058 402 ἄλλης
1083 325 1116 402 ἢ
1140 327 1247 387 ἀπὸ
1279 330 1451 404 μόνης
1480 333 1575 402 τῆς
1591 328 1772 388 Ἰούδα

162 411 196 485 ἡ
227 415 324 470 τοῦ
355 419 558 480 ἔθνους
592 415 758 470 εἰσέτι
788 419 895 471 νῦν
914 410 1279 488 ἀνηγόρευται
1310 420 1676 489 προσηγορία·
1708 411 1774 472 οὐ

164 494 241 555 δι’
286 500 475 571 ἕτερον
514 494 546 570 ἢ
592 497 682 555 διὰ
723 496 783 555 τὸ
823 504 918 571 τῆς
961 504 1299 572 προφητείας
1339 498 1528 572 λόγιον
1567 501 1636 572 τῇ
1673 505 1773 556 τοῦ

119 578 338 639 5Ἰούδα
367 587 520 655 φυλῇ
560 582 619 639 τὸ
662 580 890 655 ἀρχικὸν
920 581 1200 656 περιάψαν
1230 581 1454 657 ἀξίωμα.
1516 587 1599 641 36.
1635 581 1775 639 ἀλλά

161 668 253 723 καὶ
284 664 386 739 τὴν
415 665 648 740 πάτριον
678 666 863 724 αὐτῶν
893 664 1081 740 χώραν
1106 665 1383 725 Ἰουδαίαν
1416 665 1506 724 διά
1536 666 1639 739 τὴν
1669 664 1774 723 αὖ-

161 749 262 823 τὴν
302 748 705 808 ἀποκαλεῖσθαι
744 757 1040 824 συμβαίνει
1071 756 1270 809 αἰτίαν.
1345 754 1459 808 ἐπεὶ
1496 750 1586 807 διὰ
1618 756 1675 807 τί
1699 751 1774 825 μὴ

161 833 270 892 ἀπὸ
298 837 399 892 τοῦ
425 834 647 907 πρώτου
677 837 788 892 τῶν
819 833 1063 906 δώδεκα,
1096 836 1237 907 λέγω
1270 835 1332 891 δὲ
1362 833 1468 892 ἀπὸ
1499 839 1598 892 τοῦ
1620 834 1775 893 Ῥου-

162 921 289 993 βὶμ,
342 918 402 976 τὸ
449 926 613 986 ἔθνος
656 917 840 976 αὐτῶν
882 916 1236 991 ἐχρημάτισε,
1290 926 1467 977 καίτοι
1510 919 1658 993 παρὰ
1697 922 1775 997 τῷ

100 1025 140 1056 10
164 1010 305 1080 θείῳ
337 1002 487 1079 νόμῳ
518 1006 631 1060 τῶν
670 1002 1038 1076 πρωτοτόκων
1067 1005 1469 1077 τετιμημένων;
1507 1003 1598 1060 διὰ
1627 1009 1686 1060 τί
1714 1005 1774 1061 δὲ

160 1087 234 1161 μὴ
264 1085 370 1144 ἀπὸ
401 1090 496 1159 τῆς
526 1090 625 1143 τοῦ
649 1088 808 1160 Λευὶ,
840 1083 977 1161 ὁμοῦ
1009 1089 1100 1144 καὶ
1130 1092 1206 1164 τῷ
1237 1086 1417 1164 χρόνῳ
1449 1090 1540 1145 καὶ
1571 1090 1649 1164 τῷ
1676 1092 1774 1161 τῇς

166 1169 471 1245 ἱερωσύνης
502 1170 759 1245 τιμήματι
789 1170 886 1228 τὸν
910 1168 1126 1229 Ἰούδαν
1156 1170 1585 1246 παρεξάγοντος;
1627 1177 1684 1228 τί
1714 1173 1774 1229 δὲ

161 1252 283 1329 οὐχὶ
325 1260 535 1329 μᾶλλον
574 1253 681 1313 ἀπὸ
722 1258 821 1314 τοῦ
852 1253 1050 1329 Ἰωσὴφ
1092 1262 1423 1330 χρηματίσαι
1462 1258 1674 1329 συνέβη
1714 1253 1774 1313 τὸ

161 1344 273 1397 πᾶν
305 1345 469 1407 ἔθνος
508 1342 600 1396 καὶ
641 1338 743 1412 τὴν
783 1338 997 1413 χώραν,
1041 1339 1130 1396 διὰ
1170 1340 1230 1398 τὸ
1261 1343 1352 1397 καὶ
1397 1339 1566 1398 πάλαι
1597 1339 1775 1413 πάσης

99 1443 139 1476 15
162 1421 228 1481 οὐ
258 1422 431 1497 μόνον
455 1422 772 1496 Αἰγύπτου,
805 1421 943 1481 ἀλλά
973 1426 1064 1480 καὶ
1095 1427 1207 1482 τῶν
1236 1430 1458 1482 οἰκείων
1487 1422 1546 1482 τὸ
1578 1423 1775 1500 κράτος

162 1506 490 1577 ἀνάψασθαι
520 1512 743 1580 τοῦτον,
777 1506 904 1574 τούς
933 1532 991 1565 τε
1025 1511 1078 1575 ἐξ
1109 1504 1280 1566 αὐτοῦ
1312 1512 1644 1581 γενομένους
1675 1533 1775 1581 μα-

163 1605 314 1666 κροῖς
343 1590 580 1666 ὕστερον
610 1590 826 1666 χρόνοις
860 1594 947 1649 ἐπὶ
978 1599 1241 1650 πλεῖστον
1271 1588 1405 1650 ὅσον
1435 1591 1581 1650 ὅλων
1614 1594 1775 1650 ἐννέα

162 1678 359 1748 φυλῶν
397 1682 495 1733 τοῦ
535 1681 738 1743 ἔθνους
778 1672 1124 1749 ἡγήσασθαι,
1175 1673 1251 1732 δι’
1294 1672 1391 1744 οὓς
1433 1680 1526 1733 καὶ
1563 1680 1774 1750 μᾶλλον

167 1758 313 1826 εἰκὸς
343 1751 414 1832 ἦν
438 1759 540 1832 τὴν
560 1784 659 1818 του
680 1758 1025 1836 προπάτορος
1050 1764 1373 1834 ἐπωνυμίαν
1392 1759 1452 1818 τὸ
1472 1766 1584 1818 πᾶν
1609 1766 1774 1827 ἔθνος

100 1864 141 1896 20
165 1845 258 1900 καὶ
288 1843 392 1916 τὴν
431 1842 619 1918 χώραν
659 1841 1102 1918 ἐπιγράψασθαι;
1145 1851 1227 1911 τίς
1259 1842 1312 1901 δ’
1347 1843 1451 1902 οὐκ
1481 1842 1551 1902 ἂν
1581 1843 1773 1931 ὁμολο-

161 1926 326 2000 γήσαι
357 1926 505 2002 παρὰ
534 1927 764 1995 τούτους
794 1926 1039 1996 άπαντας
1072 1927 1310 2001 εὐλόγως
1340 1953 1410 1986 αν
1442 1932 1502 1986 ἐκ
1523 1952 1621 1986 του
1602 1927 1822 1987 Rev-<1

163 2014 318 2085 ιαμὶν
359 2010 460 2085 τὴν
502 2016 824 2086 ἐπωνυμίαν
862 2010 1064 2080 αὐτούς
1103 2019 1326 2086 λαβειν,
1371 2011 1669 2088 ἐπειδήπερ
1708 2016 1777 2087 τῇ

162 2094 360 2154 τούτου
398 2099 550 2170 φυλῇ
589 2093 622 2170 ἡ
672 2095 998 2171 περιβόητος
1044 2094 1230 2155 αὐτῶν
1278 2095 1536 2170 βασιλικὴ
1571 2096 1776 2171 μητρό-

163 2187 319 2246 πολις
349 2177 379 2237 ὅ
418 2204 476 2238 τε
518 2183 606 2238 ἐπὶ
646 2180 846 2255 ταύτης
878 2179 1176 2255 αγιώτατος
1206 2187 1303 2239 τοῦ
1343 2186 1483 2239 θεοῦ
1513 2179 1652 2248 νεώς
1683 2204 1776 2238 κε-

1391 2262 1677 2289 ,,,,,,

162 2345 196 2421 ἢ
227 2347 394 2421 μόνης
436 2352 495 2406 ἐκ
535 2352 631 2422 τῆς
664 2348 846 2407 Ἰούδα
886 2353 1096 2423 φυλῆς,
1138 2348 1298 2422 ἡτῆς
1336 2348 1516 2423 χώρας
1555 2351 1646 2405 καὶ
1677 2351 1778 2405 τοῦ

165 2431 367 2499 παντὸς
420 2438 622 2500 ἔθνους
673 2441 1014 2507 προσηγορία
1057 2435 1320 2507 διέπρεψε
1357 2438 1423 2505 τῇ
1464 2438 1775 2507 προφητείᾳ

165 2512 504 2582 ἀκολούθως,
567 2521 649 2573 37.
683 2516 826 2575 οὕτω
857 2519 925 2590 γε’
948 2541 1031 2574 τοι
1061 2515 1121 2573 τὰ
1143 2513 1287 2573 “ούκ
1318 2519 1558 2583 ἐκλείψει
1588 2513 1774 2589 ἅρχων

169 2599 221 2665 ἐξ
244 2595 462 2656 Ἰούδα”
497 2601 584 2656 ἐπὶ
615 2600 716 2672 τὴν
746 2601 933 2674 φυλὴν
962 2596 1096 2673 ἡμῖν
1127 2597 1518 2671 ἀνενήνεκται,
1550 2600 1641 2656 καὶ
1672 2597 1772 2672 μό-

103 2702 145 2735 30
167 2706 277 2749 νως
306 2679 479 2750 οὕτως
509 2681 783 2756 ἀληθῶςὴ
807 2680 1463 2757 πρόρρησιςάποδέδοται.
1511 2680 1618 2740 ἀπὸ
1630 2687 1773 2755 γοῦν

167 2769 278 2824 τῶν
293 2767 541 2833 Μωσέως
570 2765 787 2840 χρόνων
810 2771 1046 2840 καθεξῆς
1076 2764 1143 2825 οὐ
1177 2769 1423 2825 διέλιπον
1445 2769 1657 2841 μερικοὶ
1669 2768 1771 2840 μὲν

170 2848 355 2907 αὐτῶν
385 2848 663 2924 ἄρχοντες,
697 2854 757 2907 ἐκ
789 2849 1094 2926 διαφόρων,
1127 2847 1200 2919 ὥς
1224 2858 1385 2926 ἔφην,
1418 2854 1615 2925 φυλαῖν
1639 2847 1770 2923 ἡγη-
