1946 3158
569 129 878 175 DEMONST.
913 130 1132 174 EVANG.
1163 131 1224 173 11.
1257 135 1296 174 3.
1627 129 1730 183 129

168 239 239 266 ῒΐθ
884 245 897 262 Ι
970 242 997 265 9,
1043 242 1056 262 (¹

117 271 186 305 ov
246 248 338 304 καὶ
355 244 428 313 ὡς
458 244 695 315 ψεκάδες
719 248 806 303 ἐπὶ
827 267 970 303 ποαν
1031 271 1060 304 ο
1090 243 1340 318 Ἀκύλας,
1372 244 1400 303 ὁ
1434 247 1495 303 δὲ
1527 252 1729 304 Θεοδο-
1756 268 1823 313 (82)

118 337 254 389 τίων
267 326 397 388 “acal
423 325 553 388 ὦσεὶ
576 330 796 402 νιφετὸς
822 332 910 387 ἐπὶ
942 328 1164 404 χόρτον”
1203 329 1592 389 ἐκδεδώκασιν.
1636 334 1727 388 καὶ

119 413 286 473 πάλιν
316 412 439 473 ἀντὶ
470 421 568 474 τοῦ
589 410 774 483 “ὃ’πως
806 415 879 489 μὴ
911 417 1170 490 συναχθῇ
1197 416 1391 488 μηδεὶς
1421 417 1561 489 μηδὲ
1591 411 1727 474 ὑπο-

0 564 1 579 ἶ
118 503 219 574 στῇ
254 504 313 558 ἐν
343 503 486 568 υἱοῖς
517 496 858 574 ἀνθρώπων,
891 500 1031 573 μηδὲ
1055 497 1343 574 προσκόψῃ
1362 497 1481 567 υίὸς
1504 497 1727 574 ἄνθρω-

0 596 1 626 f
74 581 270 643 5που”
313 587 488 658 φησὶν
532 580 561 641 ὁ
603 590 916 642 Θεοδοτίων
946 580 1044 651 “ὂς
1086 580 1151 641 οῦ
1195 597 1354 657 μενεῖ
1399 582 1725 658 ἄνθρωπον,

117 671 209 727 καὶ
239 667 342 727 οὐκ
375 673 585 727 ἐλπίσει
630 671 717 726 ἐπὶ
757 667 884 727 υἱὸν
924 665 1269 742 άνθρώπου”
1315 671 1407 725 καὶ
1438 667 1466 725 ὁ
1491 667 1728 737 Ἀκύλας

107 749 205 820 τ(ὃς
248 750 350 827 οὐχ
391 750 663 828 ῦπομενεῖ
699 751 879 827 ἄνδρα
929 754 1020 808 καὶ
1052 750 1117 810 ού
1149 754 1276 825 περὶ
1308 751 1467 820 υἰοῦς
1499 750 1727 828 ἀνθρω-

115 835 286 896 πων.”
333 843 446 896 153.
484 837 556 895 δι’
596 829 675 895 ὦν
699 843 849 894 πᾶσα
871 843 985 897 τῶν
1014 834 1338 894 άποστόλων
1359 843 1458 894 τοῦ
1481 843 1726 911 σωτῆρος

115 920 271 995 ἡμῶν
303 924 454 991 ἐλπὶς
485 920 612 980 οὔτε
646 927 723 988 εἰς
754 919 1078 996 ἄνθρωπον,
1111 918 1232 978 ἀλλ’
1272 927 1348 989 εἰς
1378 920 1474 979 τὸν
1505 926 1728 997 σωτῆρα

52 1030 93 1064 ιο
116 1009 208 1063 καὶ
247 1004 441 1082 κύριον
481 1003 697 1078 αὐτῶν,
750 998 908 1073 οὗτος
951 1007 1009 1062 δὲ
1050 998 1120 1079 ἦν
1159 1003 1187 1063 ὁ
1220 1008 1318 1063 τοῦ
1367 1010 1508 1064 θεοῦ
1546 1005 1722 1079 λόγος.

119 1094 233 1148 154.
267 1088 349 1158 οἷς
390 1093 511 1165 ἑξῆς
554 1093 791 1164 ἐπιλέγει
816 1086 944 1147 “nai
988 1096 1139 1148 ἔσται
1177 1089 1238 1148 τὸ
1277 1086 1591 1164 ὑπόλειμμα
1626 1088 1725 1148 Ἰα-
1754 1115 1774 1146 b

115 1174 233 1249 κῶβ
266 1178 325 1233 ἐν
355 1189 468 1244 τοῖς
500 1181 728 1234 ἔθνεσιν
759 1178 820 1233 ἐν
848 1177 997 1252 μέσῳ
1029 1179 1180 1232 λαῶν
1209 1178 1449 1247 πολλῶν,
1482 1171 1553 1243 ὡς
1585 1176 1727 1233 λέων

118 1262 179 1317 ἐν
208 1273 320 1327 τοῖς
351 1259 571 1332 κτήνεσι
602 1263 702 1318 τοῦ
735 1263 949 1335 δρυμοῦ
995 1262 1086 1317 καὶ
1127 1256 1199 1327 ὥς
1242 1258 1485 1333 σκύμνος
1518 1263 1577 1316 ἐν
1608 1283 1725 1317 ποι-

118 1349 295 1416 μνίοις
326 1343 643 1417 προβάτων·
710 1341 775 1402 ὃν
805 1343 1010 1418 τρόπον
1040 1343 1174 1402 ὅταν
1207 1346 1434 1418 διέλθῃ,
1477 1347 1570 1401 καὶ
1603 1349 1726 1401 δια-

55 1451 96 1483 ι5
118 1433 334 1495 στείλας
365 1427 616 1503 ἁρπάσῃ,
657 1431 748 1486 καὶ
787 1428 862 1502 μὴ
893 1421 927 1502 ᾖ
959 1428 988 1486 ὁ
1033 1427 1468 1502 ἐξαιρούμενος.”
1536 1425 1612 1486 δι’
1648 1421 1727 1486 οἷν

118 1510 267 1585 οἶμαι
301 1516 614 1585 δηλοῦσθαι
635 1511 693 1570 τὸ
717 1515 1034 1586 θαρσαλέον
1064 1514 1157 1569 καὶ
1187 1510 1606 1586 ἀκατάπληκτον
1629 1518 1726 1571 τοῦ

114 1595 485 1656 ἀποστολικοῦ
523 1595 880 1671 κηρύγματος.
968 1601 1084 1654 155.
1128 1602 1291 1669 δίκην
1329 1600 1468 1668 γοῦν
1508 1600 1726 1664 λέοντος

117 1682 208 1738 καὶ
240 1678 489 1754 σκύμνου
522 1684 581 1739 ἐν
604 1687 678 1758 τῷ
705 1685 897 1758 δρυμῷ
921 1685 1032 1739 τῶν
1058 1683 1243 1739 ε’θνῶν
1266 1683 1358 1738 καὶ
1383 1683 1443 1738 ἐν
1473 1695 1590 1748 ταῖς
1614 1686 1727 1739 τῶν

117 1761 496 1838 ἀνθρωπίνων
519 1764 815 1840 προβάτων
838 1764 1058 1839 ἀγέλαις
1083 1765 1452 1839 εἰσβαλόντες,
1485 1769 1576 1822 καὶ
1610 1771 1725 1823 δια-

49 1872 95 1906 20
118 1855 429 1918 στείλαντες
452 1849 580 1917 τοὺς
602 1848 789 1919 ἀξίους
812 1846 920 1907 άπὸ
944 1856 1056 1908 τῶν
1079 1847 1341 1922 ἀναξίων,
1373 1846 1725 1922 ὑπηγάγοντο

116 1940 191 1991 τῶ
222 1937 468 2009 Χριστοῦ
498 1933 670 2012 λόγῳ·
717 1933 854 2010 πρὸς
877 1931 944 1993 ὃν
968 1937 1088 2009 ἑξῆς
1119 1932 1497 2009 ἆναφωνεϊται
1529 1935 1593 1991 τὰ
1624 1932 1722 1992 ἀπ’

117 2017 289 2077 αὐτοῦ
319 2018 723 2093 “ὑψωθήσεται
763 2018 798 2092 ἡ
839 2026 956 2094 χείρ
999 2040 1101 2078 σου
1141 2022 1229 2077 ἐπὶ
1269 2019 1395 2087 τούς
1424 2018 1726 2092 θλίβοντάς

117 2121 198 2177 σε,
231 2105 322 2161 καὶ
353 2103 555 2172 πάντες
588 2108 645 2161 oc
673 2107 870 2179 ε’χθροί
895 2126 998 2163 σου
1023 2102 1647 2177 ἐξολοθρευθήσονται.”
1692 2100 1722 2161 ὃ
1747 2129 1814 2171 [541

116 2189 207 2245 καὶ
231 2186 365 2246 αὐτὸ
389 2187 655 2262 πάρεστιν
667 2187 979 2263 ὀφθαλμοῖς
997 2187 1467 2264 παραλαμβάνειν.
1510 2193 1726 2262 μυρίων

49 2293 94 2328 25
117 2272 220 2347 γὰρ
260 2269 408 2331 ὅσων
441 2274 538 2331 τὸν
578 2276 821 2349 Χριστοῦ
861 2273 1027 2348 λόγον
1064 2274 1394 2343 θλιψοίντων
1433 2275 1524 2330 καὶ
1560 2275 1726 2331 εἰσέτι
1756 2310 1777 2331 ε

116 2361 222 2415 νῦν
261 2356 683 2432 πολεμούντων,
723 2357 1020 2433 ὑπερήρθη
1060 2362 1153 2416 καὶ
1194 2364 1460 2433 κρείττων
1500 2356 1726 2415 πάντων

116 2443 357 2514 γέγονεν.
433 2447 548 2501 156.
583 2441 722 2500 ἀλλὰ
765 2445 857 2500 καὶ
900 2442 1105 2516 ὑψώθη
1137 2442 1320 2516 ἡ”χεὶρ
1352 2445 1450 2499 τοῦ
1483 2443 1727 2515 Χριστοῦ

117 2523 254 2582 κατὰ
292 2525 517 2586 πάντων
562 2531 673 2585 τῶν
723 2526 1050 2596 θλιψάντων
1089 2525 1290 2599 αὐτὸν,
1341 2531 1398 2582 οἵ
1433 2549 1490 2582 τε
1535 2528 1728 2598 ἐχθροὶ

116 2606 290 2667 αὐτοῦ
318 2609 517 2679 πάντες
558 2616 615 2670 οἱ
651 2611 788 2670 κατὰ
830 2611 1060 2686 χρόνους
1098 2608 1519 2683 ἐπανιστάμενοι
1554 2608 1726 2667 αὐτοῦ

50 2713 96 2747 30
119 2699 184 2767 τῇ
217 2697 476 2771 ἐκκλησίᾳ
509 2696 1087 2769 ἑξολοθρευθήσεσθαι
1119 2698 1388 2768 λέγονται.

201 2969 431 2999 Eum-:mus
466 2971 542 3002 ΠΙ,
1415 2961 1450 3013 9
