1946 3158
230 120 331 172 123
909 122 1157 164 EUSEBII

226 243 317 295 δοι
349 235 523 295 αὐτοῦ
562 234 654 294 ἀπ’
701 234 871 311 ἀρχῆς
915 239 968 305 ἐξ
1009 233 1232 311 ἡμερῶν
1271 241 1486 304 αἰῶνος.
1549 238 1640 296 διὰ
1671 245 1833 297 τοῦτο

224 322 399 380 δῶσει
429 320 629 388 αὐτοὺς
661 324 762 387 ἕως
793 325 989 394 καιροῦ
1020 321 1333 395 τικτούσης·
1388 325 1625 396 τέξεται,
1657 326 1750 381 καὶ
1781 329 1839 382 οἷ

226 410 502 464 ἐπίλοιποι
539 409 651 463 τῶν
689 403 954 479 ἀδελφῶν
983 403 1170 464 αὐτῶν
1203 404 1649 482 ἐπιστρέψουσι.”
1716 412 1830 465 149.

223 493 319 548 καὶ
359 489 493 562 μετα
534 493 742 564 βραχέα
783 493 1021 563 ἐπιλέγει
1053 486 1185 548 “uoci
1225 497 1377 548 ἔσται
1414 489 1474 549 τὸ
1519 491 1834 567 ὑπόλειμμα

225 578 325 632 τοῦ
348 571 543 646 Ἰακώβ
586 578 646 632 ἐν
677 589 790 642 τοῖς
821 582 1078 647 ἔθνεσιν,
1125 579 1186 632 ἐν
1215 579 1366 654 μέσῳ
1406 579 1558 634 λαῶν
1588 582 1831 649 πολλῶν,
1856 601 1877 634 5

227 655 299 725 ῶς
332 657 528 733 δρόσος
558 657 707 732 παρὰ
737 666 936 732 κυρίου
966 667 1275 733 πίπτουσα,
1316 663 1408 719 καὶ
1441 657 1514 728 ῶς
1544 659 1707 735 ἄρνες
1740 657 1830 719 ἐπ’

224 741 530 816 ἄγρωστιν,
574 742 723 810 ὅπως
762 743 836 819 μὴ
875 748 1134 819 συναχθῇ
1173 748 1397 818 μηδεὶς,
1438 746 1577 818 μηδὲ
1617 745 1833 821 ῦποστῇ

225 831 286 884 ἐν
316 833 458 894 υἱοῖς
491 827 836 902 ἀνθρώπων·
898 831 990 886 καὶ
1032 836 1183 887 ἔσται
1213 829 1273 887 τὸ
1304 826 1618 904 ὑπόλειμμα
1644 827 1835 903 Ἰακῶβ

176 940 201 962 <c
226 915 286 969 ἐν
315 926 427 979 τοῖς
459 920 717 986 ἔθνεσιν,
752 917 812 971 ἐν
841 916 990 990 μέσῳ
1022 918 1172 971 λαῶν
1202 917 1453 987 πολλῶν,
1496 912 1569 981 ῶς
1599 916 1742 973 λέων
1775 917 1835 972 ἐν

223 1010 336 1063 τοῖς
367 995 591 1069 κτήνεσι
622 1001 719 1055 τοῦ
752 1002 996 1073 δρυμοῦ,
1030 1000 1119 1054 καὶ
1153 994 1225 1066 ῶς
1256 997 1499 1072 σκύμνος
1526 1001 1585 1056 ἐν
1614 1005 1831 1072 ποιμνί-
1855 1021 1896 1054 10

223 1105 303 1147 οις
332 1080 651 1155 προβάτων·
712 1078 779 1140 ὃν
808 1081 1014 1156 τρόπον
1042 1081 1176 1140 ὅταν
1209 1085 1407 1157 διέλθῃ
1459 1085 1551 1140 καὶ
1595 1089 1833 1141 διαστεί-

218 1172 321 1234 λας
350 1164 602 1239 ἁρπάσῃ,
646 1168 738 1224 καὶ
769 1165 843 1240 μὴ
875 1158 912 1240 ᾖ
941 1165 968 1223 ὁ
1012 1165 1408 1242 ἐξαιρούμενος.
1469 1165 1833 1240 ὑψωθήσεται

221 1247 256 1322 ἡ
299 1257 417 1322 χείρ
470 1269 572 1307 σου
621 1252 710 1307 ἐπὶ
755 1250 883 1318 τοῦς
925 1250 1228 1323 θλίβοντάς
1268 1270 1358 1324 σε,
1410 1255 1504 1309 καὶ
1546 1251 1748 1319 πάντες
1779 1257 1835 1310 οἱ

219 1336 422 1408 ἐχθροί
446 1353 548 1392 σου
581 1334 1202 1409 ἐξολοθρευθήσονται.”

351 1424 465 1476 150.
508 1418 735 1478 Τούτων
757 1417 883 1477 οὐδ’
915 1417 984 1477 ἄν
1005 1445 1056 1477 τι
1080 1422 1294 1492 γένοιτο
1320 1419 1667 1494 λευκότερον,
1692 1419 1831 1478 κατὰ
1853 1441 1894 1474 15

214 1501 278 1560 ’τό
311 1502 444 1560 αὐτὸ
477 1505 568 1560 καὶ
609 1503 711 1577 τὴν
740 1507 963 1577 γένεσιν
992 1502 1094 1578 τὴν
1138 1509 1198 1563 ἐν
1226 1506 1484 1580 Βηθλεὲμ
1525 1509 1623 1563 τοῦ
1654 1508 1832 1578 σωτῆ-

214 1612 313 1661 ρος
355 1586 838 1662 ἆναφωνούντων,
879 1592 972 1647 καὶ
1016 1588 1118 1663 τὴν
1165 1590 1271 1664 πρὸ
1322 1594 1522 1655 αἰῶνος
1561 1588 1831 1648 οὐσίωσιν

214 1670 421 1746 αὐτοῦ,
454 1674 546 1730 καὶ
577 1672 673 1732 τὸν
702 1676 797 1746 τῆς
827 1675 1116 1749 παρθένου
1147 1673 1369 1732 τοκετὸν
1386 1719 1401 1746 ,
1434 1676 1525 1731 καὶ
1548 1679 1661 1731 τῶν
1691 1670 1830 1732 ἀπο-

219 1755 431 1814 στόλων
461 1760 553 1814 καὶ
591 1763 862 1831 μαθητῶν
901 1757 1072 1816 αὐτοῦ
1111 1758 1214 1831 τὴν
1242 1765 1467 1831 κλῆσιν,
1514 1760 1606 1815 καὶ
1636 1759 1694 1816 τὸ
1727 1758 1830 1831 κη’-

218 1865 403 1915 ρυγμα
435 1841 493 1899 τὸ
525 1840 658 1900 καθ’
692 1841 822 1915 ὅλης
855 1846 949 1916 τῆς
972 1846 1298 1916 οἰκουμένης
1321 1845 1446 1917 περὶ
1472 1847 1569 1901 τοῦ
1583 1847 1827 1918 Χριστοῦ
1849 1865 1891 1898 20

166 1948 190 1981 d
221 1922 296 1982 δι’
331 1923 516 1983 αὐτῶν
546 1930 1004 1999 κατηγγελμένον.
1069 1931 1185 1986 151.
1218 1931 1317 1984 τοῦ
1348 1927 1454 2001 γὰρ
1480 1931 1826 2001 δηλουμένου

216 2007 476 2082 ἄρχοντος
497 2055 511 2083 ,
543 2003 611 2068 οῦ
639 2010 736 2078 τὰς
769 2009 989 2079 ἐξόδους
1030 2009 1058 2068 ὁ
1090 2010 1249 2084 λόγος
1281 2015 1334 2080 ἐξ
1373 2008 1597 2086 ἡμερῶν
1627 2017 1826 2080 αἰῶνος

218 2093 363 2150 εἶναι
405 2100 591 2166 δηλοῖ,
637 2098 696 2152 ἐκ
735 2098 830 2167 τῆς
868 2096 1126 2168 Βηθλεὲμ
1177 2099 1684 2170 προελευσομένου,
1731 2099 1823 2154 καὶ

213 2181 312 2249 τῆς
351 2185 548 2236 τοῦτον
577 2176 975 2253 ἆποτικτούσης
1004 2175 1164 2253 ἁγίας
1195 2184 1484 2255 παρθένου
1515 2182 1822 2255 τεξομένης,

211 2261 283 2318 οὐ
314 2261 524 2329 πάντας
554 2266 692 2337 φησὶ
722 2262 850 2330 τοῦς
882 2268 942 2322 ἐκ
971 2262 1437 2339 περιτομῆς,οἷλλὰ
1459 2265 1664 2339 μόνους
1693 2265 1821 2333 τοῦς
1845 2287 1888 2320 25

216 2348 536 2415 ἐπιλοίπους
576 2346 1081 2421 ἆνασωθήσεσθαι,
1133 2346 1232 2416 οῦς
1283 2352 1374 2407 καὶ
1416 2358 1616 2423 λεῖμμα
1656 2349 1824 2422 γενή-

213 2441 415 2489 σεσθαι
446 2436 544 2490 τοῦ
569 2429 790 2506 Ἰακῶβ,
832 2435 924 2490 καὶ
967 2439 1130 2506 δίκην
1161 2432 1367 2508 δρόσου
1401 2436 1488 2491 ε’πὶ
1514 2433 1695 2491 πάντα
1726 2439 1822 2502 δοὴ

212 2514 496 2587 θήσεσθαι
525 2516 590 2574 τὰ·
621 2524 776 2591 ἔθνη.
808 2515 1001 2575 “ἔσται
1031 2516 1136 2590 γάρ
1169 2518 1391 2592 (φησὶν)
1422 2516 1483 2575 τό
1506 2517 1820 2592 ὑπόλειμμα

210 2602 312 2657 τοῦ
335 2597 527 2674 Ἰακῶβ
560 2605 620 2660 ἐν
649 2616 764 2669 τοῖς
795 2608 1048 2674 ἔθνεσιν,
1092 2598 1164 2668 ῶς
1207 2601 1400 2675 δρόσος
1442 2602 1590 2677 παρὰ
1621 2610 1820 2678 κυρίου

211 2690 490 2742 πίπτουσα
541 2689 631 2744 καὶ
665 2683 738 2755 ῶς
777 2685 941 2762 ἄρνες
985 2684 1072 2744 ἐπ’
1116 2684 1446 2761 ἅγρωστιν.”
1533 2692 1647 2745 152.
1682 2684 1814 2746 ἄνθ’
1842 2707 1882 2740 30

324 2880 349 2916 4
383 2878 487 2922 Mic.
512 2883 551 2931 5,
576 2882 615 2921 7.
