1946 3158
230 100 299 152 58
909 99 1156 142 EUSEBII

233 218 546 289 τευομένοις
576 214 643 272 τά
685 216 926 286 πρακτέα
965 212 1370 287 ὑποτίθεσθαι,
1411 212 1599 288 ἀγρῶν
1641 239 1700 272 τε
1745 218 1837 273 καὶ

236 305 496 375 ἐμπορίας
521 303 612 357 καὶ
643 303 737 372 τῆς
769 298 936 371 ἄλλης
981 302 1405 372 πολιτικωτέρας
1445 299 1661 373 ἀγωγῆς
1702 299 1837 371 μετὰ

232 388 332 443 τοῦ
361 388 664 458 θεοσεβοῦς
696 391 1038 456 φροντίζειν,
1081 382 1163 450 οἷς
1194 386 1284 441 καὶ
1324 381 1613 457 ἀσκήσεων
1653 387 1835 457 καιροὶ

233 477 535 543 μαθητείας
565 493 623 526 τε
654 471 746 525 καὶ
775 475 890 525 τῶν
920 475 1096 526 θείων
1127 467 1308 541 λόγων
1347 468 1662 543 ἀκροάσεως
1703 465 1838 542 ἡμέ-

235 579 326 629 ραι
366 552 791 627 ἀφωρίσθησαν.
853 557 901 609 4.
936 559 1035 610 καί
1051 578 1130 621 τις
1151 553 1362 620 τούτοις
1391 553 1647 626 δεύτερος
1671 552 1834 610 εὖσε-
1859 575 1879 609 5

192 660 214 692 b
238 645 392 711 βείας
423 635 748 710 ἀπενεμήθη
780 636 1014 710 βαθμὸς,
1046 636 1388 710 κατάλληλον
1410 642 1487 715 τῷ
1509 640 1700 714 τοιῳδὶ
1731 643 1835 714 βίῳ

235 725 491 795 παρέχων
521 722 622 794 τὴν
653 719 945 795 ὠφέλειαν,
980 719 1052 788 ὡς
1082 726 1296 795 μηδένα
1321 719 1572 796 ἀμοιρεῖν
1601 726 1696 794 τῆς
1728 741 1839 779 σω-

235 814 427 880 τηρίου
461 810 802 879 ἐπιφανείας,
834 811 946 864 πᾶν
978 808 1038 863 δὲ
1069 810 1226 878 γένος
1257 805 1608 879 ἀνθρώπων,
1646 805 1840 880 Ἑλλή-

233 916 349 950 νων
379 890 518 964 ὁμοῦ
550 893 640 948 καὶ
671 889 990 966 βαρβάρων,
1022 896 1117 964 τῆς
1150 889 1507 964 εύαγγελικῆς
1531 888 1838 948 ἀπολαύειν

237 982 611 1041 διδασκαλίας.
1860 998 1902 1031 10

193 1099 210 1120 c
359 1074 440 1122 lX.
497 1058 721 1119 Τούτων
751 1051 860 1117 ὦδε
892 1058 1131 1132 ἐχόντων
1162 1059 1385 1133 ζητήσαι
1411 1059 1481 1117 ἄν
1511 1084 1591 1125 τις
1616 1058 1838 1126 εἰκότως

237 1152 288 1203 εἰ
312 1144 379 1218 δὴ
402 1145 537 1202 κατὰ
556 1145 683 1212 τοὺς
697 1143 865 1201 πάλαι
895 1147 987 1201 καὶ
1017 1143 1122 1217 πρὸ
1157 1148 1407 1211 ,Μωσέως
1437 1153 1723 1216 θεοφιλεῖς
1742 1142 1838 1202 ἄν·

239 1236 371 1305 δρας
385 1229 487 1302 τὴν
507 1233 606 1286 τοῦ
631 1235 875 1302 σωτῆρος
899 1225 1055 1301 ἡμῶν
1083 1226 1447 1301 εύαγγελικὴν
1474 1234 1839 1286 διδασκαλίαν

234 1322 529 1387 θεοσεβεῑν
547 1310 923 1371 ὑποτίθεσθαι
954 1314 1169 1386 φαμὲν,
1201 1321 1334 1385 μιάν
1358 1337 1418 1370 τε
1459 1310 1614 1386 ἡμῶν
1644 1337 1702 1371 τε
1743 1310 1837 1369 κά-

237 1406 439 1457 κείνων
480 1395 788 1470 εὐσέβειαν,
834 1401 925 1454 καὶ
970 1402 1110 1455 θεοῦ
1140 1402 1350 1470 γνῶσιν
1388 1396 1488 1469 τὴν
1530 1397 1735 1470 αὐτὴν,
1786 1403 1845 1454 τί
1862 1417 1902 1451 15

239 1486 375 1555 δῆτα
406 1489 463 1540 οὗ
491 1484 593 1557 μὲν
629 1485 755 1554 περὶ
786 1481 995 1555 γάμους
1035 1484 1126 1538 καὶ
1167 1488 1518 1549 παιδοποιίας
1574 1488 1840 1554 πλείστην

239 1573 461 1640 εἰσῆγον
513 1567 794 1639 σπουδὴν,
836 1564 970 1640 ἡμῖν
1014 1567 1076 1623 δὲ
1127 1572 1287 1624 τοῦτο
1328 1575 1728 1640 παραμελεῐται
1777 1565 1836 1624 τὸ

236 1654 414 1727 μέρος.
449 1657 498 1709 2.
525 1654 616 1709 καὶ
636 1651 804 1709 πάλιν
825 1657 882 1709 οὗ
906 1652 1008 1724 μὲν
1031 1664 1150 1716 ταῖς
1184 1650 1274 1707 διά
1307 1650 1460 1725 ζςόων
1480 1657 1709 1717 θυσίαις
1733 1654 1837 1719 ἐξι-

191 1761 213 1793 d
239 1735 526 1810 λεούμενοι
555 1737 652 1794 τὸν
677 1736 816 1793 θεὸν
845 1733 1260 1808 ἀνεγράφησαν,
1303 1732 1437 1806 ἡμῖν
1469 1736 1530 1791 δὲ
1561 1737 1652 1792 καὶ
1680 1739 1839 1792 τοῦτο

237 1820 515 1894 πράττειν,
549 1818 620 1887 ὥς
651 1845 702 1877 τι
732 1826 844 1876 τῶν
875 1818 1136 1890 ἀνοσίων,
1161 1816 1546 1891 ἀπηγόρευται.
1614 1819 1716 1877 δύο
1733 1818 1838 1893 γὰρ
1861 1842 1903 1874 20

237 1905 388 1977 μόνα
408 1909 581 1962 ταῦτα
611 1901 678 1961 ού
709 1901 942 1976 σμικρὸν
974 1908 1167 1976 ἔχοντα
1198 1903 1363 1976 λόγον
1390 1903 1599 1971 δόξειεν
1622 1900 1693 1962 ἀν
1725 1919 1839 1971 τοῖς

236 1988 336 2062 ὑφ’
373 1987 528 2061 ἡμῶν
561 1990 866 2061 εἰρημένοις
896 1984 1261 2058 ἀντιπίπτειν,
1296 1987 1367 2055 ὡς
1397 1987 1471 2062 μὴ
1503 1987 1639 2045 κατά
1668 1995 1840 2053 ταῦτα

238 2073 334 2131 τὸν
364 2073 600 2131 παλαιὸν
630 2071 918 2141 σωζόντων
947 2075 1041 2144 τῆς
1074 2069 1362 2144 εὐσεβείας
1393 2072 1612 2146 τρόπον.
1674 2078 1722 2130 3.
1746 2075 1839 2130 καὶ

238 2157 374 2233 πρὸς
415 2156 570 2215 ταῦτ’
626 2148 728 2214 οὖν
771 2154 993 2213 τοιάνδε
1042 2155 1204 2214 λύσιν
1250 2161 1302 2225 ἐξ
1345 2154 1530 2214 αὐτῶν
1572 2156 1840 2231 πάρεστιν

239 2241 614 2310 ἀναλέξασθαι
646 2245 756 2298 τῶν
788 2239 918 2315 παρ’
948 2239 1221 2314 Ἑβραίοις
1245 2249 1463 2313 λογίων.
1518 2246 1576 2298 οἱ
1600 2243 1703 2315 μὲν
1733 2239 1838 2315 πρὸ
1862 2262 1903 2295 25

241 2330 491 2394 ιΜωσέως
517 2323 601 2383 ἐπ’
637 2323 894 2401 εὐσεβείᾳ
912 2329 1408 2399 μεμαρτυρημένοι,
1424 2323 1600 2399 ἀρχὴν
1623 2332 1840 2399 ἔχοντος

238 2410 359 2470 τότε
403 2413 495 2468 καὶ
535 2412 939 2484 συνισταμένου
978 2415 1075 2468 τοῦ
1116 2417 1270 2483 βίου,
1323 2413 1589 2483 γενέσθαι
1633 2435 1839 2484 μνημο-

240 2495 526 2568 νεύονται,
571 2494 637 2552 τὰ
690 2497 751 2553 δὲ
792 2493 924 2553 καθ’
989 2493 1129 2568 ἡμᾶς
1185 2497 1309 2567 περὶ
1360 2497 1512 2562 τέλος
1565 2495 1837 2554 ἐλαύνειν.

240 2585 287 2638 4.
346 2578 431 2638 διὸ
470 2595 584 2647 τοῖς
637 2581 739 2654 μὲν
791 2579 1202 2649 σπουδάζεσθαι
1248 2579 1349 2652 τὴν
1399 2583 1511 2637 τῶν
1563 2579 1841 2653 διαδόχων

243 2668 493 2722 ἐπίδοσιν
527 2671 604 2732 εἰς
635 2671 1141 2740 πολυανθρωπίαν,
1185 2663 1444 2732 αὔξοντος
1485 2663 1602 2721 κατ’
1663 2669 1839 2722 ἐκεῖνο
1862 2684 1903 2718 30

242 2752 437 2821 καιροῦ
468 2752 560 2806 καὶ
590 2748 941 2822 πληθύοντος
980 2756 1056 2817 εἰς
1095 2746 1276 2822 ἀκμήν
1314 2773 1374 2806 τε
1413 2748 1702 2820 προϊόντος
1741 2753 1839 2806 τοῦ

151 2854 218 2895 (31)
244 2837 355 2890 τῶν
385 2831 705 2909 ἀνθρώπων
735 2838 959 2907 γένους·
1001 2832 1134 2907 ἡμῖν
1166 2835 1225 2891 δὲ
1254 2831 1328 2907 μὴ
1353 2833 1570 2908 σφόδρα
1599 2858 1651 2891 τι
1679 2838 1838 2891 τοῦτο
