1992 3186
229 131 336 183 220
905 131 1154 172 EUSEBII

229 257 438 306 θεσθαι
461 244 855 319 δημιουργικὰς
877 244 1158 318 δυνάμεις,
1191 247 1280 302 καὶ
1303 245 1540 312 πολλοὺς
1551 243 1838 319 ὀνομάζειν

229 330 418 403 θεοὺς,
448 330 571 403 οὐχὶ
605 331 665 387 δὲ
694 335 828 402 μίαν
857 325 1147 402 ὁμολογεῖν
1175 327 1276 402 τὴν
1319 328 1392 395 ῶς
1433 328 1658 402 ἀληθῶς
1697 334 1838 388 θεοῦ

190 451 208 473 c
232 414 474 488 δύναμιν
504 416 594 470 καὶ
616 417 757 470 θεοῦ
786 419 1011 485 σοφίαν,
1042 417 1138 489 μιᾷ
1161 412 1395 486 δυνάμει
1427 416 1516 470 καὶ
1539 412 1707 488 ἀρετῇ
1736 417 1835 489 μιᾷ

232 499 370 573 ὁμοῦ
390 498 457 555 τὰ
487 496 666 554 πάντα
687 493 1072 570 ῦφισταμένην
1101 520 1160 554 τε
1189 499 1280 554 καὶ
1311 502 1580 570 ζωοῦσαν,
1611 500 1702 554 καὶ
1725 512 1839 563 τοῖς

230 589 364 641 πᾶσι
394 587 652 653 ποικίλην
681 580 782 654 τὴν
814 584 867 649 ἐξ
899 578 1068 653 αὐτῆς
1095 584 1451 654 ἐπιχορηγίαν
1472 584 1838 655 ποιουμε’νην;
1862 616 1884 648 5

230 666 374 724 οὕτω
389 668 480 723 καὶ
501 665 682 739 φωτὸς
704 660 865 737 ἡλίου
876 671 974 738 μία
998 668 1089 722 καὶ
1105 661 1291 738 ἡαύτὴ
1305 664 1584 739 προσβολὴ
1600 662 1737 738 ὁμοῦ
1750 668 1843 722 καὶ

145 776 210 820 [98]
232 748 366 808 κατὰ
389 748 448 808 τό
467 747 602 807 αὐτὸ
632 749 959 822 καταυγάζει
988 750 1092 823 μὲν
1111 748 1267 822 ἀέρα,
1299 756 1519 820 φωτίζει
1547 750 1606 806 δὲ
1629 745 1844 822 ὀφθαλ-

231 834 385 909 μοὺς,
407 832 560 907 ἁφὴν
591 835 651 891 δὲ
681 842 994 907 θερμαίνει,
1026 841 1233 891 πιαίνει
1258 835 1318 890 δὲ
1340 839 1466 906 γῆν,
1500 832 1654 902 αὔξει
1677 833 1846 906 φυτὰ,

230 918 431 993 χρόνον
451 917 773 991 ὑφίστησιν,
788 917 1008 992 ἄστρων
1030 914 1243 991 ἡγεῖται
1248 916 1519 991 ,οὐρανὸν
1538 925 1843 990 περιπολεῖ,

232 1002 440 1076 κόσμον
479 1002 805 1077 φαιδρύνει,
846 1006 986 1061 θεοῦ
1019 1003 1260 1076 δύναμιν
1301 1005 1507 1075 ἐναργῆ
1543 1000 1645 1075 τὴν
1679 1005 1737 1058 ἐν
1767 1007 1842 1078 τῶ
1867 1034 1906 1066 ω

232 1090 398 1145 παντὶ
439 1094 757 1160 συνίστησι,
800 1085 979 1144 πάντα
1018 1111 1076 1144 τε
1116 1092 1290 1143 ταῦτα
1321 1092 1417 1162 μιᾷ
1449 1091 1591 1161 ῥοπῇ
1622 1085 1844 1158 φύσεως

233 1180 502 1229 συντελεῖ.
568 1176 647 1228 12.
681 1173 775 1228 καὶ
806 1171 980 1243 πυρὸς
1010 1170 1179 1243 φύσις
1208 1170 1416 1244 χρυσὸν
1439 1173 1541 1244 μὲν
1564 1177 1843 1242 καθαίρει,

232 1254 503 1329 μόλιβδον
545 1256 605 1312 δὲ
643 1254 820 1327 τήκει·
877 1254 1181 1328 καὶΔκηρὸν
1223 1256 1326 1328 μὲν
1371 1254 1519 1326 λύει,
1562 1254 1740 1326 πηλὸν
1783 1255 1845 1311 δὲ

187 1365 212 1398 d
235 1343 512 1413 ξηραίνει,
542 1338 686 1412 ῦλην
720 1340 779 1396 δὲ
810 1339 1039 1412 φρύγει,
1081 1345 1178 1414 μιᾷ
1207 1344 1275 1413 τῇ
1307 1343 1577 1412 καυστικῇ
1612 1336 1846 1411 δυνάμει

232 1423 299 1480 τὰ
328 1429 568 1481 τοσαῦτα
599 1426 1050 1496 κατεργαζομένη.
1097 1422 1268 1496 ταύτῃ
1289 1447 1372 1481 τοι
1402 1425 1494 1480 καὶ
1524 1419 1553 1479 ὁ
1585 1421 1843 1496 οὐράνιος
1868 1453 1908 1486 15

233 1511 332 1564 τοῦ
373 1513 513 1564 θεοῦ
557 1507 747 1580 λόγος,
800 1510 829 1564 ὁ
860 1510 951 1564 καὶ
1003 1507 1166 1580 ἡλίου
1205 1509 1301 1563 καὶ
1341 1506 1585 1580 οὐρανοῦ
1626 1509 1717 1564 καὶ
1747 1512 1847 1564 τοῦ

235 1590 550 1664 σύμπαντος
591 1590 801 1664 κόσμου
833 1591 1252 1665 δημιουργικός,
1297 1597 1566 1665 δραστικῇ
1613 1589 1846 1664 δυνάμει

233 1689 346 1743 τοῖς
377 1682 548 1733 πᾶσιν
571 1677 858 1749 ἐπιπαρών
880 1678 972 1733 καὶ
1006 1675 1097 1733 διὰ
1127 1675 1355 1735 πάντων
1373 1675 1543 1749 ἥκων,
1574 1672 1713 1751 ἡλίῳ
1743 1675 1846 1747 μὲν

235 1762 325 1816 καὶ
358 1759 564 1833 σελήνῃ
595 1763 687 1817 καὶ
717 1758 936 1832 ἄστροις
969 1764 1022 1829 ἐξ
1064 1767 1271 1826 οἰκείας
1309 1766 1403 1833 τῆς
1433 1758 1640 1816 ἀενάου
1671 1757 1846 1817 δυνά-

233 1867 379 1917 μεως
423 1850 543 1917 φῶς
584 1847 876 1918 ἐπομβρεῖ,
930 1842 1173 1918 οὐρανὸν
1217 1845 1276 1900 δὲ
1315 1849 1523 1901 οἰκείου
1570 1845 1843 1916 μεγέθους
1868 1875 1909 1907 20

234 1927 699 2001 προσφυεστάτην
730 1927 919 1986 εἰκόνα
948 1928 1051 2000 τὴν
1080 1927 1258 2000 ἀρχὴν
1285 1926 1737 2000 ὑποστησάμενος
1769 1933 1846 1994 εἰς

235 2018 413 2068 αἰῶνα
457 2017 766 2085 διακρατεῖ,
811 2012 908 2079 τοὶς
951 2012 1013 2068 δὲ
1055 2013 1306 2068 ἐπέκεινα
1347 2010 1590 2085 οὐρανοῦ
1629 2014 1721 2068 καὶ
1752 2009 1846 2068 κό-

236 2114 378 2167 σμου
392 2094 656 2168 δυνάμεις
681 2092 933 2168 ἀγγέλων
956 2097 1048 2151 καὶ
1072 2094 1422 2168 πνευμάτων,
1439 2099 1651 2169 νοερῶν
1672 2120 1731 2153 τε
1754 2098 1847 2152 καὶ

39 2214 43 2218 ·
126 2202 217 2243 (153)
236 2184 475 2251 λογικῶν
504 2178 729 2251 οὐσιῶν,
763 2184 899 2250 ζωῆς
928 2177 1066 2251 ὁμοῦ
1089 2181 1180 2235 καὶ
1203 2178 1386 2251 φωτὸς
1409 2182 1497 2236 καὶ
1525 2186 1723 2253 σοφίας
1753 2181 1847 2236 καὶ

234 2261 411 2335 πάσης
441 2261 637 2335 ἀρετῆς
661 2265 751 2319 καὶ
777 2268 948 2320 καλοῦ
977 2261 1229 2334 κάγαθοῦ
1259 2262 1464 2330 παντὸς
1491 2267 1549 2320 ἐκ
1570 2268 1685 2321 τῶν
1707 2261 1839 2338 παρ’
1867 2293 1908 2326 25

235 2345 410 2404 αὐτοῦ
448 2350 756 2422 θησαυρῶν
798 2351 1169 2420 ἐμπίμπλησι,
1211 2354 1307 2422 μιᾷ
1346 2350 1436 2405 καὶ
1476 2354 1543 2421 τῇ
1574 2345 1713 2420 αὐτῇ
1746 2353 1847 2421 δη-

235 2435 483 2508 μιουργῷ
522 2435 713 2506 τέχνη
771 2433 862 2488 καὶ
903 2438 1188 2504 στοιχείοις
1228 2430 1421 2500 οὐσίας
1461 2430 1530 2489 οὔ
1560 2455 1690 2488 ποτε
1723 2437 1846 2488 δια-

237 2514 495 2588 λιμπάνει
526 2518 811 2589 παρέχων,
854 2518 947 2572 καὶ
986 2518 1160 2588 μίξεις
1192 2519 1283 2573 καὶ
1314 2515 1564 2589 κράσεις,
1600 2518 1691 2572 καὶ
1723 2521 1845 2587 εἴδη

237 2601 327 2656 καὶ
367 2598 585 2674 μορφὰς
625 2602 718 2657 καὶ
759 2599 1031 2673 σχήματα,
1083 2598 1371 2673 ποιότητάς
1410 2623 1469 2656 τε
1508 2606 1738 2673 μυρίας,
1783 2605 1844 2656 ἔν

236 2706 296 2739 τε
337 2682 489 2758 ζῴοις
537 2686 628 2741 καὶ
673 2698 870 2758 φυτοῖς
917 2686 1009 2741 καὶ
1050 2696 1252 2757 ψυχαῖς
1291 2687 1384 2741 καὶ
1433 2683 1648 2758 σῶμασι
1692 2691 1843 2756 λογι-
1865 2712 1908 2745 30

351 2878 376 2916 3
410 2877 446 2914 1.
473 2875 574 2920 Cor.
601 2878 639 2928 1,
663 2879 732 2920 24.
