1992 3186
258 133 363 184 430
934 130 1180 171 EUSEBII

261 247 383 316 ἑνὸς
415 248 518 321 γὰρ
550 251 791 321 Χριστοῦ
834 248 924 302 καὶ
969 250 1069 303 τοῦ
1098 248 1567 320 καταγγελθέντος
1599 244 1734 320 πρὸς
1765 250 1868 303 αὐ-

257 336 357 391 τοῦ
399 331 567 404 λόγου
608 334 702 402 τῆς
743 334 854 386 τῶν
894 328 1217 404 ἀνθρώπων
1260 335 1438 404 ψυχῆς
1478 330 1869 404 βασιλεύοντος

257 423 314 474 οἱ
340 419 473 489 πρὶν
512 412 933 487 ἀποπεφεύγασι
972 416 1249 488 πολέμιοι,
1294 414 1394 472 δύο
1434 415 1625 488 τρόποι
1667 421 1869 473 δυσσε-

257 507 441 573 βείας,
485 497 515 555 ὅ
555 523 612 556 τε
651 497 753 571 τὴν
787 503 1219 572 εἰδωλολατριάν
1249 501 1341 556 καὶ
1372 497 1476 572 τήν
1508 503 1567 556 ἐν
1597 498 1869 573 πολυτρό-

257 608 378 651 ποις
433 582 703 657 δόγμασιν
761 585 1111 657 ἐτεροδοξίαν
1160 581 1498 656 ὑποβάλλων
1548 581 1870 656 ἀνθρώποις
1890 610 1911 642 5

256 671 348 725 καὶ
377 666 405 725 6
437 666 539 740 τὴν
571 672 631 724 ἐν
661 666 828 740 ἤθεσι
854 667 1195 740 διαστροφὴν
1221 671 1475 743 ἐνεργῶν.
1537 673 1621 726 52
1657 667 1869 726 τούτων

255 750 308 809 δ’
343 744 447 810 οῦν
478 758 679 826 ἔφερον
719 757 775 809 οι
812 751 980 808 πάλαι
1013 750 1346 826 δηλούμενοι
1377 755 1677 825 σωματικοὶ
1707 759 1871 825 βασι-

253 845 366 903 λεῑς
405 861 470 893 τα
512 836 786 909 σύμβολα·
855 829 934 893 ὠν
974 833 1002 893 6
1044 861 1146 909 μεν
1187 840 1581 910 Δαμασκηνων
1621 841 1717 909 τῆς
1757 840 1870 893 τῶν

254 924 441 978 ἐθνῶν
471 923 598 992 περὶ
627 919 692 978 τα
727 926 930 978 εἴδωλα
965 920 1176 994 πλάνης
1212 921 1376 979 εἰκών
1406 913 1505 994 ἦν,
1537 920 1565 978 6
1599 919 1652 978 δ’
1688 924 1869 995 ἕτερος

252 1011 364 1063 τῶν
395 1003 756 1062 ἀποστάντων
796 1011 890 1078 τῆς
915 1004 1299 1079 Ἰερουσαλὴμ,
1344 1004 1559 1078 δηλαδὴ
1591 1008 1703 1064 τῶν
1733 1002 1865 1062 ἆπο-
1890 1033 1932 1066 10

252 1089 621 1147 πεπτωκότων
650 1094 747 1161 τῆς
789 1088 925 1146 κατὰ
956 1089 1052 1147 τὸν
1083 1089 1254 1163 νόμον
1294 1094 1395 1147 τοῦ
1426 1096 1565 1147 θεοῦ
1597 1097 1864 1165 λατρείας.

139 1197 230 1239 (320)
254 1178 337 1231 53.
371 1173 453 1231 ὅτι
473 1175 533 1230 δὲ
562 1178 736 1230 ταῦτα
759 1173 894 1231 κατὰ
921 1172 1174 1231 διάνοιαν
1197 1178 1467 1247 τροπικῶς
1492 1171 1868 1248 ἀποδέχεσθαι

251 1257 515 1331 προσήκει
566 1257 737 1331 μάθοι
790 1257 861 1315 ἄν
901 1283 982 1324 τις
1021 1261 1113 1315 καὶ
1156 1258 1263 1315 ἀπὸ
1304 1262 1416 1315 τῶν
1449 1261 1571 1330 ἑξῆς
1619 1262 1869 1331 ἐπιλεγο-

250 1347 463 1415 μένων,
520 1339 598 1398 δι’
646 1336 725 1400 ὦν
767 1346 826 1400 ἐν
865 1348 932 1415 τῇ
972 1341 1149 1419 ἡμέρᾳ
1190 1349 1288 1400 τοῦ
1315 1340 1658 1416 Ἐμμανουὴλ
1701 1349 1867 1416 μυίας

250 1426 403 1492 τινας
434 1429 525 1483 καὶ
557 1433 818 1500 μελίσσας
853 1426 1246 1485 ἐπελεύσεσθαι
1291 1433 1366 1503 τῷ
1393 1424 1679 1486 Ἰουδαίων
1710 1435 1866 1485 ἔθνει
1889 1455 1931 1488 15

249 1513 340 1567 καὶ
371 1509 400 1567 6
433 1509 590 1583 λόγος
621 1518 901 1584 θεσπίζει,
932 1511 1027 1578 τὰς
1058 1512 1160 1584 μὲν
1191 1510 1286 1569 ἀπ’
1325 1510 1646 1584 Αἰγύπτου,
1677 1510 1772 1578 τὰς
1806 1512 1866 1568 δὲ

248 1592 354 1652 άπὸ
385 1601 497 1652 τῶν
522 1593 857 1670 Ἀσσυρίων,
889 1594 990 1669 τὴν
1019 1595 1270 1669 κεφαλὴν
1301 1599 1391 1653 καὶ
1414 1594 1543 1663 τοῦς
1567 1595 1741 1662 πόδας
1773 1598 1866 1653 καὶ

247 1677 343 1736 τὸν
366 1678 608 1751 πώγωνα
630 1678 1020 1754 ἀποξυρήσειν,
1047 1679 1350 1755 ἄνθρωπον
1370 1681 1431 1738 δὲ
1457 1679 1694 1754 δάμαλιν
1715 1683 1867 1753 βοοῖν

248 1766 341 1820 καὶ
376 1763 478 1820 δύο
521 1764 770 1837 πρόβατα
816 1767 1083 1839 θρέψειν,
1127 1768 1220 1822 καὶ
1264 1763 1404 1822 ἄλλα
1444 1763 1567 1822 τινα
1598 1762 1730 1822 καθ’
1766 1768 1864 1821 ἕνα

203 1872 220 1903 b
249 1850 339 1905 καὶ
379 1847 476 1906 τὸν
518 1849 690 1907 αὐτὸν
726 1849 929 1922 χρόνον
969 1856 1198 1907 ἔσεσθαι
1239 1847 1494 1921 οὐδαμῶς
1534 1847 1669 1923 πρὸς
1715 1851 1864 1916 λέξιν
1886 1875 1928 1909 20

250 1931 556 2005 νοούμενα,
589 1932 726 1992 κατὰ
756 1932 934 2006 μόνην
965 1934 1026 1990 δὲ
1060 1932 1314 1990 διάνοιαν
1343 1933 1723 2006 θεωρούμενα.

378 2020 462 2072 54.
504 2023 687 2073 Ταῦτα
718 2018 820 2090 μὲν
850 2009 954 2073 οῦν
983 2022 1235 2074 τοιαῦτα·
1284 2014 1431 2083 ὅπως
1458 2013 1574 2088 δὲὴ
1608 2022 1863 2091 παροῦσα

128 2133 224 2175 [193]
253 2099 438 2173 γραφὴ
478 2103 573 2172 τῆς
615 2106 713 2157 τοῦ
753 2104 997 2174 σωτῆρος
1037 2099 1196 2173 ἡμῶν
1218 2099 1398 2172 Ἰησοῦ
1429 2104 1674 2175 Χριστοῦ
1711 2102 1863 2173 γενέ-

248 2202 388 2250 σεως
430 2183 801 2256 προεσήμαινε
840 2183 936 2241 τὸν
975 2184 1180 2257 τρόπον
1219 2183 1564 2258 μαρτυρήσει
1596 2178 1711 2241 ὠδέ
1745 2206 1861 2251 πως

247 2266 274 2324 6
310 2267 704 2341 εῦαγγελιστὴς
732 2267 967 2342 γράφων
1008 2265 1125 2326 τοῦ
1160 2270 1219 2325 δε
1242 2269 1421 2342 Ἰησοῦ
1445 2272 1687 2344 Χριστοῦ
1717 2264 1750 2340 ἡ
1773 2270 1860 2340 γε’·
1884 2294 1926 2326 25

250 2372 396 2419 νεσις
428 2351 600 2420 οὕτως
631 2369 725 2425 ην
783 2359 1226 2427 μνηστευθείσης
1255 2351 1361 2427 γὰρ
1403 2355 1497 2424 τῆς
1527 2350 1728 2425 μητρὸς
1759 2350 1862 2452 αῦ-

246 2441 344 2494 τοῦ
388 2444 614 2516 Μαρίας
654 2462 728 2494 τω
764 2435 999 2511 Ἰωσὴφ,
1040 2439 1173 2511 πρὶν
1214 2432 1247 2509 ἢ
1294 2445 1597 2493 συνελθεῖν
1638 2433 1859 2508 αὐτοῦς,

247 2519 457 2594 εὑρέθη
491 2524 551 2578 ἐν
574 2524 771 2596 γαστρὶ
796 2529 999 2596 ἔχουσα
1025 2525 1084 2579 ἐκ
1107 2519 1418 2593 πνεύματος
1443 2519 1622 2593 ἁγίου.
1658 2518 1859 2592 Ἰωσὴφ

249 2606 309 2662 δὲ
339 2604 368 2662 6
412 2602 552 2679 ἀνὴρ
597 2605 794 2680 αὐτῆς,
839 2612 1050 2673 δίκαιος
1096 2602 1176 2663 ὢν
1216 2603 1410 2678 καὶμὴ
1452 2607 1640 2663 θέλων
1679 2626 1861 2677 παρα-

250 2694 592 2762 δειγματίσαι
623 2690 819 2764 αὐτὴν,
844 2689 1125 2763 ἐβουλήθη
1150 2688 1333 2763 λάθρα
1361 2688 1636 2753 ἀπολῦσαι
1663 2686 1850 2760 αὐτήν.
1877 2712 1919 2746 30

359 2884 412 2923 25
442 2882 607 2922 Matth.
634 2885 670 2934 1,
698 2883 762 2923 18.
