1992 3186
575 112 884 155 DEMONST.
918 113 1139 156 EVANG.
1173 113 1251 157 IV.
1277 115 1341 156 17.
1656 111 1757 163 281

153 227 324 288 αὐτοῦ
365 227 600 304 γράφων
640 230 777 301 φησὶ
801 224 935 286 “τόν
966 228 1039 301 μὴ
1079 227 1284 301 γνόντα
1314 226 1588 303 ἁμαρτίαν
1617 230 1760 301 ὑπὲρ

151 311 309 387 ἡμῶν
339 310 614 387 ἁμαρτίαν
646 316 930 385 ἐποίησεν,
962 317 1055 369 ἵνα
1086 311 1242 386 ἡμεῖς
1269 311 1595 385 δικαιοσύνη
1619 317 1761 370 θεοῦ

151 397 446 472 γενώμεθα
479 401 539 455 ἐν
570 395 736 474 αὐτῷ.
749 394 778 416 ”
838 399 930 454 καὶ
952 395 1224 470 “Χριστὸς
1255 393 1395 471 ἡμᾶς
1428 395 1761 470 ἐξηγόρασεν

151 487 212 540 ἐκ
241 487 342 587 τῆς,
367 480 605 555 κατάρας
635 486 730 539 τοῦ
762 479 964 554 νόμου,
997 480 1289 555 γενόμενος
1314 482 1454 555 ὑπὲρ
1479 479 1636 556 ἡμῶν
1667 505 1760 538 κα-

108 593 127 625 5
150 564 342 640 τάρα.”
412 571 584 624 ταῦτα
617 565 684 638 δὴ
715 567 817 623 οὐν
857 564 1074 623 άπαντα
1103 573 1446 636 θεσπίζουσα
1477 564 1510 639 ἡ
1542 588 1756 639 προφη-

148 658 267 710 τεία
293 650 492 723 ἐδήλου
518 649 590 708 δι’
621 651 700 707 ὠν
725 649 923 723 φησιν
931 649 1045 707 καὶ
1070 649 1320 724 Ἰησοῦς
1296 676 1364 724 ην
1394 651 1761 724 ἐνδεδυμένος

151 735 336 810 ἱμάτια
375 734 610 810 ῥυπαρά.
620 734 648 753 ”
718 740 796 791 19.
843 734 988 807 πλὴν
1028 732 1167 792 άλλα
1203 740 1375 792 ταῦτα
1416 733 1760 808 ἀποθέμενος

150 819 286 878 κατὰ
316 818 418 893 τὴν
449 826 525 887 εἰς
556 817 829 891 οὐρανοὺς
860 817 1084 891 ἄνοδον,
1118 822 1208 876 καὶ
1232 818 1334 892 τὴν
1358 818 1464 876 ἀπὸ
1495 823 1590 892 τῆς
1621 817 1752 876 καθ’
1784 845 1875 886 (199)

147 903 288 978 ἡμᾶς
329 910 700 1003 αἰχμαλωσίας
743 909 819 970 εἰς
867 902 931 960 τὰ
985 908 1163 960 οἰκεῖα
1205 903 1508 976 ἐπάνοδον,
1551 906 1628 980 τῷ
1665 907 1761 976 τῆς

86 1016 125 1047 10
149 991 413 1061 πατρικῆς
453 987 715 1061 θεότητος
755 1007 1127 1059 στεφανουται
1150 987 1495 1090 διαδηματι,
1538 990 1629 1044 καὶ
1659 987 1761 1059 τὴν

149 1071 534 1147 λαμπροτάτην
559 1071 762 1146 στολὴν
784 1077 880 1130 τοῦ
905 1076 1173 1143 πατρικοῦ
1191 1071 1371 1145 φωτὸς
1396 1078 1758 1145 περιτίθεται,

148 1156 362 1232 κιδάρει
402 1180 460 1214 τε
505 1159 683 1214 ἐνθέω
725 1158 815 1213 καὶ
858 1170 972 1223 τοῖς
1002 1154 1187 1224 άλλοις
1227 1154 1624 1231 άρχιερατικοῖς
1671 1154 1761 1213 κό-

149 1260 305 1315 σμοις
335 1255 782 1315 κατακοσμεῖται
830 1239 896 1298 οὐ
927 1249 1028 1314 χαλ
1034 1264 1136 1297 επα
1178 1242 1239 1299 δε
1280 1244 1371 1298 καὶ
1402 1266 1468 1298 τα
1499 1238 1635 1298 κατὰ
1665 1240 1762 1297 τὸν

151 1325 413 1398 διάβολον
443 1325 779 1397 ἀποδοῦναι,
827 1321 884 1392 ὃς
917 1332 994 1383 ἔτι
1026 1328 1116 1383 καὶ
1147 1329 1256 1384 νῦν
1286 1325 1663 1398 ἀντικείμενος
1693 1329 1759 1398 τῇ

86 1434 126 1467 15
150 1416 248 1467 τοῦ
273 1412 514 1483 Χριστοῦ
547 1415 896 1484 διδασκαλία,
929 1411 1020 1466 καὶ
1044 1416 1108 1484 τῇ
1133 1409 1262 1467 καθ’
1301 1408 1429 1483 ὅλης
1453 1416 1548 1482 τῆς
1573 1415 1762 1467 οἰκον*

149 1496 317 1567 μένης
356 1490 455 1550 υπ’
500 1494 670 1550 αὐτου
702 1497 1000 1566 ἱδρυθείση
1034 1497 1320 1569 ἐκκλησίᾳ,
1365 1493 1515 1570 αὐτῷ
1544 1498 1619 1570 τῷ
1651 1512 1760 1549 σω-

147 1583 271 1652 τῆρι
300 1576 459 1651 ἡμῶν
490 1576 858 1649 ἀνθέστηκεν,
900 1580 990 1634 καὶ
1023 1576 1293 1651 πρότερον
1324 1577 1474 1654 αὐτῷ
1513 1581 1564 1645 ἐξ
1599 1580 1762 1634 ἐναν-

149 1669 266 1729 τίας
292 1660 736 1734 ἐπιστρατεύσας,
761 1660 851 1719 ὅτε
875 1665 1058 1735 παρῆν
1082 1658 1223 1735 ἡμᾶς
1250 1666 1309 1720 ἐκ
1331 1666 1424 1734 τῆς
1455 1660 1553 1719 υπ’
1591 1659 1761 1718 αὐτὸν
1788 1689 1809 1722 b

150 1752 521 1820 αἰχμαλωσίας
556 1745 837 1818 ῥυόμενος.
901 1750 984 1803 20.
1022 1749 1275 1817 ἐπείρασε
1299 1770 1438 1819 γουν
1470 1745 1638 1803 αὑτὸν
1669 1747 1762 1802 καὶ

86 1854 127 1886 20
150 1829 418 1904 πρότερον
459 1832 550 1887 καὶ
584 1829 872 1904 δεύτερον,
914 1828 1004 1887 ὅτε
1035 1830 1171 1887 κατὰ
1210 1829 1269 1887 τὸ
1301 1829 1480 1897 πάθος
1510 1828 1756 1904 τὴνέπι-

149 1915 360 1988 βουλὴν
392 1912 542 1991 αὐτῷ
574 1913 1040 1972 συνεσκευάσατο.
1104 1919 1188 1971 21.
1227 1914 1314 1987 ἐφ’
1353 1911 1434 1982 οἷς
1466 1913 1638 1971 ἅπασι
1669 1917 1761 1971 καὶ

148 1998 246 2056 τὸν
287 1998 551 2071 διάβολον
602 2002 692 2056 καὶ
733 1998 861 2064 τούς
905 1997 1003 2056 ὑπ’
1054 1998 1201 2075 αὐτῷ
1249 1998 1455 2066 πάντας
1493 1997 1761 2072 ἀοράτους

151 2083 388 2158 ἐχθρούς
417 2107 475 2140 τε
506 2084 598 2141 καὶ
623 2089 919 2156 πολεμίους
953 2082 1376 2157 τροπωσάμενος
1407 2083 1534 2150 τοὺς
1571 2089 1762 2156 αἰχμα-

150 2166 356 2235 λώτους
380 2166 520 2241 ἡμᾶς
545 2174 783 2234 οἰκείους
809 2165 984 2224 αὐτοῦ
1010 2174 1392 2241 κατηρτίσατο,
1411 2171 1504 2225 καὶ
1530 2171 1582 2236 ἐξ
1606 2166 1764 2240 ἡμῶν

85 2274 126 2307 25
150 2250 368 2325 αὐτῶν,
403 2251 475 2319 ὡς
506 2249 575 2309 ἂν
609 2255 667 2309 ἐκ
698 2258 879 2309 λίθων
912 2250 1149 2324 ζώντων,
1182 2250 1278 2309 τὸν
1308 2253 1463 2309 οἷκον
1493 2255 1592 2310 τοῦ
1621 2257 1764 2309 θεοῦ

147 2338 238 2393 καὶ
268 2336 328 2393 τὸ
358 2340 452 2408 τῆς
483 2334 766 2408 εὐσεβείας
796 2343 1098 2409 πολίτευμα
1130 2335 1410 2409 ἐστήσατο,
1445 2335 1584 2394 ὥστε
1615 2334 1754 2393 εἰκό-

150 2443 254 2486 τως
287 2420 613 2494 ἐφαρμόζειν
644 2419 792 2496 αὐτῷ
824 2419 882 2477 τὸ
925 2419 1112 2493 λόγιον
1153 2420 1371 2493 φάσκον
1395 2417 1560 2477 ’(ἰδού
1595 2418 1758 2492 ἀνὴρ,
1787 2456 1803 2478 e

151 2501 389 2576 ἀνατολὴ
428 2503 600 2578 ὄνομα
641 2504 805 2580 αὐτῷ.
876 2506 968 2561 καὶ
1007 2503 1378 2562 ὑποκάτωθεν
1418 2501 1593 2560 αὐτοῦ
1623 2502 1762 2560 ἀνα-

152 2593 324 2658 τελεῑ,
369 2590 460 2644 καὶ
501 2589 851 2662 οἰκοδομήσει
892 2588 988 2645 τὸν
1018 2589 1172 2645 οἷκον
1204 2594 1415 2660 κυρίου.
1477 2590 1568 2644 καὶ
1600 2584 1761 2653 αὐτὸς

90 2691 131 2724 30
155 2668 384 2741 λήψεται
414 2670 644 2746 ἀρετὴν,
677 2675 768 2730 καὶ
800 2683 1098 2744 καθιεῖται,
1131 2675 1222 2728 καὶ
1261 2669 1512 2746 κατάρξει
1546 2673 1633 2728 ἐπὶ
1665 2674 1764 2727 τοῦ

269 2865 288 2902 1
323 2864 362 2903 2.
384 2863 485 2902 Cor,
508 2864 547 2914 5,
568 2866 636 2905 21.
812 2868 836 2906 3
870 2865 974 2907 Gal.
995 2868 1034 2916 3,
1062 2866 1126 2906 13.
