<?xml version="1.0" encoding="UTF-8"?>
<!DOCTYPE html PUBLIC "-//W3C//DTD XHTML 1.0 Transitional//EN"
    "http://www.w3.org/TR/xhtml1/DTD/xhtml1-transitional.dtd">
<html xmlns="http://www.w3.org/1999/xhtml" xml:lang="en" lang="en">
 <head>
  <title>
</title>
<meta http-equiv="Content-Type" content="text/html;charset=utf-8" />
  <meta name='ocr-system' content='tesseract 3.04.00' />
  <meta name='ocr-capabilities' content='ocr_page ocr_carea ocr_par ocr_line ocrx_word'/>
</head>
<body>
  <div class='ocr_page' id='page_1' title='image "./operaeusebius03euseuoft_0602.png"; bbox 0 0 1992 3186; ppageno 0'>
   <div class='ocr_carea' id='block_1_1' title="bbox 253 148 1182 200">
    <p class='ocr_par' dir='ltr' id='par_1_1' title="bbox 253 148 1182 200">
     <span class='ocr_line' id='line_1_1' title="bbox 253 148 1182 200; baseline -0.011 0"><span class='ocrx_word' id='word_1_1' title='bbox 253 148 358 200; x_wconf 82' lang='lat'><em>578</em></span> <span class='ocrx_word' id='word_1_2' title='bbox 936 148 1182 190; x_wconf 78' lang='lat' dir='ltr'><strong>EUsEssn</strong></span> 
     </span>
    </p>
   </div>
   <div class='ocr_carea' id='block_1_2' title="bbox 254 259 1865 340">
    <p class='ocr_par' dir='ltr' id='par_1_2' title="bbox 254 259 1865 340">
     <span class='ocr_line' id='line_1_2' title="bbox 254 259 1865 340; baseline 0.001 -18"><span class='ocrx_word' id='word_1_3' title='bbox 254 264 466 337; x_wconf 84' lang='grc' dir='ltr'><em>σαλὴμ,</em></span> <span class='ocrx_word' id='word_1_4' title='bbox 519 262 639 322; x_wconf 79' lang='grc' dir='ltr'><em>ἀλλ’</em></span> <span class='ocrx_word' id='word_1_5' title='bbox 690 266 777 319; x_wconf 84' lang='grc' dir='ltr'><em>ἐπὶ</em></span> <span class='ocrx_word' id='word_1_6' title='bbox 817 266 911 334; x_wconf 81' lang='grc' dir='ltr'><em>τῆς</em></span> <span class='ocrx_word' id='word_1_7' title='bbox 958 261 1164 335; x_wconf 84' lang='grc' dir='ltr'><em>ἐρήμου</em></span> <span class='ocrx_word' id='word_1_8' title='bbox 1201 259 1466 336; x_wconf 79' lang='grc' dir='ltr'><em>Ἰωάννην</em></span> <span class='ocrx_word' id='word_1_9' title='bbox 1510 265 1865 340; x_wconf 79' lang='grc' dir='ltr'><em>παρελθόντα</em></span> 
     </span>
    </p>
   </div>
   <div class='ocr_carea' id='block_1_3' title="bbox 212 343 1866 423">
    <p class='ocr_par' dir='ltr' id='par_1_3' title="bbox 212 343 1866 423">
     <span class='ocr_line' id='line_1_3' title="bbox 212 343 1866 423; baseline 0.001 -17"><span class='ocrx_word' id='word_1_10' title='bbox 212 383 227 404; x_wconf 73' lang='lat'><em>-3</em></span> <span class='ocrx_word' id='word_1_11' title='bbox 254 348 573 423; x_wconf 84' lang='grc' dir='ltr'><em>κηρύττειν;</em></span> <span class='ocrx_word' id='word_1_12' title='bbox 613 346 642 403; x_wconf 84' lang='grc' dir='ltr'>ὁ</span> <span class='ocrx_word' id='word_1_13' title='bbox 679 350 782 419; x_wconf 88' lang='grc' dir='ltr'><em>μέν</em></span> <span class='ocrx_word' id='word_1_14' title='bbox 812 371 892 413; x_wconf 90' lang='grc' dir='ltr'><em>τις</em></span> <span class='ocrx_word' id='word_1_15' title='bbox 922 345 1096 419; x_wconf 87' lang='grc' dir='ltr'><em>φήσαι</em></span> <span class='ocrx_word' id='word_1_16' title='bbox 1125 343 1196 404; x_wconf 75' lang='grc' dir='ltr'><em>ἂν</em></span> <span class='ocrx_word' id='word_1_17' title='bbox 1227 353 1304 413; x_wconf 81' lang='grc' dir='ltr'><em>εἰς</em></span> <span class='ocrx_word' id='word_1_18' title='bbox 1343 347 1740 423; x_wconf 78' lang='grc' dir='ltr'><em>ἀποπλήρωσιν</em></span> <span class='ocrx_word' id='word_1_19' title='bbox 1769 355 1866 422; x_wconf 81' lang='grc' dir='ltr'><em>τῆς</em></span> 
     </span>
    </p>
   </div>
   <div class='ocr_carea' id='block_1_4' title="bbox 146 2231 233 2269">
    <p class='ocr_par' dir='ltr' id='par_1_4' title="bbox 146 2231 233 2269">
     <span class='ocr_line' id='line_1_4' title="bbox 146 2231 233 2269; baseline 0 -8"><span class='ocrx_word' id='word_1_20' title='bbox 146 2231 233 2269; x_wconf 55' lang='lat'>(430¹</span> 
     </span>
    </p>
   </div>
   <div class='ocr_carea' id='block_1_5' title="bbox 254 429 1865 616">
    <p class='ocr_par' dir='ltr' id='par_1_5' title="bbox 254 429 1865 589">
     <span class='ocr_line' id='line_1_5' title="bbox 254 429 1865 508; baseline 0.001 -17"><span class='ocrx_word' id='word_1_21' title='bbox 254 438 591 505; x_wconf 80' lang='grc' dir='ltr'><em>προφητείας</em></span> <span class='ocrx_word' id='word_1_22' title='bbox 622 435 786 488; x_wconf 74' lang='grc' dir='ltr'><em>τοῦτο</em></span> <span class='ocrx_word' id='word_1_23' title='bbox 817 429 989 488; x_wconf 81' lang='grc' dir='ltr'><em>αὐτὸν</em></span> <span class='ocrx_word' id='word_1_24' title='bbox 1012 434 1386 504; x_wconf 81' lang='grc' dir='ltr'><em>πεποιηκέναι,</em></span> <span class='ocrx_word' id='word_1_25' title='bbox 1443 438 1490 490; x_wconf 86' lang='grc'><em>8.</em></span> <span class='ocrx_word' id='word_1_26' title='bbox 1510 430 1634 491; x_wconf 86' lang='grc' dir='ltr'><em>ἀλλ’</em></span> <span class='ocrx_word' id='word_1_27' title='bbox 1659 430 1689 492; x_wconf 80' lang='grc' dir='ltr'><em>ὅ</em></span> <span class='ocrx_word' id='word_1_28' title='bbox 1713 433 1865 508; x_wconf 87' lang='grc' dir='ltr'><em>ἀκρι-</em></span> 
     </span>
     <span class='ocr_line' id='line_1_6' title="bbox 254 513 1859 616; baseline 0.003 -44"><span class='ocrx_word' id='word_1_29' title='bbox 254 518 354 588; x_wconf 87' lang='grc' dir='ltr'><em>βὴς</em></span> <span class='ocrx_word' id='word_1_30' title='bbox 387 513 599 582; x_wconf 83' lang='grc' dir='ltr'><em>εὐθέως</em></span> <span class='ocrx_word' id='word_1_31' title='bbox 641 514 929 587; x_wconf 80' lang='grc' dir='ltr'><em>ἐξετάζων,</em></span> <span class='ocrx_word' id='word_1_32' title='bbox 975 514 1116 616; x_wconf 79' lang='grc' dir='ltr'><em>αὕτη</em></span> <span class='ocrx_word' id='word_1_33' title='bbox 1159 517 1222 572; x_wconf 82' lang='grc' dir='ltr'><em>δε</em></span> <span class='ocrx_word' id='word_1_34' title='bbox 1251 515 1285 588; x_wconf 80' lang='grc' dir='ltr'><em>ἡ</em></span> <span class='ocrx_word' id='word_1_35' title='bbox 1319 524 1626 589; x_wconf 80' lang='grc' dir='ltr'><em>προφητεία</em></span> <span class='ocrx_word' id='word_1_36' title='bbox 1655 525 1710 575; x_wconf 91' lang='grc' dir='ltr'><em>τί</em></span> <span class='ocrx_word' id='word_1_37' title='bbox 1738 517 1859 576; x_wconf 86' lang='grc' dir='ltr'><em>ποτ’</em></span> 
     </span>
    </p>
   </div>
   <div class='ocr_carea' id='block_1_6' title="bbox 253 600 1910 703">
    <p class='ocr_par' dir='ltr' id='par_1_6' title="bbox 253 600 1910 703">
     <span class='ocr_line' id='line_1_7' title="bbox 253 600 1910 703; baseline 0.001 -46"><span class='ocrx_word' id='word_1_38' title='bbox 253 600 359 701; x_wconf 88' lang='grc' dir='ltr'><em>άρα</em></span> <span class='ocrx_word' id='word_1_39' title='bbox 390 608 683 673; x_wconf 84' lang='grc' dir='ltr'><em>σημαίνειν</em></span> <span class='ocrx_word' id='word_1_40' title='bbox 713 602 1023 673; x_wconf 81' lang='grc' dir='ltr'><em>βουλομένη</em></span> <span class='ocrx_word' id='word_1_41' title='bbox 1054 624 1157 672; x_wconf 89' lang='grc' dir='ltr'><em>την</em></span> <span class='ocrx_word' id='word_1_42' title='bbox 1188 606 1393 703; x_wconf 83' lang='grc' dir='ltr'><em>ἔρημον</em></span> <span class='ocrx_word' id='word_1_43' title='bbox 1416 603 1507 658; x_wconf 88' lang='grc' dir='ltr'><em>καὶ</em></span> <span class='ocrx_word' id='word_1_44' title='bbox 1533 602 1597 658; x_wconf 79' lang='grc' dir='ltr'><em>τὰ</em></span> <span class='ocrx_word' id='word_1_45' title='bbox 1620 603 1738 660; x_wconf 87' lang='grc' dir='ltr'><em>κατ’</em></span> <span class='ocrx_word' id='word_1_46' title='bbox 1770 628 1866 660; x_wconf 83' lang='lat' dir='ltr'><em>av·</em></span> <span class='ocrx_word' id='word_1_47' title='bbox 1890 625 1910 658; x_wconf 88' lang='lat'>5</span> 
     </span>
    </p>
   </div>
   <div class='ocr_carea' id='block_1_7' title="bbox 252 680 1870 2696">
    <p class='ocr_par' dir='ltr' id='par_1_7' title="bbox 252 680 1870 2107">
     <span class='ocr_line' id='line_1_8' title="bbox 252 680 1869 758; baseline 0.002 -16"><span class='ocrx_word' id='word_1_48' title='bbox 252 683 353 758; x_wconf 81' lang='grc' dir='ltr'><em>τὴν</em></span> <span class='ocrx_word' id='word_1_49' title='bbox 385 683 485 741; x_wconf 67' lang='grc' dir='ltr'><em>ἐᾶτ’</em></span> <span class='ocrx_word' id='word_1_50' title='bbox 488 693 608 757; x_wconf 86' lang='grc' dir='ltr'><em>λου,</em></span> <span class='ocrx_word' id='word_1_51' title='bbox 641 683 925 741; x_wconf 83' lang='grc' dir='ltr'><em>πεύσεται·</em></span> <span class='ocrx_word' id='word_1_52' title='bbox 958 684 1095 757; x_wconf 88' lang='grc' dir='ltr'><em>πρὸς</em></span> <span class='ocrx_word' id='word_1_53' title='bbox 1117 680 1183 741; x_wconf 77' lang='grc' dir='ltr'><em>ὃν</em></span> <span class='ocrx_word' id='word_1_54' title='bbox 1205 683 1457 758; x_wconf 85' lang='grc' dir='ltr'><em>φήσομεν</em></span> <span class='ocrx_word' id='word_1_55' title='bbox 1479 710 1562 742; x_wconf 92' lang='grc' dir='ltr'><em>οτι</em></span> <span class='ocrx_word' id='word_1_56' title='bbox 1593 688 1686 743; x_wconf 84' lang='grc' dir='ltr'><em>καὶ</em></span> <span class='ocrx_word' id='word_1_57' title='bbox 1707 691 1869 745; x_wconf 86' lang='grc' dir='ltr'><em>τοῦτο</em></span> 
     </span>
     <span class='ocr_line' id='line_1_9' title="bbox 253 769 1867 843; baseline 0.002 -18"><span class='ocrx_word' id='word_1_58' title='bbox 253 783 482 842; x_wconf 77' lang='grc' dir='ltr'><em>σημεῖον</em></span> <span class='ocrx_word' id='word_1_59' title='bbox 533 793 604 841; x_wconf 91' lang='grc' dir='ltr'><em>ην</em></span> <span class='ocrx_word' id='word_1_60' title='bbox 650 771 1027 842; x_wconf 82' lang='grc' dir='ltr'><em>καθαιρέσεως</em></span> <span class='ocrx_word' id='word_1_61' title='bbox 1071 774 1167 840; x_wconf 83' lang='grc' dir='ltr'><em>τῆς</em></span> <span class='ocrx_word' id='word_1_62' title='bbox 1215 769 1572 843; x_wconf 84' lang='grc' dir='ltr'><em>Ιερουσαλὴμ</em></span> <span class='ocrx_word' id='word_1_63' title='bbox 1627 773 1718 828; x_wconf 80' lang='grc' dir='ltr'><em>καὶ</em></span> <span class='ocrx_word' id='word_1_64' title='bbox 1772 776 1867 829; x_wconf 83' lang='grc' dir='ltr'><em>τοῦ</em></span> 
     </span>
     <span class='ocr_line' id='line_1_10' title="bbox 253 853 1870 928; baseline 0.002 -18"><span class='ocrx_word' id='word_1_65' title='bbox 253 854 388 927; x_wconf 88' lang='grc' dir='ltr'><em>πρὸς</em></span> <span class='ocrx_word' id='word_1_66' title='bbox 429 853 568 928; x_wconf 82' lang='grc' dir='ltr'><em>αὐτῇ</em></span> <span class='ocrx_word' id='word_1_67' title='bbox 608 860 1042 926; x_wconf 81' lang='grc' dir='ltr'><em>θυσιαστηρίου,</em></span> <span class='ocrx_word' id='word_1_68' title='bbox 1086 859 1181 925; x_wconf 85' lang='grc' dir='ltr'><em>τῆς</em></span> <span class='ocrx_word' id='word_1_69' title='bbox 1221 878 1279 911; x_wconf 89' lang='grc' dir='ltr'><em>τε</em></span> <span class='ocrx_word' id='word_1_70' title='bbox 1310 854 1448 911; x_wconf 76' lang='grc' dir='ltr'><em>κατὰ</em></span> <span class='ocrx_word' id='word_1_71' title='bbox 1490 853 1587 912; x_wconf 83' lang='grc' dir='ltr'><em>τὸν</em></span> <span class='ocrx_word' id='word_1_72' title='bbox 1617 859 1870 922; x_wconf 46' lang='grc' dir='ltr'><em>ΑΜωσέως</em></span> 
     </span>
     <span class='ocr_line' id='line_1_11' title="bbox 254 935 1870 1013; baseline 0.002 -19"><span class='ocrx_word' id='word_1_73' title='bbox 254 937 425 1011; x_wconf 92' lang='grc' dir='ltr'><em>νόμον</em></span> <span class='ocrx_word' id='word_1_74' title='bbox 456 945 729 1011; x_wconf 81' lang='grc' dir='ltr'><em>λατρείας,</em></span> <span class='ocrx_word' id='word_1_75' title='bbox 760 935 852 994; x_wconf 75' lang='grc' dir='ltr'><em>ὅτε</em></span> <span class='ocrx_word' id='word_1_76' title='bbox 867 937 1058 1011; x_wconf 77' lang='grc' dir='ltr'><em>μηκέτ’</em></span> <span class='ocrx_word' id='word_1_77' title='bbox 1090 935 1277 1004; x_wconf 79' lang='grc' dir='ltr'><em>αὐτοῖς</em></span> <span class='ocrx_word' id='word_1_78' title='bbox 1301 937 1392 995; x_wconf 78' lang='grc' dir='ltr'><em>διὰ</em></span> <span class='ocrx_word' id='word_1_79' title='bbox 1412 944 1524 996; x_wconf 76' lang='grc' dir='ltr'><em>τῶν</em></span> <span class='ocrx_word' id='word_1_80' title='bbox 1539 939 1676 996; x_wconf 76' lang='grc' dir='ltr'><em>κατὰ</em></span> <span class='ocrx_word' id='word_1_81' title='bbox 1697 938 1870 1013; x_wconf 86' lang='grc' dir='ltr'><em>νόμον</em></span> 
     </span>
     <span class='ocr_line' id='line_1_12' title="bbox 256 1019 1866 1097; baseline 0.001 -17"><span class='ocrx_word' id='word_1_82' title='bbox 256 1027 475 1080; x_wconf 75' lang='grc' dir='ltr'><em>θυσιῶν</em></span> <span class='ocrx_word' id='word_1_83' title='bbox 513 1022 579 1079; x_wconf 80' lang='grc' dir='ltr'><em>τὰ</em></span> <span class='ocrx_word' id='word_1_84' title='bbox 619 1029 715 1095; x_wconf 87' lang='grc' dir='ltr'><em>τῆς</em></span> <span class='ocrx_word' id='word_1_85' title='bbox 745 1019 995 1095; x_wconf 87' lang='grc' dir='ltr'><em>ἀφέσεως</em></span> <span class='ocrx_word' id='word_1_86' title='bbox 1024 1026 1137 1079; x_wconf 76' lang='grc' dir='ltr'><em>τῶν</em></span> <span class='ocrx_word' id='word_1_87' title='bbox 1167 1019 1449 1097; x_wconf 75' lang='grc' dir='ltr'><em>ἁμαρτιῶν</em></span> <span class='ocrx_word' id='word_1_88' title='bbox 1493 1027 1866 1097; x_wconf 81' lang='grc' dir='ltr'><em>προυξενεῑτο,</em></span> 
     </span>
     <span class='ocr_line' id='line_1_13' title="bbox 254 1104 1867 1181; baseline 0.001 -18"><span class='ocrx_word' id='word_1_89' title='bbox 254 1104 393 1164; x_wconf 81' lang='grc' dir='ltr'><em>ἀλλά</em></span> <span class='ocrx_word' id='word_1_90' title='bbox 427 1107 517 1163; x_wconf 76' lang='grc' dir='ltr'><em>διὰ</em></span> <span class='ocrx_word' id='word_1_91' title='bbox 549 1107 876 1181; x_wconf 80' lang='grc' dir='ltr'><em>καθάρσεως</em></span> <span class='ocrx_word' id='word_1_92' title='bbox 908 1111 1143 1179; x_wconf 83' lang='grc' dir='ltr'><em>λουτροῦ</em></span> <span class='ocrx_word' id='word_1_93' title='bbox 1177 1109 1264 1163; x_wconf 82' lang='grc' dir='ltr'><em>ἐπὶ</em></span> <span class='ocrx_word' id='word_1_94' title='bbox 1294 1111 1390 1180; x_wconf 84' lang='grc' dir='ltr'><em>τῆς</em></span> <span class='ocrx_word' id='word_1_95' title='bbox 1432 1107 1603 1165; x_wconf 87' lang='grc' dir='ltr'><em>πάλαι</em></span> <span class='ocrx_word' id='word_1_96' title='bbox 1634 1107 1867 1177; x_wconf 78' lang='grc' dir='ltr'><em>διψάδος</em></span> 
     </span>
     <span class='ocr_line' id='line_1_14' title="bbox 256 1190 1870 1267; baseline 0.001 -19"><span class='ocrx_word' id='word_1_97' title='bbox 256 1194 347 1249; x_wconf 84' lang='grc' dir='ltr'><em>καὶ</em></span> <span class='ocrx_word' id='word_1_98' title='bbox 373 1190 595 1265; x_wconf 79' lang='grc' dir='ltr'><em>ἐρήμου,</em></span> <span class='ocrx_word' id='word_1_99' title='bbox 627 1195 768 1264; x_wconf 89' lang='grc' dir='ltr'><em>λέγω</em></span> <span class='ocrx_word' id='word_1_100' title='bbox 795 1192 856 1248; x_wconf 74' lang='grc' dir='ltr'><em>δὲ</em></span> <span class='ocrx_word' id='word_1_101' title='bbox 879 1197 974 1263; x_wconf 85' lang='grc' dir='ltr'><em>τῆς</em></span> <span class='ocrx_word' id='word_1_102' title='bbox 997 1198 1108 1248; x_wconf 79' lang='grc' dir='ltr'><em>τῶν</em></span> <span class='ocrx_word' id='word_1_103' title='bbox 1138 1194 1324 1248; x_wconf 80' lang='grc' dir='ltr'><em>ε’θνῶν</em></span> <span class='ocrx_word' id='word_1_104' title='bbox 1348 1195 1658 1265; x_wconf 80' lang='grc' dir='ltr'><em>ἐκκλησίας,</em></span> <span class='ocrx_word' id='word_1_105' title='bbox 1689 1215 1870 1267; x_wconf 91' lang='grc' dir='ltr'><em>παρα-</em></span> 
     </span>
     <span class='ocr_line' id='line_1_15' title="bbox 258 1267 1869 1355; baseline 0.001 -23"><span class='ocrx_word' id='word_1_106' title='bbox 258 1278 573 1348; x_wconf 82' lang='grc' dir='ltr'><em>διδομένου,</em></span> <span class='ocrx_word' id='word_1_107' title='bbox 609 1279 668 1332; x_wconf 84' lang='grc' dir='ltr'><em>ἐν</em></span> <span class='ocrx_word' id='word_1_108' title='bbox 690 1267 727 1350; x_wconf 78' lang='grc' dir='ltr'><em>ᾗ</em></span> <span class='ocrx_word' id='word_1_109' title='bbox 749 1277 839 1331; x_wconf 85' lang='grc' dir='ltr'><em>καὶ</em></span> <span class='ocrx_word' id='word_1_110' title='bbox 860 1272 894 1348; x_wconf 83' lang='grc' dir='ltr'>ἡ</span> <span class='ocrx_word' id='word_1_111' title='bbox 912 1275 1224 1355; x_wconf 73' lang='grc' dir='ltr'><em>προφητικὴ</em></span> <span class='ocrx_word' id='word_1_112' title='bbox 1248 1279 1518 1349; x_wconf 77' lang='grc' dir='ltr'><em>γενομένη</em></span> <span class='ocrx_word' id='word_1_113' title='bbox 1547 1276 1708 1349; x_wconf 88' lang='grc' dir='ltr'><em>φωνὴ</em></span> <span class='ocrx_word' id='word_1_114' title='bbox 1735 1279 1869 1334; x_wconf 81' lang='grc' dir='ltr'><em>ἑτοι-</em></span> 
     </span>
     <span class='ocr_line' id='line_1_16' title="bbox 255 1358 1868 1434; baseline 0.001 -18"><span class='ocrx_word' id='word_1_115' title='bbox 255 1359 443 1434; x_wconf 82' lang='grc' dir='ltr'><em>μάζειν</em></span> <span class='ocrx_word' id='word_1_116' title='bbox 473 1359 908 1430; x_wconf 83' lang='grc' dir='ltr'><em>παρακελεύεται</em></span> <span class='ocrx_word' id='word_1_117' title='bbox 938 1358 1040 1432; x_wconf 86' lang='grc' dir='ltr'><em>τὴν</em></span> <span class='ocrx_word' id='word_1_118' title='bbox 1069 1359 1205 1416; x_wconf 77' lang='grc' dir='ltr'><em>ὁδὸν</em></span> <span class='ocrx_word' id='word_1_119' title='bbox 1228 1366 1446 1434; x_wconf 90' lang='grc' dir='ltr'><em>κυρίου,</em></span> <span class='ocrx_word' id='word_1_120' title='bbox 1477 1360 1573 1427; x_wconf 81' lang='grc' dir='ltr'><em>τὰς</em></span> <span class='ocrx_word' id='word_1_121' title='bbox 1595 1361 1698 1434; x_wconf 78' lang='grc' dir='ltr'><em>μὲν</em></span> <span class='ocrx_word' id='word_1_122' title='bbox 1722 1359 1868 1418; x_wconf 88' lang='grc' dir='ltr'><em>κάτω</em></span> 
     </span>
     <span class='ocr_line' id='line_1_17' title="bbox 256 1443 1868 1518; baseline 0.001 -18"><span class='ocrx_word' id='word_1_123' title='bbox 256 1468 364 1501; x_wconf 91' lang='grc' dir='ltr'><em>που</em></span> <span class='ocrx_word' id='word_1_124' title='bbox 398 1450 474 1511; x_wconf 82' lang='grc' dir='ltr'><em>εἰς</em></span> <span class='ocrx_word' id='word_1_125' title='bbox 506 1443 683 1517; x_wconf 84' lang='grc' dir='ltr'><em>βάθος</em></span> <span class='ocrx_word' id='word_1_126' title='bbox 715 1450 908 1511; x_wconf 86' lang='grc' dir='ltr'><em>κακίας</em></span> <span class='ocrx_word' id='word_1_127' title='bbox 940 1443 1013 1511; x_wconf 72' lang='grc' dir='ltr'><em>ὥς</em></span> <span class='ocrx_word' id='word_1_128' title='bbox 1047 1448 1107 1502; x_wconf 86' lang='grc' dir='ltr'><em>έν</em></span> <span class='ocrx_word' id='word_1_129' title='bbox 1137 1443 1383 1518; x_wconf 87' lang='grc' dir='ltr'><em>φάραγγι</em></span> <span class='ocrx_word' id='word_1_130' title='bbox 1406 1448 1661 1518; x_wconf 88' lang='grc' dir='ltr'><em>κειμένας</em></span> <span class='ocrx_word' id='word_1_131' title='bbox 1691 1443 1868 1518; x_wconf 77' lang='grc' dir='ltr'><em>ψυχάς</em></span> 
     </span>
     <span class='ocr_line' id='line_1_18' title="bbox 258 1526 1870 1603; baseline 0.001 -18"><span class='ocrx_word' id='word_1_132' title='bbox 258 1527 721 1603; x_wconf 84' lang='grc' dir='ltr'><em>ἐπαρθήσεσθωι,</em></span> <span class='ocrx_word' id='word_1_133' title='bbox 763 1528 829 1585; x_wconf 79' lang='grc' dir='ltr'><em>τὰ</em></span> <span class='ocrx_word' id='word_1_134' title='bbox 871 1529 932 1585; x_wconf 76' lang='grc' dir='ltr'><em>δὲ</em></span> <span class='ocrx_word' id='word_1_135' title='bbox 962 1527 1132 1586; x_wconf 88' lang='grc' dir='ltr'><em>πάλαι</em></span> <span class='ocrx_word' id='word_1_136' title='bbox 1166 1527 1434 1602; x_wconf 79' lang='grc' dir='ltr'><em>ὑψώματα</em></span> <span class='ocrx_word' id='word_1_137' title='bbox 1472 1532 1567 1602; x_wconf 81' lang='grc' dir='ltr'><em>τῆς</em></span> <span class='ocrx_word' id='word_1_138' title='bbox 1591 1526 1870 1602; x_wconf 82' lang='grc' dir='ltr'><em>Ἰερουσα-</em></span> 
     </span>
     <span class='ocr_line' id='line_1_19' title="bbox 257 1610 1866 1687; baseline 0.001 -17"><span class='ocrx_word' id='word_1_139' title='bbox 257 1611 362 1686; x_wconf 86' lang='grc' dir='ltr'><em>λὴμ</em></span> <span class='ocrx_word' id='word_1_140' title='bbox 406 1616 499 1670; x_wconf 84' lang='grc' dir='ltr'><em>καὶ</em></span> <span class='ocrx_word' id='word_1_141' title='bbox 545 1617 658 1670; x_wconf 77' lang='grc' dir='ltr'><em>τῶν</em></span> <span class='ocrx_word' id='word_1_142' title='bbox 703 1610 791 1670; x_wconf 81' lang='grc' dir='ltr'><em>ἐπ’</em></span> <span class='ocrx_word' id='word_1_143' title='bbox 827 1610 996 1686; x_wconf 77' lang='grc' dir='ltr'><em>αὐτῆς</em></span> <span class='ocrx_word' id='word_1_144' title='bbox 1034 1611 1320 1687; x_wconf 79' lang='grc' dir='ltr'><em>ἀρχόντων</em></span> <span class='ocrx_word' id='word_1_145' title='bbox 1359 1638 1418 1671; x_wconf 93' lang='grc' dir='ltr'><em>τε</em></span> <span class='ocrx_word' id='word_1_146' title='bbox 1449 1616 1539 1670; x_wconf 86' lang='grc' dir='ltr'><em>καὶ</em></span> <span class='ocrx_word' id='word_1_147' title='bbox 1572 1617 1866 1686; x_wconf 85' lang='grc' dir='ltr'><em>βασιλέων,</em></span> 
     </span>
     <span class='ocr_line' id='line_1_20' title="bbox 254 1695 1867 1771; baseline 0 -17"><span class='ocrx_word' id='word_1_148' title='bbox 254 1696 355 1771; x_wconf 83' lang='grc' dir='ltr'><em>ὅρη</em></span> <span class='ocrx_word' id='word_1_149' title='bbox 387 1699 478 1754; x_wconf 88' lang='grc' dir='ltr'><em>καὶ</em></span> <span class='ocrx_word' id='word_1_150' title='bbox 511 1697 752 1770; x_wconf 83' lang='grc' dir='ltr'><em>βουνοὺς</em></span> <span class='ocrx_word' id='word_1_151' title='bbox 782 1695 1183 1771; x_wconf 82' lang='grc' dir='ltr'><em>ὀνομαζόμενα,</em></span> <span class='ocrx_word' id='word_1_152' title='bbox 1216 1698 1743 1771; x_wconf 80' lang='grc' dir='ltr'><em>ταπεινωθήσεσθαι</em></span> <span class='ocrx_word' id='word_1_153' title='bbox 1773 1709 1867 1756; x_wconf 89' lang='grc' dir='ltr'><em>θε-</em></span> 
     </span>
     <span class='ocr_line' id='line_1_21' title="bbox 256 1773 1866 1855; baseline -0.001 -16"><span class='ocrx_word' id='word_1_154' title='bbox 256 1789 541 1850; x_wconf 79' lang='grc' dir='ltr'><em>σπίζουσα.</em></span> <span class='ocrx_word' id='word_1_155' title='bbox 615 1787 661 1838; x_wconf 82' lang='grc'><em>9.</em></span> <span class='ocrx_word' id='word_1_156' title='bbox 698 1773 777 1838; x_wconf 73' lang='grc' dir='ltr'><em>ὦν</em></span> <span class='ocrx_word' id='word_1_157' title='bbox 820 1785 1291 1840; x_wconf 81' lang='grc' dir='ltr'><em>ἐπιτελεσθέντων</em></span> <span class='ocrx_word' id='word_1_158' title='bbox 1329 1786 1468 1855; x_wconf 85' lang='grc' dir='ltr'><em>φησὶ</em></span> <span class='ocrx_word' id='word_1_159' title='bbox 1505 1779 1691 1840; x_wconf 67' lang='grc' dir='ltr'><em>“πᾶσα</em></span> <span class='ocrx_word' id='word_1_160' title='bbox 1731 1781 1866 1855; x_wconf 79' lang='grc' dir='ltr'><em>σὰρξ</em></span> 
     </span>
     <span class='ocr_line' id='line_1_22' title="bbox 255 1863 1867 1939; baseline -0.001 -16"><span class='ocrx_word' id='word_1_161' title='bbox 255 1864 447 1935; x_wconf 79' lang='grc' dir='ltr'><em>ὄψεται</em></span> <span class='ocrx_word' id='word_1_162' title='bbox 477 1865 537 1923; x_wconf 82' lang='grc' dir='ltr'><em>τὸ</em></span> <span class='ocrx_word' id='word_1_163' title='bbox 569 1865 842 1939; x_wconf 88' lang='grc' dir='ltr'><em>σωτήριον</em></span> <span class='ocrx_word' id='word_1_164' title='bbox 871 1869 970 1923; x_wconf 82' lang='grc' dir='ltr'><em>τοῦ</em></span> <span class='ocrx_word' id='word_1_165' title='bbox 998 1863 1200 1938; x_wconf 86' lang='grc' dir='ltr'><em>θεου,”</em></span> <span class='ocrx_word' id='word_1_166' title='bbox 1235 1870 1407 1938; x_wconf 82' lang='grc' dir='ltr'><em>δῆλον</em></span> <span class='ocrx_word' id='word_1_167' title='bbox 1447 1863 1500 1922; x_wconf 74' lang='grc' dir='ltr'><em>δ’</em></span> <span class='ocrx_word' id='word_1_168' title='bbox 1539 1890 1622 1922; x_wconf 92' lang='grc' dir='ltr'><em>οτι</em></span> <span class='ocrx_word' id='word_1_169' title='bbox 1651 1870 1802 1922; x_wconf 81' lang='grc' dir='ltr'><em>πᾶσα</em></span> <span class='ocrx_word' id='word_1_170' title='bbox 1831 1865 1867 1938; x_wconf 82' lang='grc' dir='ltr'><em>ἡ</em></span> 
     </span>
     <span class='ocr_line' id='line_1_23' title="bbox 259 1947 1868 2023; baseline 0.001 -17"><span class='ocrx_word' id='word_1_171' title='bbox 259 1955 319 2007; x_wconf 84' lang='grc' dir='ltr'><em>ἐν</em></span> <span class='ocrx_word' id='word_1_172' title='bbox 350 1953 512 2023; x_wconf 87' lang='grc' dir='ltr'><em>σαρκὶ</em></span> <span class='ocrx_word' id='word_1_173' title='bbox 546 1953 634 2007; x_wconf 85' lang='grc' dir='ltr'><em>ἐπὶ</em></span> <span class='ocrx_word' id='word_1_174' title='bbox 666 1956 765 2023; x_wconf 85' lang='grc' dir='ltr'><em>γῆς</em></span> <span class='ocrx_word' id='word_1_175' title='bbox 795 1949 1222 2021; x_wconf 74' lang='grc' dir='ltr'><em>ἀναστρέφουσα</em></span> <span class='ocrx_word' id='word_1_176' title='bbox 1252 1947 1401 2022; x_wconf 84' lang='grc' dir='ltr'><em>ψυχὴ</em></span> <span class='ocrx_word' id='word_1_177' title='bbox 1423 1948 1702 2022; x_wconf 84' lang='grc' dir='ltr'><em>Ἑλλήνων</em></span> <span class='ocrx_word' id='word_1_178' title='bbox 1730 1947 1868 2022; x_wconf 84' lang='grc' dir='ltr'><em>ὁμου</em></span> 
     </span>
     <span class='ocr_line' id='line_1_24' title="bbox 258 2032 1868 2107; baseline 0.001 -16"><span class='ocrx_word' id='word_1_179' title='bbox 258 2037 350 2091; x_wconf 87' lang='grc' dir='ltr'><em>καὶ</em></span> <span class='ocrx_word' id='word_1_180' title='bbox 381 2033 682 2107; x_wconf 89' lang='grc' dir='ltr'><em>βαρβάρων</em></span> <span class='ocrx_word' id='word_1_181' title='bbox 713 2037 805 2090; x_wconf 88' lang='grc' dir='ltr'><em>καὶ</em></span> <span class='ocrx_word' id='word_1_182' title='bbox 835 2032 1061 2090; x_wconf 88' lang='grc' dir='ltr'><em>πάντων</em></span> <span class='ocrx_word' id='word_1_183' title='bbox 1090 2032 1422 2100; x_wconf 79' lang='grc' dir='ltr'><em>ἁπαξαπλως</em></span> <span class='ocrx_word' id='word_1_184' title='bbox 1444 2058 1557 2091; x_wconf 89' lang='grc' dir='ltr'><em>των</em></span> <span class='ocrx_word' id='word_1_185' title='bbox 1589 2038 1868 2107; x_wconf 84' lang='grc' dir='ltr'><em>ε’θνῶν,α</em></span> 
     </span>
    </p>

    <p class='ocr_par' dir='ltr' id='par_1_8' title="bbox 258 2115 1870 2696">
     <span class='ocr_line' id='line_1_25' title="bbox 259 2115 1869 2191; baseline 0.001 -17"><span class='ocrx_word' id='word_1_186' title='bbox 259 2120 349 2174; x_wconf 87' lang='grc' dir='ltr'><em>καὶ</em></span> <span class='ocrx_word' id='word_1_187' title='bbox 380 2121 448 2191; x_wconf 80' lang='grc' dir='ltr'><em>τῇ</em></span> <span class='ocrx_word' id='word_1_188' title='bbox 477 2115 778 2190; x_wconf 84' lang='grc' dir='ltr'><em>προρρήσει</em></span> <span class='ocrx_word' id='word_1_189' title='bbox 809 2116 1134 2183; x_wconf 84' lang='grc' dir='ltr'><em>ἀκολούθως</em></span> <span class='ocrx_word' id='word_1_190' title='bbox 1167 2123 1243 2183; x_wconf 82' lang='grc' dir='ltr'><em>εἰς</em></span> <span class='ocrx_word' id='word_1_191' title='bbox 1282 2121 1451 2190; x_wconf 88' lang='grc' dir='ltr'><em>πέρας</em></span> <span class='ocrx_word' id='word_1_192' title='bbox 1485 2117 1721 2175; x_wconf 86' lang='grc' dir='ltr'><em>ἐλθόντα</em></span> <span class='ocrx_word' id='word_1_193' title='bbox 1752 2124 1869 2175; x_wconf 78' lang='grc' dir='ltr'><em>δεί-</em></span> 
     </span>
     <span class='ocr_line' id='line_1_26' title="bbox 261 2194 1869 2277; baseline 0.001 -19"><span class='ocrx_word' id='word_1_194' title='bbox 261 2226 472 2259; x_wconf 89' lang='grc' dir='ltr'><em>κνυται.</em></span> <span class='ocrx_word' id='word_1_195' title='bbox 537 2207 616 2258; x_wconf 85' lang='grc'><em>10.</em></span> <span class='ocrx_word' id='word_1_196' title='bbox 651 2205 824 2273; x_wconf 75' lang='grc' dir='ltr'><em>ζητῶν</em></span> <span class='ocrx_word' id='word_1_197' title='bbox 856 2202 915 2258; x_wconf 73' lang='grc' dir='ltr'><em>δὲ</em></span> <span class='ocrx_word' id='word_1_198' title='bbox 945 2200 1074 2275; x_wconf 83' lang='grc' dir='ltr'><em>παρ’</em></span> <span class='ocrx_word' id='word_1_199' title='bbox 1123 2205 1339 2277; x_wconf 76' lang='grc' dir='ltr'><em>ἐμαυτῷ</em></span> <span class='ocrx_word' id='word_1_200' title='bbox 1369 2209 1425 2258; x_wconf 91' lang='grc' dir='ltr'><em>τί</em></span> <span class='ocrx_word' id='word_1_201' title='bbox 1451 2200 1557 2274; x_wconf 75' lang='grc' dir='ltr'><em>ἄρα</em></span> <span class='ocrx_word' id='word_1_202' title='bbox 1586 2194 1658 2275; x_wconf 77' lang='grc' dir='ltr'><em>ἦν</em></span> <span class='ocrx_word' id='word_1_203' title='bbox 1688 2202 1747 2259; x_wconf 88' lang='grc' dir='ltr'><em>τὸ</em></span> <span class='ocrx_word' id='word_1_204' title='bbox 1780 2205 1869 2259; x_wconf 87' lang='grc' dir='ltr'><em>ε’κ-</em></span> 
     </span>
     <span class='ocr_line' id='line_1_27' title="bbox 258 2282 1868 2362; baseline 0 -20"><span class='ocrx_word' id='word_1_205' title='bbox 258 2290 470 2358; x_wconf 82' lang='grc' dir='ltr'><em>πλῆξαν</em></span> <span class='ocrx_word' id='word_1_206' title='bbox 510 2284 637 2351; x_wconf 83' lang='grc' dir='ltr'><em>τούς</em></span> <span class='ocrx_word' id='word_1_207' title='bbox 678 2285 913 2352; x_wconf 82' lang='grc' dir='ltr'><em>πολλοὺς</em></span> <span class='ocrx_word' id='word_1_208' title='bbox 956 2289 1015 2342; x_wconf 85' lang='grc' dir='ltr'><em>ἐν</em></span> <span class='ocrx_word' id='word_1_209' title='bbox 1054 2288 1131 2362; x_wconf 75' lang='grc' dir='ltr'><em>τῷ</em></span> <span class='ocrx_word' id='word_1_210' title='bbox 1167 2282 1422 2359; x_wconf 84' lang='grc' dir='ltr'><em>Ἰωάννῃ,</em></span> <span class='ocrx_word' id='word_1_211' title='bbox 1465 2285 1538 2352; x_wconf 79' lang='grc' dir='ltr'><em>ὦς</em></span> <span class='ocrx_word' id='word_1_212' title='bbox 1580 2285 1868 2359; x_wconf 88' lang='grc' dir='ltr'><em>θαυμάσαι</em></span> 
     </span>
     <span class='ocr_line' id='line_1_28' title="bbox 258 2368 1868 2444; baseline -0.001 -16"><span class='ocrx_word' id='word_1_213' title='bbox 258 2369 427 2428; x_wconf 78' lang='grc' dir='ltr'><em>αὐτὸν</em></span> <span class='ocrx_word' id='word_1_214' title='bbox 458 2372 548 2427; x_wconf 84' lang='grc' dir='ltr'><em>καὶ</em></span> <span class='ocrx_word' id='word_1_215' title='bbox 581 2369 905 2444; x_wconf 76' lang='grc' dir='ltr'><em>κηρύττοντι</em></span> <span class='ocrx_word' id='word_1_216' title='bbox 936 2368 1215 2442; x_wconf 89' lang='grc' dir='ltr'><em>βάπτισμα</em></span> <span class='ocrx_word' id='word_1_217' title='bbox 1246 2376 1536 2442; x_wconf 86' lang='grc' dir='ltr'><em>μετανοίας</em></span> <span class='ocrx_word' id='word_1_218' title='bbox 1560 2373 1868 2441; x_wconf 82' lang='grc' dir='ltr'><em>πιστεῦσαι,</em></span> 
     </span>
     <span class='ocr_line' id='line_1_29' title="bbox 259 2452 1870 2529; baseline -0.001 -17"><span class='ocrx_word' id='word_1_219' title='bbox 259 2455 466 2521; x_wconf 87' lang='grc' dir='ltr'><em>πάντας</em></span> <span class='ocrx_word' id='word_1_220' title='bbox 496 2478 554 2512; x_wconf 88' lang='grc' dir='ltr'><em>τε</em></span> <span class='ocrx_word' id='word_1_221' title='bbox 585 2453 938 2528; x_wconf 89' lang='grc' dir='ltr'><em>πανταχόθεν</em></span> <span class='ocrx_word' id='word_1_222' title='bbox 960 2452 1025 2511; x_wconf 75' lang='grc' dir='ltr'><em>τά</em></span> <span class='ocrx_word' id='word_1_223' title='bbox 1047 2460 1224 2511; x_wconf 78' lang='grc' dir='ltr'><em>οἰκεῖα</em></span> <span class='ocrx_word' id='word_1_224' title='bbox 1246 2453 1616 2520; x_wconf 86' lang='grc' dir='ltr'><em>ἀπολιπόντας</em></span> <span class='ocrx_word' id='word_1_225' title='bbox 1639 2469 1870 2529; x_wconf 78' lang='grc' dir='ltr'><em>συρρεῖν</em></span> 
     </span>
     <span class='ocr_line' id='line_1_30' title="bbox 263 2537 1868 2612; baseline -0.001 -16"><span class='ocrx_word' id='word_1_226' title='bbox 263 2542 350 2596; x_wconf 89' lang='grc' dir='ltr'><em>ε’πὶ</em></span> <span class='ocrx_word' id='word_1_227' title='bbox 380 2538 480 2612; x_wconf 83' lang='grc' dir='ltr'><em>τὴν</em></span> <span class='ocrx_word' id='word_1_228' title='bbox 513 2545 747 2612; x_wconf 83' lang='grc' dir='ltr'><em>ἔρημον,</em></span> <span class='ocrx_word' id='word_1_229' title='bbox 780 2539 1015 2612; x_wconf 87' lang='grc' dir='ltr'><em>μάλιστα</em></span> <span class='ocrx_word' id='word_1_230' title='bbox 1037 2562 1127 2596; x_wconf 89' lang='grc' dir='ltr'><em>οτε</em></span> <span class='ocrx_word' id='word_1_231' title='bbox 1153 2543 1430 2612; x_wconf 83' lang='grc' dir='ltr'><em>μηδεμίαν</em></span> <span class='ocrx_word' id='word_1_232' title='bbox 1461 2537 1636 2596; x_wconf 82' lang='grc' dir='ltr'><em>αὐτοῦ</em></span> <span class='ocrx_word' id='word_1_233' title='bbox 1667 2541 1868 2610; x_wconf 79' lang='grc' dir='ltr'><em>πρᾶξιν</em></span> 
     </span>
     <span class='ocr_line' id='line_1_31' title="bbox 261 2620 1868 2696; baseline -0.001 -16"><span class='ocrx_word' id='word_1_234' title='bbox 261 2628 577 2696; x_wconf 71' lang='grc' dir='ltr'><em>ἱστοροῦσιν</em></span> <span class='ocrx_word' id='word_1_235' title='bbox 617 2649 667 2681; x_wconf 94' lang='grc' dir='ltr'><em>οι</em></span> <span class='ocrx_word' id='word_1_236' title='bbox 711 2623 889 2695; x_wconf 81' lang='grc' dir='ltr'><em>λόγοι</em></span> <span class='ocrx_word' id='word_1_237' title='bbox 924 2646 1051 2681; x_wconf 91' lang='grc' dir='ltr'><em>ουτε</em></span> <span class='ocrx_word' id='word_1_238' title='bbox 1081 2622 1185 2696; x_wconf 77' lang='grc' dir='ltr'><em>γὰρ</em></span> <span class='ocrx_word' id='word_1_239' title='bbox 1218 2646 1451 2694; x_wconf 89' lang='grc' dir='ltr'><em>νεκρους</em></span> <span class='ocrx_word' id='word_1_240' title='bbox 1495 2627 1709 2695; x_wconf 81' lang='grc' dir='ltr'><em>ἐγείρας</em></span> <span class='ocrx_word' id='word_1_241' title='bbox 1739 2620 1868 2679; x_wconf 78' lang='grc' dir='ltr'><em>οὔτε</em></span> 
     </span>
    </p>
   </div>
   <div class='ocr_carea' id='block_1_8' title="bbox 1892 1047 1932 1079">
    <p class='ocr_par' dir='ltr' id='par_1_9' title="bbox 1892 1047 1932 1079">
     <span class='ocr_line' id='line_1_32' title="bbox 1892 1047 1932 1079; baseline 0.05 -2"><span class='ocrx_word' id='word_1_242' title='bbox 1892 1047 1932 1079; x_wconf 87' lang='lat'><em>10</em></span> 
     </span>
    </p>
   </div>
   <div class='ocr_carea' id='block_1_9' title="bbox 1893 1467 1932 1499">
    <p class='ocr_par' dir='ltr' id='par_1_10' title="bbox 1893 1467 1932 1499">
     <span class='ocr_line' id='line_1_33' title="bbox 1893 1467 1932 1499; baseline 0.026 -1"><span class='ocrx_word' id='word_1_243' title='bbox 1893 1467 1932 1499; x_wconf 87' lang='lat'><em>15</em></span> 
     </span>
    </p>
   </div>
   <div class='ocr_carea' id='block_1_10' title="bbox 1891 1887 1932 1920">
    <p class='ocr_par' dir='ltr' id='par_1_11' title="bbox 1891 1887 1932 1920">
     <span class='ocr_line' id='line_1_34' title="bbox 1891 1887 1932 1920; baseline 0.049 -2"><span class='ocrx_word' id='word_1_244' title='bbox 1891 1887 1932 1920; x_wconf 79' lang='lat'><em>20</em></span> 
     </span>
    </p>
   </div>
   <div class='ocr_carea' id='block_1_11' title="bbox 1891 2308 1992 2361">
    <p class='ocr_par' dir='ltr' id='par_1_12' title="bbox 1891 2308 1992 2361">
     <span class='ocr_line' id='line_1_35' title="bbox 1891 2308 1992 2361; baseline 0.01 -22"><span class='ocrx_word' id='word_1_245' title='bbox 1891 2308 1992 2361; x_wconf 27' lang='grc' dir='ltr'><em>25ἦ</em></span> 
     </span>
    </p>
   </div>
   <div class='ocr_carea' id='block_1_12' title="bbox 262 2699 1932 2781">
    <p class='ocr_par' dir='ltr' id='par_1_13' title="bbox 262 2699 1932 2781">
     <span class='ocr_line' id='line_1_36' title="bbox 262 2699 1932 2781; baseline -0.003 -17"><span class='ocrx_word' id='word_1_246' title='bbox 262 2711 419 2780; x_wconf 80' lang='grc' dir='ltr'><em>ἕτερα</em></span> <span class='ocrx_word' id='word_1_247' title='bbox 450 2707 711 2780; x_wconf 85' lang='grc' dir='ltr'><em>θαύματα</em></span> <span class='ocrx_word' id='word_1_248' title='bbox 741 2708 1053 2781; x_wconf 77' lang='grc' dir='ltr'><em>πεποιηκώς</em></span> <span class='ocrx_word' id='word_1_249' title='bbox 1083 2706 1518 2779; x_wconf 84' lang='grc' dir='ltr'><em>ἀναγέγραπται</em></span> <span class='ocrx_word' id='word_1_250' title='bbox 1581 2715 1635 2762; x_wconf 86' lang='grc' dir='ltr'><em>τί</em></span> <span class='ocrx_word' id='word_1_251' title='bbox 1665 2704 1735 2778; x_wconf 80' lang='grc' dir='ltr'><em>δὴ</em></span> <span class='ocrx_word' id='word_1_252' title='bbox 1765 2699 1868 2763; x_wconf 90' lang='grc' dir='ltr'><em>οὐν</em></span> <span class='ocrx_word' id='word_1_253' title='bbox 1889 2727 1932 2759; x_wconf 80' lang='lat'><em>30</em></span> 
     </span>
    </p>
   </div>
   <div class='ocr_carea' id='block_1_13' title="bbox 261 2785 1867 2948">
    <p class='ocr_par' dir='ltr' id='par_1_14' title="bbox 261 2785 1867 2948">
     <span class='ocr_line' id='line_1_37' title="bbox 265 2785 1867 2864; baseline -0.001 -16"><span class='ocrx_word' id='word_1_254' title='bbox 265 2785 330 2862; x_wconf 81' lang='grc' dir='ltr'><em>ἦν</em></span> <span class='ocrx_word' id='word_1_255' title='bbox 369 2791 427 2848; x_wconf 82' lang='grc' dir='ltr'><em>τὸ</em></span> <span class='ocrx_word' id='word_1_256' title='bbox 469 2795 742 2864; x_wconf 81' lang='grc' dir='ltr'><em>ἐκπλῆξαν</em></span> <span class='ocrx_word' id='word_1_257' title='bbox 783 2792 907 2859; x_wconf 81' lang='grc' dir='ltr'><em>τούς</em></span> <span class='ocrx_word' id='word_1_258' title='bbox 937 2792 1176 2861; x_wconf 86' lang='grc' dir='ltr'><em>πάντας;</em></span> <span class='ocrx_word' id='word_1_259' title='bbox 1219 2816 1251 2863; x_wconf 92' lang='grc' dir='ltr'><em>η</em></span> <span class='ocrx_word' id='word_1_260' title='bbox 1283 2791 1490 2863; x_wconf 86' lang='grc' dir='ltr'><em>μήποτε</em></span> <span class='ocrx_word' id='word_1_261' title='bbox 1533 2789 1561 2847; x_wconf 88' lang='grc' dir='ltr'>ὁ</span> <span class='ocrx_word' id='word_1_262' title='bbox 1595 2793 1745 2857; x_wconf 79' lang='grc' dir='ltr'><em>ξένος</em></span> <span class='ocrx_word' id='word_1_263' title='bbox 1776 2792 1867 2846; x_wconf 88' lang='grc' dir='ltr'><em>καὶ</em></span> 
     </span>
     <span class='ocr_line' id='line_1_38' title="bbox 261 2872 1865 2948; baseline -0.002 -16"><span class='ocrx_word' id='word_1_264' title='bbox 261 2874 660 2947; x_wconf 90' lang='grc' dir='ltr'><em>παραλλάττων</em></span> <span class='ocrx_word' id='word_1_265' title='bbox 699 2876 825 2942; x_wconf 81' lang='grc' dir='ltr'><em>τοὺς</em></span> <span class='ocrx_word' id='word_1_266' title='bbox 865 2877 1102 2943; x_wconf 82' lang='grc' dir='ltr'><em>πολλοὺς</em></span> <span class='ocrx_word' id='word_1_267' title='bbox 1133 2873 1304 2932; x_wconf 85' lang='grc' dir='ltr'><em>αυτοῦ</em></span> <span class='ocrx_word' id='word_1_268' title='bbox 1348 2882 1492 2946; x_wconf 86' lang='grc' dir='ltr'><em>βίος;</em></span> <span class='ocrx_word' id='word_1_269' title='bbox 1533 2873 1731 2948; x_wconf 84' lang='grc' dir='ltr'><em>προῄει</em></span> <span class='ocrx_word' id='word_1_270' title='bbox 1762 2872 1865 2948; x_wconf 77' lang='grc' dir='ltr'><em>γὰρ</em></span> 
     </span>
    </p>
   </div>
  </div>
 </body>
</html>
