1992 3186
259 158 366 211 374
937 157 1183 200 EUSEBII

254 279 349 348 τῆς
381 274 670 333 Ἰουδαίων
699 272 880 347 χώρας
919 271 1424 348 προελευσόμενον,
1465 281 1542 343 εἰς
1583 274 1764 333 πάντα
1805 276 1867 333 δὲ

254 359 321 417 τὰ
373 366 513 432 ἔθνη
569 356 1078 431 διαδοθησόμενον,
1133 354 1273 432 ἅπερ
1324 355 1519 418 ὁποῖον
1568 361 1721 427 τέλος
1774 362 1866 418 καὶ

255 441 454 501 ὁποίαν
499 449 731 515 ἔκβασιν
770 449 885 501 τών
926 441 1110 515 λόγων
1148 441 1283 516 μετὰ
1323 441 1426 517 τὴν
1475 448 1574 502 τοῦ
1624 448 1868 520 σωτῆρος

207 554 231 585 b
255 525 409 601 ἡμῶν
433 526 611 600 Ἰησοῦ
637 530 880 599 Χριστοῦ
908 533 1221 602 παρουσίαν
1252 530 1617 602 ἐπιδέδεκται,
1649 531 1737 587 σοὶ
1767 553 1868 586 κα-

253 617 494 669 ταλείπω
528 625 775 670 σκοπεῖν.
1888 634 1909 667 5

818 835 950 894 Ἀπὸ
973 834 1305 910 ’Λμβακούμ

205 984 223 1005 0
378 961 501 1011 XIV.
546 944 696 1007 “Kal
736 947 1017 1021 ἀπεκρίθη
1061 947 1248 1021 κύριος
1291 947 1427 1022 πρός
1457 949 1551 1022 μἐ,
1592 950 1686 1006 καὶ
1728 948 1866 1020 εἷπε,

251 1031 470 1108 γράψον
499 1031 696 1107 ὅρασιν
727 1037 920 1107 σαφώς
962 1037 1022 1091 ἐν
1052 1036 1258 1109 πυξίω,
1289 1032 1437 1100 ὅπως
1472 1032 1645 1108 διώκῃ
1669 1029 1699 1091 5
1730 1032 1868 1092 o'evoc—

251 1117 545 1190 γινώσκων
575 1117 736 1190 αὐτὰ,
773 1117 912 1176 διότι
943 1123 1021 1175 ἔτι
1052 1115 1242 1190 ὅρασις
1275 1123 1351 1185 εἰς
1375 1116 1587 1190 καιρὸν,
1613 1120 1705 1174 καὶ
1729 1115 1868 1176 ἀνα-

251 1211 402 1260 τελεῖ
430 1209 507 1270 εἰς
547 1205 746 1275 πέρας,
779 1205 872 1260 καὶ
910 1200 1014 1259 οὐκ
1054 1208 1131 1270 εἰς
1172 1200 1350 1260 κενόν.
1430 1201 1527 1259 ἐὰν
1566 1198 1866 1276 ὑστερήσῃ,
1891 1224 1932 1256 10

252 1285 559 1361 ὑπόμεινον
609 1286 807 1359 αὐτὸν,
863 1285 945 1344 ότι
986 1283 1014 1343 5
1068 1284 1356 1360 ἐρχόμενος
1395 1285 1514 1359 ἥξει
1553 1289 1645 1343 καὶ
1685 1283 1753 1344 οὐ
1794 1285 1868 1360 μὴ

253 1378 499 1478 χρονίση.
564 1371 662 1429 ἐαν
691 1371 1102 1444 ὑποστείληται,
1135 1367 1238 1428 οὐκ
1270 1368 1496 1428 εὐδοκεῖ
1523 1367 1556 1443 ἡ
1588 1369 1738 1443 ψυχή
1759 1395 1868 1445 μου

255 1459 316 1514 ἐν
347 1453 516 1532 αὐτῷ,
548 1454 577 1512 5
613 1457 672 1513 δε
707 1461 915 1523 δίκαιος
949 1458 1008 1512 ἐκ
1038 1454 1274 1521 πίστεώς
1304 1479 1411 1528 μου
1443 1452 1714 1528 ζήσεταιῗ

380 1545 428 1597 2.
478 1542 590 1597 Καὶ
633 1544 882 1598 ἐνταῦθα
925 1539 1234 1614 διαρρήδην
1257 1539 1562 1643 ,ῗέρχόμενον
1593 1537 1743 1612 ἥξειν
1771 1538 1868 1596 τὸν

253 1624 743 1700 προφητευόμενον
772 1631 1039 1695 θεσπίζει.
1100 1630 1182 1691 τίς
1216 1621 1270 1680 δ’
1303 1626 1375 1696 ἠν
1405 1626 1564 1691 οὗτος
1595 1649 1629 1697 η
1658 1620 1688 1681 5
1717 1621 1864 1682 ἀνω-
1890 1643 1930 1676 15

251 1711 390 1783 τέρω
425 1712 700 1783 δηλωθεὶς
730 1709 868 1767 κατὰ
896 1706 1002 1767 τὸ
1007 1705 1394 1782 ἐὐλογημένος
1423 1705 1452 1766 5
1485 1708 1776 1782 ἐρχόμενος
1809 1711 1869 1764 ἐν

207 1818 228 1849 d
253 1792 482 1867 ὀνόματι
526 1802 755 1867 κυρίου,
796 1793 930 1860 θεὸς
970 1817 1160 1868 κυριος
1202 1795 1294 1850 καὶ
1337 1795 1614 1865 ἐπέφανεν
1659 1788 1863 1864 ημῖν;”

251 1882 449 1936 τοῦτον
483 1880 545 1936 δε
574 1875 665 1935 οἶα
705 1902 823 1951 φως
862 1900 1208 1950 τυγχανοντα
1249 1883 1325 1942 εἰς
1366 1879 1538 1948 πέρας
1578 1873 1868 1933 ἀνατελειν

253 1981 444 2035 φησιν,
478 1965 566 2019 ἐπὶ
598 1967 889 2036 συντελείᾳ
923 1959 1137 2033 δηλαδὴ
1167 1963 1279 2018 τών
1309 1959 1545 2018 αἰώνων.
1617 1984 1659 2037 ῳ
1692 1959 1868 2036 συνᾴ-

255 2051 340 2103 δει
364 2049 456 2103 καὶ
480 2043 508 2102 5
534 2052 808 2119 Ζαχαρίας
840 2046 1020 2117 λέγων
1043 2041 1205 2102 “ἰδού
1235 2041 1395 2119 ἀνὴρ,
1429 2043 1668 2117 ἀνατολὴ
1691 2042 1864 2117 ὄνομα
1887 2064 1928 2096 20

254 2127 432 2207 αὐτῷ,
465 2132 556 2186 καὶ
586 2127 954 2186 ὑποκάτωθεν
985 2127 1160 2186 αὐτοῦ
1190 2126 1486 2186 ἀνατελεῖ.”
1565 2134 1612 2186 3.
1647 2131 1739 2185 καὶ
1768 2128 1866 2185 τὸν

253 2212 454 2287 χρόνον
485 2212 885 2286 ὑποσημαίνων
915 2211 943 2270 5
969 2210 1135 2279 αὐτὸς
1160 2216 1396 2285 ἐπιλέγει
1422 2209 1516 2270 “vd
1541 2211 1677 2287 πρὸς
1703 2215 1866 2270 ἑσπέ-

254 2323 360 2368 ραν
402 2303 553 2355 ἔσται
595 2304 728 2371 φῶς.
807 2297 904 2354 ἐὰν
941 2293 1248 2369 ὑστερήση,
1287 2296 1592 2370 ὑπόμεινον
1643 2294 1830 2355 αυτόν
1834 2293 1863 2315 ”

254 2381 389 2440 ἀνθ’
427 2408 493 2440 ου
524 2382 552 2440 5
579 2380 809 2449 Ἀκύλας
833 2380 1168 2454 πεποίηκεν
1172 2379 1294 2438 ἐὰν
1319 2381 1380 2437 δε
1405 2380 1670 2454 μελλήσῃ,
1695 2402 1862 2453 προσ-

257 2469 421 2540 δέχου
453 2465 650 2540 αὐτὸν,
693 2465 777 2524 ότι
810 2464 1098 2540 ἐρχόμενος
1137 2462 1253 2538 ηξει
1293 2467 1384 2521 καὶ
1425 2463 1488 2522 οὐ
1514 2461 1858 2537 βραδυνεῖ.”
1886 2492 1927 2524 25

253 2551 454 2609 τούτου
496 2553 557 2609 δὲ
597 2553 864 2626 μέμνηται
906 2557 998 2607 καὶ
1036 2549 1069 2622 ἡ
1115 2547 1251 2623 πρὸς
1273 2548 1563 2622 Ἑβραίους
1605 2548 1864 2622 ἐπιστολὴ

254 2633 330 2692 δι’
359 2629 438 2695 οἷν
462 2655 597 2709 φησι
622 2633 732 2710 “μὴ
756 2634 1071 2708 ἀποβάλητε
1094 2628 1196 2692 οὗν
1220 2631 1320 2707 τὴν
1344 2639 1661 2708 παρρησίαν
1683 2633 1862 2706 ὑμῶν,
1892 2684 1895 2686 ,

370 2858 391 2895 7
424 2856 541 2897 Hah.
566 2858 606 2908 2,
631 2859 668 2896 2.
892 2857 944 2895 16
974 2856 1094 2899 Hab.
1120 2858 1160 2907 9,
1186 2856 1253 2894 26.
1475 2857 1529 2895 20
1560 2854 1698 2896 Zaeh.
1725 2854 1766 2905 6,
1793 2854 1861 2892 12.

255 2913 307 2952 22
338 2911 475 2951 Zaeh.
502 2914 565 2962 14,
593 2915 630 2953 7.
806 2914 859 2953 27
890 2913 1008 2952 Heb.
1036 2914 1099 2962 10,
1124 2913 1191 2952 35.
