1992 3186
566 133 876 177 DEMONST
905 134 1126 177 EVANG
1158 135 1212 175 v.
1250 135 1289 174 5.
1632 133 1736 185 319

399 243 478 265 'ss‘

129 251 358 320 ξασθαι,
390 271 424 319 η
454 271 482 304 ο
513 250 612 304 τοῦ
641 251 783 304 θεοῦ
814 247 998 321 λόγος,
1030 245 1058 305 ὁ
1090 254 1350 314 ποικίλως
1383 247 1474 305 δια
1503 253 1599 321 τῆς
1629 271 1737 306 πα-

129 330 333 404 ρούσης
372 328 506 405 ἡμῖν
544 327 867 399 υποθέσεως
915 331 1381 406 θεολογούμενος,
1434 335 1525 388 καὶ
1578 332 1736 406 λόγος

128 419 266 473 θεοῦ
308 414 855 490 προσαγορευόμενος
909 415 1159 489 εἰκότως,
1212 415 1295 474 ὅτι
1349 415 1418 488 δὴ
1457 415 1586 483 τούς
1625 421 1737 474 τῶν

128 498 392 556 ἁπάντων
433 499 860 573 δημιουργικούς
900 524 960 557 τε
1000 503 1091 557 καὶ
1133 500 1448 573 ποιητικοὺς
1479 499 1676 573 λόγους
1708 499 1735 557 ὁ

84 606 104 639 5
128 582 520 658 παντοκράτωρ
556 587 614 641 ἐν
646 582 794 661 αὐτῷ
826 587 1258 658 καταβέβληται,
1292 584 1436 661 λόγω
1468 588 1560 642 καὶ
1590 584 1734 653 τάξει

125 667 191 724 τὰ
230 666 524 741 σύμπαντα
567 671 781 726 διέπειν
820 666 971 745 αὐτῷ
1007 672 1098 725 καὶ
1140 672 1515 743 διακυβερνᾶν
1555 693 1731 742 παρα-
1758 694 1846 734 (230)

129 751 287 822 δούς;
330 757 376 809 8.
411 752 485 827 μὴ
525 752 630 825 γὰρ
670 746 772 810 οὖν
801 777 882 818 τις
912 751 1183 824 ὑπολάβοι
1223 758 1298 829 τῷ
1330 751 1479 826 παρα
1510 751 1736 826 ἄνθρω-

126 858 249 902 ποις
293 840 352 893 ἐκ
393 840 690 909 συλλαβῶν
731 840 1063 907 συνεστῶτι,
1118 843 1177 893 ἔκ
1220 861 1278 894 τε
1318 836 1604 910 ὀνομάτων
1643 841 1736 894 καὶ

127 919 385 994 ῥημάτων
416 922 788 997 συγκειμένῳ,
823 919 1080 997 ἐνάρθρςο
1113 923 1205 977 καὶ
1237 925 1559 998 προφορικςό
1589 921 1734 998 λόγῳ

63 1029 102 1061 10
124 1002 221 1061 τὸν
259 1008 357 1061 τοῦ
401 1007 543 1061 θεοῦ
580 1003 886 1078 παρόμοιον
924 1003 1244 1078 τυγχάνειν·
1293 1003 1376 1062 ὅτι
1419 1003 1488 1077 δὴ
1528 1004 1556 1061 ὁ
1598 1004 1728 1078 παρ’

125 1087 258 1162 ἡμῖν
301 1088 459 1161 λόγος
501 1092 561 1146 ἐν
604 1102 819 1161 φωναῖς
859 1091 951 1145 καὶ
1002 1096 1308 1161 συλλαβαῖς
1347 1091 1440 1145 καὶ
1489 1103 1602 1156 τοῖς
1644 1089 1734 1145 διὰ

124 1171 335 1230 τούτων
361 1176 781 1275 σημαινομένοις
805 1175 1059 1245 κέκτηται
1081 1171 1183 1246 τὴν
1204 1170 1423 1246 οὐσίαν,
1453 1172 1544 1230 διὰ
1559 1173 1732 1245 γλώτ-

125 1281 220 1355 της
252 1259 342 1313 καὶ
373 1255 651 1331 ἀρτηριων
691 1256 975 1331 φάρυγγός
1014 1281 1073 1314 τε
1103 1260 1196 1314 καὶ
1227 1256 1491 1331 στόματος
1530 1279 1733 1332 προφε-

127 1340 375 1440 ρόμενος,
406 1337 434 1397 ὁ
461 1343 521 1398 δε
543 1366 639 1438 της
663 1339 853 1419 άϊδίου
872 1344 964 1398 καὶ
990 1338 1285 1415 ἀσωμάτου
1308 1340 1532 1414 φύσεως
1556 1340 1734 1413 πάντη

64 1446 103 1479 15
128 1449 263 1481 κατα
294 1424 473 1482 πάντα
502 1449 600 1482 του
631 1423 764 1482 καθ’
798 1422 939 1498 ἡμᾶς
963 1427 1419 1530 παρηλλαγμένος
1441 1425 1610 1483 ουδεν
1640 1424 1734 1482 ἀν-

125 1506 411 1608 θρώπειον
437 1506 678 1580 ἐπάγοιτ’
711 1506 799 1581 ἂν,
830 1508 971 1584 μόνη
997 1512 1328 1583 κεχρημένος
1350 1513 1419 1582 τῇ
1440 1516 1534 1581 τῆς
1565 1529 1731 1583 προσ·
1763 1533 1783 1565 b

128 1591 337 1664 ρήσεως
368 1589 689 1668 ὁμωνυμία,
724 1598 771 1651 9.
807 1595 923 1651 ἐπεὶ
958 1592 1093 1666 μήτε
1116 1591 1314 1665 φωνην
1336 1593 1438 1664 τὴν
1465 1591 1537 1648 δι’
1575 1590 1734 1665 άέρος

126 1675 403 1747 κρούσεως
426 1673 828 1750 υφισταμένην,
853 1676 988 1750 μήτε
1012 1675 1243 1750 ῥηματα,
1268 1675 1406 1750 μήτε
1430 1675 1729 1748 συλλαβάς,

124 1758 258 1834 μήτε
287 1764 553 1832 γλῶτταν,
584 1759 719 1833 μήτε
750 1760 939 1834 στόμα,
971 1761 1107 1834 μήτε
1129 1758 1269 1826 ὅλως
1298 1785 1348 1817 τι
1366 1765 1477 1817 τῶν
1507 1758 1734 1834 ἄνθρω-

63 1866 103 1898 20
126 1852 300 1902 πείων
339 1847 430 1901 καὶ
468 1849 696 1916 θνητων
739 1847 827 1902 ε’πὶ
859 1849 959 1902 τοῦ
986 1847 1099 1902 τῶν
1139 1843 1285 1901 ὅλων
1314 1848 1454 1902 θεοῦ
1485 1853 1734 1946 παραλη-

126 1931 315 1985 πτέον
362 1933 542 2001 ψυχῆς
572 1925 739 2001 γαρ”
708 1954 778 1986 αν
809 1939 893 2002 εἰη
925 1927 1083 2002 λόγος
1114 1953 1300 2001 ουτος,
1333 1926 1591 2002 οὐδαμῶς
1622 1928 1734 1995 οἰός

126 2035 184 2068 τε
215 2010 343 2069 καθ’
392 2011 590 2070 εαυτὸν
632 2018 759 2086 δίχα
789 2017 968 2087 ψυχῆς
1001 2011 1143 2070 εἶναι
1172 2010 1205 2085 ἢ
1239 2010 1560 2085 ὑποστῆναι.
1621 2037 1734 2070 τοι-

125 2093 256 2153 όσδε
286 2121 390 2170 γαρ
421 2093 449 2153 ὁ
482 2100 543 2154 ἐν
572 2096 893 2172 ἀνθρώποις
925 2096 1111 2170 λόγος,
1161 2103 1315 2163 ἰδίως
1345 2121 1446 2170 μεν
1476 2095 1734 2164 άνούσιος

126 2176 205 2236 ὢν
256 2183 348 2237 καὶ
399 2178 805 2255 ἀνυπόστατος,
858 2181 990 2239 ὅλον
1037 2182 1099 2239 δὲ
1141 2179 1495 2254 αὐτοκίνησίς
1544 2206 1603 2239 τε
1642 2183 1733 2238 καὶ

62 2287 103 2321 25
129 2266 373 2338 ἐνέργεια
415 2270 663 2332 διανοιάς
680 2265 999 2340 τυγχάνων.
1073 2270 1154 2322 10.
1187 2263 1326 2322 ἀλλὰ
1357 2262 1422 2323 οὐ
1453 2267 1546 2322 καὶ
1577 2262 1605 2323 ὁ
1635 2269 1733 2322 τοῦ

126 2351 264 2405 θεοῦ
304 2352 576 2422 τοιοῦτος,
620 2357 762 2424 ἔχων
803 2352 863 2408 δε
903 2347 1036 2407 καθ’
1080 2348 1280 2407 εαυτὸν
1329 2355 1542 2406 οἰκείαν
1591 2344 1731 2405 υπό-

127 2448 320 2488 στασιν
351 2433 529 2506 πάντη
559 2440 727 2491 θείαν
757 2437 849 2492 καὶ
878 2434 1110 2509 νοεράν,
1154 2439 1308 2499 ἰδίως
1352 2457 1455 2506 μεν
1483 2431 1731 2504 ὑφεστω-
1756 2465 1772 2487 e

129 2531 261 2586 σαν,
296 2521 447 2582 ἰδίως
481 2515 532 2573 δ’
567 2511 639 2574 αὗ
669 2517 837 2576 πάλιν
869 2521 1235 2590 ἐνεργοῦσαν,
1267 2514 1439 2573 άϋλόν
1468 2538 1527 2572 τε
1557 2517 1761 2597 οὖσανχ

129 2599 220 2653 καὶ
259 2596 575 2672 ἀσώματον,
615 2605 708 2659 καὶ
747 2602 883 2660 κατὰ
923 2601 1104 2659 πάντα
1142 2604 1209 2673 τῇ
1248 2602 1349 2656 τοῦ
1388 2597 1609 2672 πρώτου
1639 2601 1732 2655 καὶ

65 2705 106 2738 30
130 2679 436 2754 ἀγεννήτων
484 2687 576 2741 καὶ
627 2685 800 2758 μόνου
850 2690 990 2744 θεοῦ
1030 2683 1198 2758 φύσει
1238 2685 1732 2792 παρωμοιωμένην,

128 2762 255 2832 τούς
284 2769 395 2822 τῶν
416 2789 697 2840 γεννητων
719 2766 979 2827 ἁπάντων
1002 2767 1198 2840 λόγους
1223 2769 1314 2824 καὶ
1338 2791 1432 2834 τας
1454 2771 1568 2824 τῶν
1595 2765 1732 2840 ὁρω-

127 2851 311 2921 μένων
350 2848 672 2922 ἀσωμάτους
712 2877 769 2910 τε
810 2855 901 2910 καὶ
954 2851 1221 2926 άοράτους
1264 2853 1413 2918 ἰδέας
1461 2855 1521 2909 ἐν
1562 2853 1734 2925 ἑαυτῇ
