1992 3186
536 142 844 183 DEMONST.
877 141 1097 184 EVANG.
1129 143 1206 183 VI.
1233 145 1299 184 13.
1641 140 1742 193 371

131 257 403 332 σωμάτων
451 255 789 330 κοιλώμασιν
839 256 1232 331 ἐνδιατρίβειν)
1287 252 1359 324 ὥς
1410 257 1576 330 κηρὸς
1632 257 1738 314 ἀπὸ

131 342 436 446 προσώπου
463 340 636 415 πυρὸς
666 339 987 415 τηκόμενοι,
1019 347 1085 416 τῇ
1115 347 1213 398 τοῦ
1243 347 1408 399 θείου
1439 340 1608 414 λόγου
1642 347 1737 399 δυ-

129 426 292 501 νάμει
324 430 376 495 ἐξ
408 424 730 501 ἀνθρώπων
759 424 1124 499 ἄποφύγοιεν,
1156 428 1248 483 καὶ
1274 427 1431 500 ἑτέρα
1464 425 1515 482 δ’
1554 422 1623 483 ἂν
1656 437 1739 499 εἴη
1765 454 1786 486 b

129 510 277 587 παρὰ
316 510 517 578 ταύτας
559 517 706 568 αἰτία
746 507 846 583 οὐχ
887 506 922 582 ἡ
961 514 1204 583 τυχοῦσα
1243 516 1339 584 τῆς
1382 513 1435 578 ἐξ
1481 509 1741 584 οὐρανων

85 619 106 652 5
128 595 380 654 καθόδου
410 600 509 654 τοῦ
539 601 757 668 κυρίου,
787 591 859 668 ἢν
888 591 916 652 ὁ
942 594 1102 667 λόγος
1128 598 1561 668 ἐπισημαίνεται,
1593 592 1741 663 ὅπως

129 704 308 739 παντα
338 705 405 738 τα
441 682 529 738 ἐπὶ
574 685 676 752 γῆς
717 685 887 752 ἔθνη,
928 686 1042 737 τῶν
1075 677 1357 753 δαιμόνων
1396 679 1741 738 ἄπελασθέν·

127 790 240 824 των
270 767 362 822 καὶ
391 771 506 822 τῶν
528 762 871 838 αρχοντικῶν
894 786 1229 837 πνευματων
1252 766 1613 844 σεισθέντων,
1644 769 1740 837 τῆς

127 848 297 907 παλαι
314 846 500 907 αυτῶν
516 851 755 955 σκληροῖς
774 841 914 906 καὶ’
883 846 1148 921 ακινήτου
1164 853 1497 921 τυραννίδος
1519 872 1740 907 υπανα-

128 933 479 1006 πνεύσαντα,
510 934 613 1005 τὴν
645 936 948 1005 ἐπίγνωσιν
977 936 1077 990 τοῦ
1108 934 1196 989 ἐπὶ
1227 955 1455 991 παντων
1486 930 1738 1007 ἀναλαβῃ

64 1042 105 1074 10
127 1022 282 1076 θεοῦ.
348 1023 427 1075 19.
461 1019 554 1075 καὶ
597 1014 738 1074 αὐτοὶ
781 1009 894 1074 ὧδέ
930 1039 1047 1083 πως
1087 1022 1150 1073 αἱ
1184 1019 1280 1089 τῆς
1325 1014 1494 1090 αὐτῆς
1525 1041 1739 1092 προφη-

126 1109 274 1170 τείας
305 1104 489 1175 φωναὶ
529 1104 651 1174 ἑξῆς
690 1103 782 1159 καὶ
814 1099 951 1158 κατὰ
989 1100 1050 1158 τὸ
1092 1098 1224 1158 αὐτὸ
1265 1097 1375 1158 ὑπὸ
1405 1108 1540 1174 μίαν
1571 1101 1740 1159 συνοί-

126 1210 296 1259 φειαν
338 1191 589 1252 διανοίας
628 1185 963 1260 κηρύττουσι
994 1184 1127 1243 ’(καὶ
1167 1192 1318 1243 ἔσται
1364 1183 1451 1242 ἐπ’
1496 1185 1740 1260 ἐσχάτων

126 1275 239 1329 τῶν
268 1270 492 1345 ἡμερῶν
523 1272 762 1344 ἐμφανὲς
791 1270 852 1328 τὸ
882 1268 1007 1346 ὅρος
1031 1276 1251 1345 κυρίου,
1285 1273 1502 1344 ἕτοιμον
1528 1273 1615 1328 ἐπὶ
1644 1270 1740 1338 τὰς

128 1355 378 1428 κορυφὰς
407 1359 520 1412 τῶν
548 1356 755 1428 ὀρέων,
795 1358 889 1412 καὶ
930 1353 1437 1428 μετεωρισθήσεται
1476 1352 1739 1429 ὑπεράνω

65 1461 106 1494 15
128 1442 240 1496 τῶν
286 1444 540 1512 βουνῶν,
595 1441 686 1496 καὶ
739 1437 1079 1496 σπεύσουσιν
1132 1435 1220 1495 ἐπ’
1267 1437 1405 1496 αὐτὸ
1451 1442 1602 1512 λαοὶ,
1647 1443 1780 1499 καὶο

128 1522 496 1597 πορεύσονται
541 1528 682 1595 ἔθνη
723 1521 926 1595 πολλοὶ,
968 1525 1059 1580 καὶ
1103 1525 1316 1596 ἐροῦσι,
1373 1527 1557 1596 δεῦτε,
1600 1523 1740 1581 ἀνα-

128 1612 315 1681 βῶμεν
347 1613 426 1676 εἰς
465 1607 526 1665 τὸ
562 1605 688 1682 ὅρος
718 1613 817 1665 τοῦ
856 1614 1055 1680 κυρίου
1095 1609 1188 1663 καὶ
1221 1613 1298 1673 εἰς
1328 1606 1424 1664 τὸν
1455 1609 1609 1665 οἷκον
1639 1612 1738 1665 τοῦ

126 1695 267 1749 θεοῦ
289 1690 512 1764 Ἰακώβ,
544 1694 637 1748 καὶ
662 1695 942 1760 δείξουσιν
964 1689 1098 1765 ἡμῖν
1119 1688 1221 1765 τὴν
1250 1687 1386 1748 ὁδὸν
1417 1690 1610 1764 αὐτοῦ,
1643 1695 1730 1749 καὶ
1759 1719 1848 1762 [uo]

127 1774 518 1850 πορευσόμεθα
565 1780 626 1834 ἐν
662 1790 782 1843 ταῖς
822 1782 1032 1848 τρίβοις
1075 1774 1262 1832 αὐτοῦ.
1337 1779 1396 1832 ἐκ
1434 1801 1538 1851 γαρ
1582 1775 1738 1834 Σιων

65 1883 106 1916 20
130 1859 468 1928 ἐξελεύσεται
498 1858 692 1933 νόμος,
724 1862 817 1917 καὶ
862 1859 1039 1932 λόγος
1053 1866 1252 1934 κυρίου
1285 1862 1338 1927 ἐξ
1362 1858 1738 1959 Ιερουσαλὴμ,

127 1947 219 2002 καὶ
249 1958 432 2018 κρινεῖ
458 1969 565 2002 ανα
594 1947 764 2018 μέσον
792 1948 905 2002 τῶν
937 1941 1163 2003 ἐθνωνῖ

254 2033 338 2085 20.
382 2031 620 2086 Τοιαῦτα
661 2031 754 2086 καὶ
795 2031 923 2103 περὶ
952 2034 1048 2103 τῆς
1085 2034 1198 2086 τῶν
1241 2031 1427 2086 ἐθνων
1469 2027 1736 2102 κλήσεως,

128 2110 162 2168 ὁὶ
193 2115 285 2170 καὶ
315 2111 507 2180 ὁποίας
539 2120 716 2186 ἔχεται
751 2119 1018 2186 διανοίας,
1050 2110 1200 2180 ὅπως
1228 2136 1287 2170 τε
1310 2115 1403 2170 καὶ
1435 2110 1573 2170 αὐτὰ
1603 2113 1740 2186 μετὰ

125 2196 227 2269 τὴν
256 2200 354 2254 τοῦ
385 2200 629 2272 σωτῆρος
658 2196 822 2271 ἡμῶν
838 2205 1152 2272 παρουσίαν
1181 2199 1334 2263 τέλος
1367 2206 1614 2271 εἴληφεν,
1650 2201 1740 2255 ἐπὶ

64 2303 105 2335 25
128 2284 324 2354 σχολῆς
354 2279 424 2339 ἄν
452 2305 533 2348 τις
563 2280 891 2355 καταμαθοι.
947 2280 1270 2349 ἀκολούθως
1300 2306 1363 2354 γε
1385 2281 1496 2355 μὴν
1525 2281 1738 2349 τούτοις

126 2363 425 2439 ἀρχόμενος
455 2362 484 2422 ὃ
516 2369 612 2438 τῆς
643 2374 980 2440 προφητειας
1011 2365 1197 2439 λόγος,
1231 2390 1304 2432 ως
1335 2390 1407 2423 αν
1443 2368 1533 2423 ἐπὶ
1564 2386 1786 2474 σωτη-«ι

127 2456 220 2523 ρία
249 2473 314 2507 ου
331 2449 504 2522 μόνον
527 2474 626 2508 του
651 2449 941 2509 Ἰουδαίων
963 2458 1185 2523 ἔθνους,
1207 2447 1348 2507 ἄλλα
1375 2474 1480 2550 γαρ
1504 2452 1596 2506 καὶ
1625 2473 1737 2507 των

130 2532 371 2590 ἐθνῶν“
343 2557 606 2592 απαντων
633 2559 730 2608 της
751 2538 854 2592 τοῦ
868 2542 1068 2609 κυρίου
1093 2541 1170 2601 εἰς
1199 2531 1537 2608 ανθρώπους
1567 2533 1736 2590 καθό-

130 2622 233 2672 δου
282 2620 684 2691 γενησομένης,
732 2633 847 2686 τοῖς
895 2627 1047 2685 λαοῖς
1086 2621 1179 2675 καὶ
1216 2632 1330 2684 τοῖς
1372 2619 1462 2674 ἐπὶ
1500 2621 1595 2689 τῆς
1635 2622 1736 2689 γῆς

896 2700 966 2722 (θ’

65 2721 106 2754 30
128 2697 334 2756 ἅπασιν
365 2703 664 2774 ἐπιφωνεῖ,
696 2705 875 2775 λέγων
936 2701 1209 2759 ακούσατε
1239 2703 1360 2758 λαοὶ
1391 2723 1610 2773 παντες,
1642 2704 1733 2759 καὶ

245 2893 294 2931 12
329 2893 403 2932 Es.
428 2895 467 2942 2,
492 2895 530 2932 2.

1327 2962 1436 3013 242³<
