<?xml version="1.0" encoding="UTF-8"?>
<!DOCTYPE html PUBLIC "-//W3C//DTD XHTML 1.0 Transitional//EN"
    "http://www.w3.org/TR/xhtml1/DTD/xhtml1-transitional.dtd">
<html xmlns="http://www.w3.org/1999/xhtml" xml:lang="en" lang="en">
 <head>
  <title>
</title>
<meta http-equiv="Content-Type" content="text/html;charset=utf-8" />
  <meta name='ocr-system' content='tesseract 3.04.00' />
  <meta name='ocr-capabilities' content='ocr_page ocr_carea ocr_par ocr_line ocrx_word'/>
</head>
<body>
  <div class='ocr_page' id='page_1' title='image "./operaeusebius03euseuoft_0074.png"; bbox 0 0 1946 3158; ppageno 0'>
   <div class='ocr_carea' id='block_1_1' title="bbox 191 119 1120 180">
    <p class='ocr_par' dir='ltr' id='par_1_1' title="bbox 191 119 1120 180">
     <span class='ocr_line' id='line_1_1' title="bbox 191 119 1120 180; baseline -0.001 -10"><span class='ocrx_word' id='word_1_1' title='bbox 191 119 262 180; x_wconf 79' lang='lat'><em>50</em></span> <span class='ocrx_word' id='word_1_2' title='bbox 874 129 1120 171; x_wconf 82' lang='lat' dir='ltr'>EUSEBII</span> 
     </span>
    </p>
   </div>
   <div class='ocr_carea' id='block_1_2' title="bbox 92 242 1861 2774">
    <p class='ocr_par' dir='ltr' id='par_1_2' title="bbox 191 242 1800 405">
     <span class='ocr_line' id='line_1_2' title="bbox 191 242 1800 319; baseline 0.002 -17"><span class='ocrx_word' id='word_1_3' title='bbox 191 248 284 302; x_wconf 88' lang='grc' dir='ltr'><em>καὶ</em></span> <span class='ocrx_word' id='word_1_4' title='bbox 314 247 437 318; x_wconf 93' lang='grc' dir='ltr'><em>μέλι</em></span> <span class='ocrx_word' id='word_1_5' title='bbox 479 243 570 302; x_wconf 84' lang='grc' dir='ltr'><em>οἶα</em></span> <span class='ocrx_word' id='word_1_6' title='bbox 594 250 813 317; x_wconf 83' lang='grc' dir='ltr'><strong><em>νηπίοις</em></strong></span> <span class='ocrx_word' id='word_1_7' title='bbox 840 245 1227 316; x_wconf 80' lang='grc' dir='ltr'><em>ἐπηγγέλλετο·</em></span> <span class='ocrx_word' id='word_1_8' title='bbox 1277 242 1381 318; x_wconf 71' lang='grc' dir='ltr'><em>ἐγω</em></span> <span class='ocrx_word' id='word_1_9' title='bbox 1417 247 1476 303; x_wconf 74' lang='grc' dir='ltr'><em>δὲ</em></span> <span class='ocrx_word' id='word_1_10' title='bbox 1507 252 1800 319; x_wconf 88' lang='grc' dir='ltr'><em>βασιλείαν</em></span> 
     </span>
     <span class='ocr_line' id='line_1_3' title="bbox 191 327 1374 405; baseline 0 -18"><span class='ocrx_word' id='word_1_11' title='bbox 191 327 452 405; x_wconf 77' lang='grc' dir='ltr'><em>οὐρανῶν</em></span> <span class='ocrx_word' id='word_1_12' title='bbox 480 345 594 396; x_wconf 91' lang='grc' dir='ltr'><em>τοῖς</em></span> <span class='ocrx_word' id='word_1_13' title='bbox 624 335 759 396; x_wconf 80' lang='grc' dir='ltr'>οἵοις</span> <span class='ocrx_word' id='word_1_14' title='bbox 790 354 848 386; x_wconf 92' lang='grc' dir='ltr'><em>τε</em></span> <span class='ocrx_word' id='word_1_15' title='bbox 878 343 1080 402; x_wconf 84' lang='grc' dir='ltr'><em>χωρεῖν</em></span> <span class='ocrx_word' id='word_1_16' title='bbox 1110 332 1374 400; x_wconf 77' lang='grc' dir='ltr'><em>προξενῶ.</em></span> 
     </span>
    </p>

    <p class='ocr_par' dir='ltr' id='par_1_3' title="bbox 159 406 1840 656">
     <span class='ocr_line' id='line_1_4' title="bbox 159 406 1799 488; baseline 0.001 -18"><span class='ocrx_word' id='word_1_17' title='bbox 159 406 163 416; x_wconf 50' lang='grc'><em>“</em></span> <span class='ocrx_word' id='word_1_18' title='bbox 322 419 402 472; x_wconf 83' lang='grc'><em>74.</em></span> <span class='ocrx_word' id='word_1_19' title='bbox 445 418 626 471; x_wconf 79' lang='grc' dir='ltr'><em>Ταῦτα</em></span> <span class='ocrx_word' id='word_1_20' title='bbox 656 417 748 470; x_wconf 85' lang='grc' dir='ltr'><em>καὶ</em></span> <span class='ocrx_word' id='word_1_21' title='bbox 777 412 844 470; x_wconf 75' lang='grc' dir='ltr'><em>τά</em></span> <span class='ocrx_word' id='word_1_22' title='bbox 873 419 1097 470; x_wconf 85' lang='grc' dir='ltr'><em>τοιαῦτα</em></span> <span class='ocrx_word' id='word_1_23' title='bbox 1127 412 1155 470; x_wconf 86' lang='grc' dir='ltr'><strong>ὁ</strong></span> <span class='ocrx_word' id='word_1_24' title='bbox 1175 418 1270 486; x_wconf 87' lang='grc' dir='ltr'><em>τῆς</em></span> <span class='ocrx_word' id='word_1_25' title='bbox 1301 420 1493 486; x_wconf 83' lang='grc' dir='ltr'><em>καινῆς</em></span> <span class='ocrx_word' id='word_1_26' title='bbox 1525 414 1799 488; x_wconf 81' lang='grc' dir='ltr'><strong><em>διαθήκης</em></strong></span> 
     </span>
     <span class='ocr_line' id='line_1_5' title="bbox 192 497 1799 571; baseline 0.002 -16"><span class='ocrx_word' id='word_1_27' title='bbox 192 497 352 571; x_wconf 86' lang='grc' dir='ltr'><em>λόγος</em></span> <span class='ocrx_word' id='word_1_28' title='bbox 387 497 477 555; x_wconf 78' lang='grc' dir='ltr'><em>διὰ</em></span> <span class='ocrx_word' id='word_1_29' title='bbox 506 502 601 571; x_wconf 80' lang='grc' dir='ltr'><em>τῆς</em></span> <span class='ocrx_word' id='word_1_30' title='bbox 632 501 877 570; x_wconf 76' lang='grc' dir='ltr'><em>Χριστοῦ</em></span> <span class='ocrx_word' id='word_1_31' title='bbox 908 503 1268 564; x_wconf 76' lang='grc' dir='ltr'><em>διδασκαλίας</em></span> <span class='ocrx_word' id='word_1_32' title='bbox 1311 502 1445 555; x_wconf 75' lang='grc' dir='ltr'><em>πᾶσι</em></span> <span class='ocrx_word' id='word_1_33' title='bbox 1476 498 1799 571; x_wconf 82' lang='grc' dir='ltr'><em>κατήγγειλε</em></span> 
     </span>
     <span class='ocr_line' id='line_1_6' title="bbox 189 574 1840 656; baseline 0 -16"><span class='ocrx_word' id='word_1_34' title='bbox 189 598 302 650; x_wconf 91' lang='grc' dir='ltr'><em>τοῖς</em></span> <span class='ocrx_word' id='word_1_35' title='bbox 335 590 574 641; x_wconf 80' lang='grc' dir='ltr'><em>ἔθνεσιν.</em></span> <span class='ocrx_word' id='word_1_36' title='bbox 656 586 748 640; x_wconf 88' lang='grc' dir='ltr'><em>καὶ</em></span> <span class='ocrx_word' id='word_1_37' title='bbox 778 587 950 639; x_wconf 87' lang='grc' dir='ltr'><em>ταῦτα</em></span> <span class='ocrx_word' id='word_1_38' title='bbox 980 574 1050 655; x_wconf 80' lang='grc' dir='ltr'><em>ἦν</em></span> <span class='ocrx_word' id='word_1_39' title='bbox 1081 579 1115 639; x_wconf 74' lang='grc' dir='ltr'><em>ἃ</em></span> <span class='ocrx_word' id='word_1_40' title='bbox 1154 598 1267 648; x_wconf 85' lang='grc' dir='ltr'><em>τοῖς</em></span> <span class='ocrx_word' id='word_1_41' title='bbox 1309 581 1481 640; x_wconf 82' lang='grc' dir='ltr'><em>αὐτοῦ</em></span> <span class='ocrx_word' id='word_1_42' title='bbox 1521 594 1797 656; x_wconf 80' lang='grc' dir='ltr'><em>μαθηταῖς</em></span> <span class='ocrx_word' id='word_1_43' title='bbox 1819 607 1840 640; x_wconf 87' lang='lat'><strong>5</strong></span> 
     </span>
    </p>

    <p class='ocr_par' dir='ltr' id='par_1_4' title="bbox 140 663 1861 1164">
     <span class='ocr_line' id='line_1_7' title="bbox 140 663 1799 741; baseline 0.002 -18"><span class='ocrx_word' id='word_1_44' title='bbox 140 701 158 723; x_wconf 69' lang='grc' dir='ltr'><strong>ο</strong></span> <span class='ocrx_word' id='word_1_45' title='bbox 187 663 217 725; x_wconf 81' lang='grc' dir='ltr'><em>ὃ</em></span> <span class='ocrx_word' id='word_1_46' title='bbox 250 666 485 741; x_wconf 87' lang='grc' dir='ltr'><em>Χριστὸς</em></span> <span class='ocrx_word' id='word_1_47' title='bbox 516 670 616 725; x_wconf 79' lang='grc' dir='ltr'><em>τοῦ</em></span> <span class='ocrx_word' id='word_1_48' title='bbox 643 670 786 725; x_wconf 80' lang='grc' dir='ltr'><em>θεοῦ</em></span> <span class='ocrx_word' id='word_1_49' title='bbox 827 670 998 724; x_wconf 75' lang='grc' dir='ltr'><em>πᾶσιν</em></span> <span class='ocrx_word' id='word_1_50' title='bbox 1028 681 1140 734; x_wconf 91' lang='grc' dir='ltr'><em>τοῖς</em></span> <span class='ocrx_word' id='word_1_51' title='bbox 1182 674 1374 725; x_wconf 84' lang='grc' dir='ltr'><em>ἔθνεσι</em></span> <span class='ocrx_word' id='word_1_52' title='bbox 1406 671 1799 740; x_wconf 80' lang='grc' dir='ltr'><em>καταγγέλλειν</em></span> 
     </span>
     <span class='ocr_line' id='line_1_8' title="bbox 188 748 1798 826; baseline 0.001 -17"><span class='ocrx_word' id='word_1_53' title='bbox 188 751 460 826; x_wconf 80' lang='grc' dir='ltr'><em>παρῄνει,</em></span> <span class='ocrx_word' id='word_1_54' title='bbox 499 751 678 826; x_wconf 84' lang='grc' dir='ltr'><em>φήσας</em></span> <span class='ocrx_word' id='word_1_55' title='bbox 715 748 1126 825; x_wconf 58' lang='grc' dir='ltr'><em>μ’πορευθέντες</em></span> <span class='ocrx_word' id='word_1_56' title='bbox 1178 752 1567 826; x_wconf 80' lang='grc' dir='ltr'><em>μαθητεύσατε</em></span> <span class='ocrx_word' id='word_1_57' title='bbox 1618 753 1798 810; x_wconf 88' lang='grc' dir='ltr'><em>πάντα</em></span> 
     </span>
     <span class='ocr_line' id='line_1_9' title="bbox 187 835 1798 910; baseline 0.001 -17"><span class='ocrx_word' id='word_1_58' title='bbox 187 836 253 894; x_wconf 79' lang='grc' dir='ltr'><em>τά</em></span> <span class='ocrx_word' id='word_1_59' title='bbox 285 844 457 910; x_wconf 80' lang='grc' dir='ltr'><em>ἔθνη,</em></span> <span class='ocrx_word' id='word_1_60' title='bbox 490 836 847 905; x_wconf 79' lang='grc' dir='ltr'><em>διδάσκοντες</em></span> <span class='ocrx_word' id='word_1_61' title='bbox 877 835 1077 903; x_wconf 74' lang='grc' dir='ltr'><em>αὐτοὺς</em></span> <span class='ocrx_word' id='word_1_62' title='bbox 1108 852 1297 910; x_wconf 86' lang='grc' dir='ltr'><em>τηρεῖν</em></span> <span class='ocrx_word' id='word_1_63' title='bbox 1339 836 1518 894; x_wconf 88' lang='grc' dir='ltr'><em>πάντα</em></span> <span class='ocrx_word' id='word_1_64' title='bbox 1549 836 1652 894; x_wconf 78' lang='grc' dir='ltr'><em>ὅσα</em></span> <span class='ocrx_word' id='word_1_65' title='bbox 1685 842 1798 895; x_wconf 85' lang='grc' dir='ltr'><em>ἐνε-</em></span> 
     </span>
     <span class='ocr_line' id='line_1_10' title="bbox 184 917 1804 995; baseline 0.001 -17"><span class='ocrx_word' id='word_1_66' title='bbox 184 921 451 995; x_wconf 87' lang='grc' dir='ltr'><em>τειλάμην</em></span> <span class='ocrx_word' id='word_1_67' title='bbox 478 918 666 993; x_wconf 74' lang='grc' dir='ltr'><em>ὑμῖν.”</em></span> <span class='ocrx_word' id='word_1_68' title='bbox 738 926 819 978; x_wconf 81' lang='lat'><em>75.</em></span> <span class='ocrx_word' id='word_1_69' title='bbox 853 917 889 977; x_wconf 63' lang='grc' dir='ltr'><em>δι’</em></span> <span class='ocrx_word' id='word_1_70' title='bbox 918 923 1009 978; x_wconf 86' lang='grc' dir='ltr'><em>καὶ</em></span> <span class='ocrx_word' id='word_1_71' title='bbox 1035 925 1204 979; x_wconf 76' lang='grc' dir='ltr'><em>ποῖσιν</em></span> <span class='ocrx_word' id='word_1_72' title='bbox 1235 919 1555 992; x_wconf 72' lang='grc' dir='ltr'><em>ἀνθρώποις</em></span> <span class='ocrx_word' id='word_1_73' title='bbox 1572 921 1804 995; x_wconf 62' lang='grc' dir='ltr'><em>’Ἐλλησί</em></span> 
     </span>
     <span class='ocr_line' id='line_1_11' title="bbox 185 1005 1861 1080; baseline -0.001 -17"><span class='ocrx_word' id='word_1_74' title='bbox 185 1031 246 1064; x_wconf 89' lang='grc' dir='ltr'><em>τε</em></span> <span class='ocrx_word' id='word_1_75' title='bbox 285 1010 377 1063; x_wconf 80' lang='grc' dir='ltr'><em>καὶ</em></span> <span class='ocrx_word' id='word_1_76' title='bbox 417 1005 722 1080; x_wconf 76' lang='grc' dir='ltr'><em>βαρβάροις</em></span> <span class='ocrx_word' id='word_1_77' title='bbox 772 1005 1074 1079; x_wconf 73' lang='grc' dir='ltr'><em>φυλάττειν</em></span> <span class='ocrx_word' id='word_1_78' title='bbox 1125 1005 1469 1080; x_wconf 73' lang='grc' dir='ltr'><em>παραδιδοὺς</em></span> <span class='ocrx_word' id='word_1_79' title='bbox 1513 1011 1706 1076; x_wconf 72' lang='grc' dir='ltr'><em>σαφῶς</em></span> <span class='ocrx_word' id='word_1_80' title='bbox 1746 1013 1861 1064; x_wconf 80' lang='grc' dir='ltr'><em>τίω</em></span> 
     </span>
     <span class='ocr_line' id='line_1_12' title="bbox 187 1088 1798 1164; baseline 0.001 -17"><span class='ocrx_word' id='word_1_81' title='bbox 187 1093 324 1148; x_wconf 84' lang='grc' dir='ltr'><em>ποτέ</em></span> <span class='ocrx_word' id='word_1_82' title='bbox 352 1095 501 1148; x_wconf 86' lang='grc' dir='ltr'><em>ἐστιν</em></span> <span class='ocrx_word' id='word_1_83' title='bbox 530 1090 557 1147; x_wconf 87' lang='grc' dir='ltr'>ὁ</span> <span class='ocrx_word' id='word_1_84' title='bbox 590 1089 1020 1164; x_wconf 86' lang='grc' dir='ltr'><em>Χριστιανισμός</em></span> <span class='ocrx_word' id='word_1_85' title='bbox 1054 1093 1336 1164; x_wconf 81' lang='grc' dir='ltr'><em>ἐξέφηνεν,</em></span> <span class='ocrx_word' id='word_1_86' title='bbox 1367 1098 1514 1157; x_wconf 89' lang='grc' dir='ltr'><em>τίνες</em></span> <span class='ocrx_word' id='word_1_87' title='bbox 1543 1088 1607 1149; x_wconf 88' lang='grc' dir='ltr'><em>θ’</em></span> <span class='ocrx_word' id='word_1_88' title='bbox 1641 1091 1798 1163; x_wconf 80' lang='grc' dir='ltr'><em>ἡμεῖς</em></span> 
     </span>
    </p>

    <p class='ocr_par' dir='ltr' id='par_1_5' title="bbox 134 1171 1860 2009">
     <span class='ocr_line' id='line_1_13' title="bbox 134 1171 1799 1248; baseline 0.002 -17"><span class='ocrx_word' id='word_1_89' title='bbox 134 1191 136 1193; x_wconf 80' lang='grc'>’</span> <span class='ocrx_word' id='word_1_90' title='bbox 186 1177 278 1232; x_wconf 89' lang='grc' dir='ltr'><em>καὶ</em></span> <span class='ocrx_word' id='word_1_91' title='bbox 319 1171 508 1242; x_wconf 87' lang='grc' dir='ltr'><em>ὁποῖος</em></span> <span class='ocrx_word' id='word_1_92' title='bbox 547 1171 575 1232; x_wconf 81' lang='grc' dir='ltr'>ὁ</span> <span class='ocrx_word' id='word_1_93' title='bbox 606 1179 718 1232; x_wconf 79' lang='grc' dir='ltr'><em>τῶν</em></span> <span class='ocrx_word' id='word_1_94' title='bbox 747 1179 979 1233; x_wconf 74' lang='grc' dir='ltr'><em>τοιῶνδε</em></span> <span class='ocrx_word' id='word_1_95' title='bbox 1010 1173 1191 1247; x_wconf 87' lang='grc' dir='ltr'><em>λόγων</em></span> <span class='ocrx_word' id='word_1_96' title='bbox 1229 1199 1288 1232; x_wconf 90' lang='grc' dir='ltr'><em>τε</em></span> <span class='ocrx_word' id='word_1_97' title='bbox 1329 1178 1421 1232; x_wconf 84' lang='grc' dir='ltr'><em>καὶ</em></span> <span class='ocrx_word' id='word_1_98' title='bbox 1452 1176 1799 1248; x_wconf 86' lang='grc' dir='ltr'><em>μαθημάτων</em></span> 
     </span>
     <span class='ocr_line' id='line_1_14' title="bbox 188 1257 1798 1333; baseline 0 -17"><span class='ocrx_word' id='word_1_99' title='bbox 188 1258 547 1331; x_wconf 86' lang='grc' dir='ltr'><em>διδάσκαλος,</em></span> <span class='ocrx_word' id='word_1_100' title='bbox 590 1257 754 1326; x_wconf 78' lang='grc' dir='ltr'><em>αὐτὸς</em></span> <span class='ocrx_word' id='word_1_101' title='bbox 785 1259 813 1316; x_wconf 86' lang='grc' dir='ltr'>ὁ</span> <span class='ocrx_word' id='word_1_102' title='bbox 846 1259 1027 1333; x_wconf 87' lang='grc' dir='ltr'><em>σωτὴρ</em></span> <span class='ocrx_word' id='word_1_103' title='bbox 1060 1262 1150 1316; x_wconf 86' lang='grc' dir='ltr'><em>καὶ</em></span> <span class='ocrx_word' id='word_1_104' title='bbox 1183 1259 1373 1332; x_wconf 79' lang='grc' dir='ltr'><em>κύριος</em></span> <span class='ocrx_word' id='word_1_105' title='bbox 1404 1258 1562 1332; x_wconf 76' lang='grc' dir='ltr'><em>ἡμῶν</em></span> <span class='ocrx_word' id='word_1_106' title='bbox 1588 1258 1798 1332; x_wconf 81' lang='grc' dir='ltr'><em>Ἰησοῦς</em></span> 
     </span>
     <span class='ocr_line' id='line_1_15' title="bbox 185 1339 1799 1417; baseline -0.001 -15"><span class='ocrx_word' id='word_1_107' title='bbox 185 1339 215 1402; x_wconf 79' lang='grc' dir='ltr'><em>ὃ</em></span> <span class='ocrx_word' id='word_1_108' title='bbox 246 1344 482 1416; x_wconf 87' lang='grc' dir='ltr'><em>Χριστὸς</em></span> <span class='ocrx_word' id='word_1_109' title='bbox 511 1348 610 1401; x_wconf 85' lang='grc' dir='ltr'><em>τοῦ</em></span> <span class='ocrx_word' id='word_1_110' title='bbox 639 1349 802 1416; x_wconf 89' lang='grc' dir='ltr'><em>θεοῦ,</em></span> <span class='ocrx_word' id='word_1_111' title='bbox 834 1340 863 1401; x_wconf 81' lang='grc' dir='ltr'>ὁ</span> <span class='ocrx_word' id='word_1_112' title='bbox 894 1344 997 1416; x_wconf 85' lang='grc' dir='ltr'><em>τὴν</em></span> <span class='ocrx_word' id='word_1_113' title='bbox 1027 1342 1227 1415; x_wconf 88' lang='grc' dir='ltr'><em>καινὴν</em></span> <span class='ocrx_word' id='word_1_114' title='bbox 1258 1343 1466 1417; x_wconf 83' lang='grc' dir='ltr'><em>ταύτην</em></span> <span class='ocrx_word' id='word_1_115' title='bbox 1496 1347 1589 1401; x_wconf 87' lang='grc' dir='ltr'><em>καὶ</em></span> <span class='ocrx_word' id='word_1_116' title='bbox 1619 1344 1799 1402; x_wconf 91' lang='grc' dir='ltr'><em>πανά-</em></span> 
     </span>
     <span class='ocr_line' id='line_1_16' title="bbox 187 1426 1860 1503; baseline -0.001 -17"><span class='ocrx_word' id='word_1_117' title='bbox 187 1452 347 1503; x_wconf 89' lang='grc' dir='ltr'><em>ρετον</em></span> <span class='ocrx_word' id='word_1_118' title='bbox 366 1435 649 1486; x_wconf 88' lang='grc' dir='ltr'><em>πολιτείαν</em></span> <span class='ocrx_word' id='word_1_119' title='bbox 672 1426 810 1486; x_wconf 84' lang='grc' dir='ltr'><em>καθ’</em></span> <span class='ocrx_word' id='word_1_120' title='bbox 842 1427 975 1485; x_wconf 78' lang='grc' dir='ltr'><em>ὅλου</em></span> <span class='ocrx_word' id='word_1_121' title='bbox 1005 1431 1105 1485; x_wconf 80' lang='grc' dir='ltr'><em>τοῦ</em></span> <span class='ocrx_word' id='word_1_122' title='bbox 1133 1428 1342 1501; x_wconf 84' lang='grc' dir='ltr'><em>κόσμου</em></span> <span class='ocrx_word' id='word_1_123' title='bbox 1359 1428 1794 1502; x_wconf 87' lang='grc' dir='ltr'><em>συστησάμενος,</em></span> <span class='ocrx_word' id='word_1_124' title='bbox 1820 1450 1860 1484; x_wconf 86' lang='lat'><em>15</em></span> 
     </span>
     <span class='ocr_line' id='line_1_17' title="bbox 186 1510 1798 1587; baseline 0.001 -17"><span class='ocrx_word' id='word_1_125' title='bbox 186 1510 327 1571; x_wconf 73' lang='grc' dir='ltr'><em>ὥστε</em></span> <span class='ocrx_word' id='word_1_126' title='bbox 375 1519 602 1570; x_wconf 83' lang='grc' dir='ltr'><em>τοιαῦτα</em></span> <span class='ocrx_word' id='word_1_127' title='bbox 653 1511 968 1586; x_wconf 89' lang='grc' dir='ltr'><em>μανθάνειν</em></span> <span class='ocrx_word' id='word_1_128' title='bbox 1008 1515 1099 1570; x_wconf 87' lang='grc' dir='ltr'><em>καὶ</em></span> <span class='ocrx_word' id='word_1_129' title='bbox 1140 1514 1472 1586; x_wconf 82' lang='grc' dir='ltr'><em>φιλοσοφεῖν</em></span> <span class='ocrx_word' id='word_1_130' title='bbox 1510 1513 1585 1587; x_wconf 81' lang='grc' dir='ltr'><em>μὴ</em></span> <span class='ocrx_word' id='word_1_131' title='bbox 1625 1513 1798 1586; x_wconf 90' lang='grc' dir='ltr'><em>μόνον</em></span> 
     </span>
     <span class='ocr_line' id='line_1_18' title="bbox 183 1595 1797 1673; baseline 0 -19"><span class='ocrx_word' id='word_1_132' title='bbox 183 1596 425 1673; x_wconf 75' lang='grc' dir='ltr'><em>ἄνδρας,</em></span> <span class='ocrx_word' id='word_1_133' title='bbox 458 1595 596 1654; x_wconf 82' lang='grc' dir='ltr'><em>άλλά</em></span> <span class='ocrx_word' id='word_1_134' title='bbox 628 1600 719 1654; x_wconf 84' lang='grc' dir='ltr'><em>καὶ</em></span> <span class='ocrx_word' id='word_1_135' title='bbox 750 1614 1049 1670; x_wconf 87' lang='grc' dir='ltr'><em>γυναῖκας,</em></span> <span class='ocrx_word' id='word_1_136' title='bbox 1082 1605 1384 1665; x_wconf 89' lang='grc' dir='ltr'><em>πλουσίους</em></span> <span class='ocrx_word' id='word_1_137' title='bbox 1413 1622 1472 1655; x_wconf 87' lang='grc' dir='ltr'><em>τε</em></span> <span class='ocrx_word' id='word_1_138' title='bbox 1503 1601 1593 1654; x_wconf 84' lang='grc' dir='ltr'><em>καὶ</em></span> <span class='ocrx_word' id='word_1_139' title='bbox 1626 1601 1797 1671; x_wconf 89' lang='grc' dir='ltr'><em>πένη-</em></span> 
     </span>
     <span class='ocr_line' id='line_1_19' title="bbox 182 1679 1796 1756; baseline 0 -17"><span class='ocrx_word' id='word_1_140' title='bbox 182 1707 278 1750; x_wconf 92' lang='grc' dir='ltr'><em>τας</em></span> <span class='ocrx_word' id='word_1_141' title='bbox 320 1685 412 1739; x_wconf 88' lang='grc' dir='ltr'><em>καὶ</em></span> <span class='ocrx_word' id='word_1_142' title='bbox 448 1682 684 1748; x_wconf 86' lang='grc' dir='ltr'><em>δούλους</em></span> <span class='ocrx_word' id='word_1_143' title='bbox 724 1680 835 1755; x_wconf 76' lang='grc' dir='ltr'><em>ἅμα</em></span> <span class='ocrx_word' id='word_1_144' title='bbox 877 1681 1185 1749; x_wconf 86' lang='grc' dir='ltr'><em>δεσπόταις.</em></span> <span class='ocrx_word' id='word_1_145' title='bbox 1261 1688 1343 1739; x_wconf 86' lang='grc'><em>76.</em></span> <span class='ocrx_word' id='word_1_146' title='bbox 1377 1685 1466 1739; x_wconf 81' lang='grc' dir='ltr'><em>καὶ</em></span> <span class='ocrx_word' id='word_1_147' title='bbox 1499 1682 1610 1756; x_wconf 81' lang='grc' dir='ltr'><em>μὴν</em></span> <span class='ocrx_word' id='word_1_148' title='bbox 1638 1679 1668 1739; x_wconf 83' lang='grc' dir='ltr'>ὁ</span> <span class='ocrx_word' id='word_1_149' title='bbox 1699 1687 1796 1755; x_wconf 84' lang='grc' dir='ltr'><em>τῆς</em></span> 
     </span>
     <span class='ocr_line' id='line_1_20' title="bbox 182 1765 1795 1840; baseline -0.001 -16"><span class='ocrx_word' id='word_1_150' title='bbox 182 1773 378 1839; x_wconf 83' lang='grc' dir='ltr'><em>καινῆς</em></span> <span class='ocrx_word' id='word_1_151' title='bbox 408 1767 608 1840; x_wconf 87' lang='grc' dir='ltr'><em>ταύτης</em></span> <span class='ocrx_word' id='word_1_152' title='bbox 638 1774 974 1840; x_wconf 89' lang='grc' dir='ltr'><em>νομοθεσίας</em></span> <span class='ocrx_word' id='word_1_153' title='bbox 1000 1766 1334 1838; x_wconf 81' lang='grc' dir='ltr'><em>εἰσαγωγεύς</em></span> <span class='ocrx_word' id='word_1_154' title='bbox 1357 1766 1423 1822; x_wconf 80' lang='grc' dir='ltr'><em>τά</em></span> <span class='ocrx_word' id='word_1_155' title='bbox 1447 1765 1627 1823; x_wconf 89' lang='grc' dir='ltr'><em>πάντα</em></span> <span class='ocrx_word' id='word_1_156' title='bbox 1659 1766 1795 1823; x_wconf 82' lang='grc' dir='ltr'><em>κατά</em></span> 
     </span>
     <span class='ocr_line' id='line_1_21' title="bbox 180 1848 1857 1924; baseline 0 -16"><span class='ocrx_word' id='word_1_157' title='bbox 180 1851 279 1909; x_wconf 88' lang='grc' dir='ltr'><em>τὸν</em></span> <span class='ocrx_word' id='word_1_158' title='bbox 310 1855 561 1918; x_wconf 73' lang='grc' dir='ltr'><em>ἰἉωσέως</em></span> <span class='ocrx_word' id='word_1_159' title='bbox 601 1850 775 1924; x_wconf 86' lang='grc' dir='ltr'><em>νόμον</em></span> <span class='ocrx_word' id='word_1_160' title='bbox 821 1854 1066 1923; x_wconf 79' lang='grc' dir='ltr'><em>εἰσῆκται</em></span> <span class='ocrx_word' id='word_1_161' title='bbox 1105 1853 1592 1923; x_wconf 87' lang='grc' dir='ltr'><em>πεπολιτευμένος·</em></span> <span class='ocrx_word' id='word_1_162' title='bbox 1640 1848 1671 1908; x_wconf 78' lang='grc' dir='ltr'><em>ὃ</em></span> <span class='ocrx_word' id='word_1_163' title='bbox 1702 1855 1793 1910; x_wconf 86' lang='grc' dir='ltr'><em>καὶ</em></span> <span class='ocrx_word' id='word_1_164' title='bbox 1816 1874 1857 1908; x_wconf 80' lang='lat'><em>20</em></span> 
     </span>
     <span class='ocr_line' id='line_1_22' title="bbox 183 1932 1795 2036; baseline 0.001 -44"><span class='ocrx_word' id='word_1_165' title='bbox 183 1934 318 1992; x_wconf 80' lang='grc' dir='ltr'><em>αὐτὸ</em></span> <span class='ocrx_word' id='word_1_166' title='bbox 349 1936 657 2008; x_wconf 82' lang='grc' dir='ltr'><em>θαυμάζειν</em></span> <span class='ocrx_word' id='word_1_167' title='bbox 696 1933 883 2036; x_wconf 72' lang='grc' dir='ltr'><em>ἄξιον,</em></span> <span class='ocrx_word' id='word_1_168' title='bbox 927 1932 1009 1991; x_wconf 74' lang='grc' dir='ltr'><em>ὅτι</em></span> <span class='ocrx_word' id='word_1_169' title='bbox 1052 1934 1120 2007; x_wconf 90' lang='grc' dir='ltr'><em>δὴ</em></span> <span class='ocrx_word' id='word_1_170' title='bbox 1152 1939 1281 2002; x_wconf 87' lang='grc' dir='ltr'><em>νέας</em></span> <span class='ocrx_word' id='word_1_171' title='bbox 1321 1942 1596 2002; x_wconf 85' lang='grc' dir='ltr'><em>πολιτείας</em></span> <span class='ocrx_word' id='word_1_172' title='bbox 1627 1961 1795 2009; x_wconf 88' lang='grc' dir='ltr'><em>νομο-</em></span> 
     </span>
    </p>

    <p class='ocr_par' dir='ltr' id='par_1_6' title="bbox 92 2018 1793 2262">
     <span class='ocr_line' id='line_1_23' title="bbox 92 2018 1793 2093; baseline 0.003 -20"><span class='ocrx_word' id='word_1_173' title='bbox 92 2041 159 2084; x_wconf 82' lang='lat'>[18]</span> <span class='ocrx_word' id='word_1_174' title='bbox 183 2022 352 2092; x_wconf 85' lang='grc' dir='ltr'><em>θέτης</em></span> <span class='ocrx_word' id='word_1_175' title='bbox 382 2022 599 2092; x_wconf 85' lang='grc' dir='ltr'><em>μέλλων</em></span> <span class='ocrx_word' id='word_1_176' title='bbox 639 2018 1112 2091; x_wconf 87' lang='grc' dir='ltr'><em>καταστήσεσθαι,</em></span> <span class='ocrx_word' id='word_1_177' title='bbox 1158 2025 1254 2091; x_wconf 87' lang='grc' dir='ltr'><em>τῆς</em></span> <span class='ocrx_word' id='word_1_178' title='bbox 1294 2019 1430 2077; x_wconf 82' lang='grc' dir='ltr'><em>κατά</em></span> <span class='ocrx_word' id='word_1_179' title='bbox 1469 2020 1528 2077; x_wconf 86' lang='grc' dir='ltr'><em>τὸ</em></span> <span class='ocrx_word' id='word_1_180' title='bbox 1561 2020 1793 2093; x_wconf 83' lang='grc' dir='ltr'><em>εὐαγγέ-</em></span> 
     </span>
     <span class='ocr_line' id='line_1_24' title="bbox 182 2101 1791 2207; baseline 0 -45"><span class='ocrx_word' id='word_1_181' title='bbox 182 2113 304 2162; x_wconf 87' lang='grc' dir='ltr'><em>λιον</em></span> <span class='ocrx_word' id='word_1_182' title='bbox 337 2101 511 2161; x_wconf 84' lang='grc' dir='ltr'><em>αυτοῦ</em></span> <span class='ocrx_word' id='word_1_183' title='bbox 542 2107 734 2176; x_wconf 84' lang='grc' dir='ltr'><em>καινῆς</em></span> <span class='ocrx_word' id='word_1_184' title='bbox 754 2103 1044 2177; x_wconf 81' lang='grc' dir='ltr'><em>διαθήκης,</em></span> <span class='ocrx_word' id='word_1_185' title='bbox 1075 2103 1176 2177; x_wconf 81' lang='grc' dir='ltr'><em>οὐχ</em></span> <span class='ocrx_word' id='word_1_186' title='bbox 1202 2129 1274 2171; x_wconf 93' lang='grc' dir='ltr'><em>ως</em></span> <span class='ocrx_word' id='word_1_187' title='bbox 1308 2103 1480 2207; x_wconf 81' lang='grc' dir='ltr'><em>ἐχθρά</em></span> <span class='ocrx_word' id='word_1_188' title='bbox 1510 2107 1601 2161; x_wconf 88' lang='grc' dir='ltr'><em>καὶ</em></span> <span class='ocrx_word' id='word_1_189' title='bbox 1637 2110 1791 2162; x_wconf 88' lang='grc' dir='ltr'><em>ἐναν-</em></span> 
     </span>
     <span class='ocr_line' id='line_1_25' title="bbox 179 2184 1790 2263; baseline 0.001 -16"><span class='ocrx_word' id='word_1_190' title='bbox 179 2196 269 2247; x_wconf 90' lang='grc' dir='ltr'><em>τία</em></span> <span class='ocrx_word' id='word_1_191' title='bbox 317 2213 384 2246; x_wconf 91' lang='grc' dir='ltr'><em>τα</em></span> <span class='ocrx_word' id='word_1_192' title='bbox 425 2192 675 2255; x_wconf 87' lang='grc' dir='ltr'><em>Μωσέως</em></span> <span class='ocrx_word' id='word_1_193' title='bbox 727 2188 1104 2263; x_wconf 84' lang='grc' dir='ltr'><em>παρῃτήσατο</em></span> <span class='ocrx_word' id='word_1_194' title='bbox 1169 2184 1202 2261; x_wconf 81' lang='grc' dir='ltr'><em>ἢ</em></span> <span class='ocrx_word' id='word_1_195' title='bbox 1254 2185 1423 2262; x_wconf 80' lang='grc' dir='ltr'><em>γάρ</em></span> <span class='ocrx_word' id='word_1_196' title='bbox 1400 2215 1471 2246; x_wconf 93' lang='grc' dir='ltr'><em>αν</em></span> <span class='ocrx_word' id='word_1_197' title='bbox 1521 2195 1790 2262; x_wconf 86' lang='grc' dir='ltr'><em>ἐνομίσθη</em></span> 
     </span>
    </p>

    <p class='ocr_par' dir='ltr' id='par_1_7' title="bbox 179 2272 1855 2347">
     <span class='ocr_line' id='line_1_26' title="bbox 179 2272 1855 2347; baseline -0.001 -16"><span class='ocrx_word' id='word_1_198' title='bbox 179 2272 247 2331; x_wconf 80' lang='grc' dir='ltr'><em>τά</em></span> <span class='ocrx_word' id='word_1_199' title='bbox 277 2277 508 2347; x_wconf 86' lang='grc' dir='ltr'><em>πολέμια</em></span> <span class='ocrx_word' id='word_1_200' title='bbox 534 2283 736 2331; x_wconf 90' lang='grc' dir='ltr'><em>Μωσεῖ</em></span> <span class='ocrx_word' id='word_1_201' title='bbox 763 2272 1179 2345; x_wconf 88' lang='grc' dir='ltr'><em>διατάττεσθαι,</em></span> <span class='ocrx_word' id='word_1_202' title='bbox 1212 2273 1355 2331; x_wconf 79' lang='grc' dir='ltr'><em>οὕτω</em></span> <span class='ocrx_word' id='word_1_203' title='bbox 1380 2298 1438 2331; x_wconf 91' lang='grc' dir='ltr'><em>τε</em></span> <span class='ocrx_word' id='word_1_204' title='bbox 1460 2299 1531 2332; x_wconf 90' lang='grc' dir='ltr'><em>αν</em></span> <span class='ocrx_word' id='word_1_205' title='bbox 1561 2277 1650 2330; x_wconf 88' lang='grc' dir='ltr'><em>καὶ</em></span> <span class='ocrx_word' id='word_1_206' title='bbox 1683 2298 1783 2331; x_wconf 87' lang='grc' dir='ltr'><em>πα-</em></span> <span class='ocrx_word' id='word_1_207' title='bbox 1813 2295 1855 2329; x_wconf 87' lang='lat'><em>25</em></span> 
     </span>
    </p>

    <p class='ocr_par' dir='ltr' id='par_1_8' title="bbox 95 2359 1788 2687">
     <span class='ocr_line' id='line_1_27' title="bbox 95 2359 1788 2432; baseline 0.002 -21"><span class='ocrx_word' id='word_1_208' title='bbox 95 2362 377 2432; x_wconf 64' lang='lat' dir='ltr'><em>(25)95&#39;6xsv</em></span> <span class='ocrx_word' id='word_1_209' title='bbox 427 2363 522 2431; x_wconf 90' lang='grc' dir='ltr'><em>τῆς</em></span> <span class='ocrx_word' id='word_1_210' title='bbox 572 2359 709 2415; x_wconf 76' lang='grc' dir='ltr'><em>κατὰ</em></span> <span class='ocrx_word' id='word_1_211' title='bbox 748 2361 1000 2424; x_wconf 88' lang='grc' dir='ltr'><em>Μωσέως</em></span> <span class='ocrx_word' id='word_1_212' title='bbox 1039 2361 1131 2415; x_wconf 82' lang='grc' dir='ltr'><em>καὶ</em></span> <span class='ocrx_word' id='word_1_213' title='bbox 1171 2363 1284 2415; x_wconf 79' lang='grc' dir='ltr'><em>τῶν</em></span> <span class='ocrx_word' id='word_1_214' title='bbox 1333 2363 1635 2431; x_wconf 77' lang='grc' dir='ltr'><em>προφητῶν</em></span> <span class='ocrx_word' id='word_1_215' title='bbox 1675 2374 1788 2425; x_wconf 87' lang='grc' dir='ltr'><em>τοῖς</em></span> 
     </span>
     <span class='ocr_line' id='line_1_28' title="bbox 178 2439 1786 2516; baseline -0.001 -15"><span class='ocrx_word' id='word_1_216' title='bbox 178 2441 368 2511; x_wconf 82' lang='grc' dir='ltr'><em>άθέοις</em></span> <span class='ocrx_word' id='word_1_217' title='bbox 416 2443 765 2515; x_wconf 76' lang='grc' dir='ltr'><em>αἱρεσιώταις</em></span> <span class='ocrx_word' id='word_1_218' title='bbox 818 2450 1077 2515; x_wconf 89' lang='grc' dir='ltr'><em>πλείστης</em></span> <span class='ocrx_word' id='word_1_219' title='bbox 1126 2449 1443 2516; x_wconf 91' lang='grc' dir='ltr'><em>δυσφημίας</em></span> <span class='ocrx_word' id='word_1_220' title='bbox 1491 2439 1786 2514; x_wconf 78' lang='grc' dir='ltr'><em>ὑπόθεσιν,</em></span> 
     </span>
     <span class='ocr_line' id='line_1_29' title="bbox 177 2524 1788 2601; baseline -0.001 -16"><span class='ocrx_word' id='word_1_221' title='bbox 177 2543 290 2594; x_wconf 88' lang='grc' dir='ltr'><em>τοῖς</em></span> <span class='ocrx_word' id='word_1_222' title='bbox 315 2554 373 2587; x_wconf 90' lang='grc' dir='ltr'><em>τε</em></span> <span class='ocrx_word' id='word_1_223' title='bbox 398 2533 458 2586; x_wconf 86' lang='grc' dir='ltr'><em>ἐκ</em></span> <span class='ocrx_word' id='word_1_224' title='bbox 481 2533 773 2601; x_wconf 88' lang='grc' dir='ltr'><em>περιτομῆς</em></span> <span class='ocrx_word' id='word_1_225' title='bbox 798 2526 1028 2600; x_wconf 74' lang='grc' dir='ltr'><em>εὔλογον</em></span> <span class='ocrx_word' id='word_1_226' title='bbox 1050 2531 1143 2599; x_wconf 83' lang='grc' dir='ltr'><em>τῆς</em></span> <span class='ocrx_word' id='word_1_227' title='bbox 1170 2524 1290 2584; x_wconf 84' lang='grc' dir='ltr'><em>κατ’</em></span> <span class='ocrx_word' id='word_1_228' title='bbox 1317 2525 1490 2584; x_wconf 78' lang='grc' dir='ltr'><em>αὐτοῦ</em></span> <span class='ocrx_word' id='word_1_229' title='bbox 1511 2531 1788 2599; x_wconf 86' lang='grc' dir='ltr'><em>συσκευῆς</em></span> 
     </span>
     <span class='ocr_line' id='line_1_30' title="bbox 179 2609 1786 2687; baseline -0.001 -18"><span class='ocrx_word' id='word_1_230' title='bbox 179 2620 391 2685; x_wconf 84' lang='grc' dir='ltr'><em>αἰτίαν,</em></span> <span class='ocrx_word' id='word_1_231' title='bbox 423 2621 480 2671; x_wconf 85' lang='grc' dir='ltr'><em>οἳ</em></span> <span class='ocrx_word' id='word_1_232' title='bbox 507 2614 576 2687; x_wconf 85' lang='grc' dir='ltr'><em>δὴ</em></span> <span class='ocrx_word' id='word_1_233' title='bbox 609 2609 680 2680; x_wconf 74' lang='grc' dir='ltr'><em>ὦς</em></span> <span class='ocrx_word' id='word_1_234' title='bbox 711 2612 1004 2687; x_wconf 86' lang='grc' dir='ltr'><em>παραβάτῃ</em></span> <span class='ocrx_word' id='word_1_235' title='bbox 1036 2615 1128 2669; x_wconf 89' lang='grc' dir='ltr'><em>καὶ</em></span> <span class='ocrx_word' id='word_1_236' title='bbox 1169 2610 1449 2686; x_wconf 80' lang='grc' dir='ltr'><em>ἀποστάτῃ</em></span> <span class='ocrx_word' id='word_1_237' title='bbox 1480 2616 1579 2668; x_wconf 83' lang='grc' dir='ltr'><em>τοῦ</em></span> <span class='ocrx_word' id='word_1_238' title='bbox 1610 2611 1786 2684; x_wconf 89' lang='grc' dir='ltr'><em>νόμου</em></span> 
     </span>
    </p>

    <p class='ocr_par' dir='ltr' id='par_1_9' title="bbox 179 2695 1851 2774">
     <span class='ocr_line' id='line_1_31' title="bbox 179 2695 1851 2774; baseline -0.002 -20"><span class='ocrx_word' id='word_1_239' title='bbox 179 2697 281 2769; x_wconf 90' lang='grc' dir='ltr'><em>τὴν</em></span> <span class='ocrx_word' id='word_1_240' title='bbox 312 2699 448 2770; x_wconf 87' lang='grc' dir='ltr'><em>πρὸς</em></span> <span class='ocrx_word' id='word_1_241' title='bbox 477 2698 726 2756; x_wconf 87' lang='grc' dir='ltr'><em>θάνατον</em></span> <span class='ocrx_word' id='word_1_242' title='bbox 765 2697 1067 2771; x_wconf 85' lang='grc' dir='ltr'><em>ἐπιβουλὴν</em></span> <span class='ocrx_word' id='word_1_243' title='bbox 1097 2695 1245 2774; x_wconf 77' lang='grc' dir='ltr'><em>αὐτῷ</em></span> <span class='ocrx_word' id='word_1_244' title='bbox 1287 2695 1780 2756; x_wconf 86' lang='grc' dir='ltr'><em>συνεσκευάσαντο.</em></span> <span class='ocrx_word' id='word_1_245' title='bbox 1807 2718 1851 2751; x_wconf 88' lang='lat'><em>30</em></span> 
     </span>
    </p>
   </div>
   <div class='ocr_carea' id='block_1_3' title="bbox 386 2824 514 2828">
    <p class='ocr_par' dir='ltr' id='par_1_10' title="bbox 386 2824 514 2828">
     <span class='ocr_line' id='line_1_32' title="bbox 386 2824 514 2828; baseline 0 0"><span class='ocrx_word' id='word_1_246' title='bbox 386 2824 514 2828; x_wconf 95' lang='lat' dir='ltr'><em> </em></span> 
     </span>
    </p>
   </div>
   <div class='ocr_carea' id='block_1_4' title="bbox 292 2891 695 2945">
    <p class='ocr_par' dir='ltr' id='par_1_11' title="bbox 292 2891 695 2945">
     <span class='ocr_line' id='line_1_33' title="bbox 292 2891 695 2945; baseline 0.002 -13"><span class='ocrx_word' id='word_1_247' title='bbox 292 2893 316 2932; x_wconf 80' lang='lat'><strong>7</strong></span> <span class='ocrx_word' id='word_1_248' title='bbox 347 2891 512 2934; x_wconf 77' lang='lat' dir='ltr'><strong>Matth.</strong></span> <span class='ocrx_word' id='word_1_249' title='bbox 534 2894 603 2945; x_wconf 81' lang='lat'><em>28,</em></span> <span class='ocrx_word' id='word_1_250' title='bbox 629 2895 695 2934; x_wconf 86' lang='lat'><em>19.</em></span> 
     </span>
    </p>
   </div>
  </div>
 </body>
</html>
