<?xml version="1.0" encoding="UTF-8"?>
<!DOCTYPE html PUBLIC "-//W3C//DTD XHTML 1.0 Transitional//EN"
    "http://www.w3.org/TR/xhtml1/DTD/xhtml1-transitional.dtd">
<html xmlns="http://www.w3.org/1999/xhtml" xml:lang="en" lang="en">
 <head>
  <title>
</title>
<meta http-equiv="Content-Type" content="text/html;charset=utf-8" />
  <meta name='ocr-system' content='tesseract 3.04.00' />
  <meta name='ocr-capabilities' content='ocr_page ocr_carea ocr_par ocr_line ocrx_word'/>
</head>
<body>
  <div class='ocr_page' id='page_1' title='image "./operaeusebius03euseuoft_0551.png"; bbox 0 0 1992 3186; ppageno 0'>
   <div class='ocr_carea' id='block_1_1' title="bbox 608 131 1802 197">
    <p class='ocr_par' dir='ltr' id='par_1_1' title="bbox 608 131 1802 197">
     <span class='ocr_line' id='line_1_1' title="bbox 608 131 1802 197; baseline 0.013 -27"><span class='ocrx_word' id='word_1_1' title='bbox 608 131 914 174; x_wconf 82' lang='lat' dir='ltr'><strong>DEMONST.</strong></span> <span class='ocrx_word' id='word_1_2' title='bbox 946 131 1167 174; x_wconf 79' lang='lat' dir='ltr'><strong>EVANG.</strong></span> <span class='ocrx_word' id='word_1_3' title='bbox 1201 133 1325 173; x_wconf 87' lang='lat' dir='ltr'><em>vm.</em></span> <span class='ocrx_word' id='word_1_4' title='bbox 1360 136 1400 177; x_wconf 80' lang='lat'><em>2.</em></span> <span class='ocrx_word' id='word_1_5' title='bbox 1700 132 1802 197; x_wconf 81' lang='grc'><em>527</em></span> 
     </span>
    </p>
   </div>
   <div class='ocr_carea' id='block_1_2' title="bbox 0 246 1922 2934">
    <p class='ocr_par' dir='ltr' id='par_1_2' title="bbox 193 246 1922 322">
     <span class='ocr_line' id='line_1_2' title="bbox 193 246 1922 322; baseline 0.001 -18"><span class='ocrx_word' id='word_1_6' title='bbox 193 246 502 304; x_wconf 79' lang='grc' dir='ltr'><em>ἀποδέοντα</em></span> <span class='ocrx_word' id='word_1_7' title='bbox 540 253 842 320; x_wconf 81' lang='grc' dir='ltr'><em>γίγνονται.</em></span> <span class='ocrx_word' id='word_1_8' title='bbox 913 250 1088 305; x_wconf 85' lang='grc' dir='ltr'><em>ταῦτα</em></span> <span class='ocrx_word' id='word_1_9' title='bbox 1129 248 1189 304; x_wconf 79' lang='grc' dir='ltr'><em>δὲ</em></span> <span class='ocrx_word' id='word_1_10' title='bbox 1229 246 1364 321; x_wconf 84' lang='grc' dir='ltr'><em>πρὸς</em></span> <span class='ocrx_word' id='word_1_11' title='bbox 1400 261 1514 315; x_wconf 79' lang='grc' dir='ltr'><em>τοῖς</em></span> <span class='ocrx_word' id='word_1_12' title='bbox 1546 273 1803 322; x_wconf 87' lang='grc' dir='ltr'><em>τετρακο-</em></span> <span class='ocrx_word' id='word_1_13' title='bbox 1828 275 1922 315; x_wconf 69' lang='lat'><strong>(391)</strong></span> 
     </span>
    </p>

    <p class='ocr_par' dir='ltr' id='par_1_3' title="bbox 122 331 1804 1166">
     <span class='ocr_line' id='line_1_3' title="bbox 192 331 1804 406; baseline 0.001 -16"><span class='ocrx_word' id='word_1_14' title='bbox 192 338 332 398; x_wconf 89' lang='grc' dir='ltr'><em>σίοις</em></span> <span class='ocrx_word' id='word_1_15' title='bbox 365 331 746 405; x_wconf 84' lang='grc' dir='ltr'><em>ἑβδομήκοντα</em></span> <span class='ocrx_word' id='word_1_16' title='bbox 768 335 930 390; x_wconf 81' lang='grc' dir='ltr'><strong><em>πέντε</em></strong></span> <span class='ocrx_word' id='word_1_17' title='bbox 953 339 1132 390; x_wconf 85' lang='grc' dir='ltr'><em>ἔτεσιν</em></span> <span class='ocrx_word' id='word_1_18' title='bbox 1155 338 1215 389; x_wconf 79' lang='grc' dir='ltr'><em>αἱ</em></span> <span class='ocrx_word' id='word_1_19' title='bbox 1235 331 1614 406; x_wconf 79' lang='grc' dir='ltr'><em>ἑβδομήκοντα</em></span> <span class='ocrx_word' id='word_1_20' title='bbox 1641 336 1804 406; x_wconf 78' lang='grc' dir='ltr'><em>ἑβδο-</em></span> 
     </span>
     <span class='ocr_line' id='line_1_4' title="bbox 190 414 1790 489; baseline 0.001 -17"><span class='ocrx_word' id='word_1_21' title='bbox 190 414 362 489; x_wconf 88' lang='grc' dir='ltr'><em>μάδες</em></span> <span class='ocrx_word' id='word_1_22' title='bbox 393 414 844 474; x_wconf 84' lang='grc' dir='ltr'><em>συντελοῦνται.”</em></span> <span class='ocrx_word' id='word_1_23' title='bbox 1786 440 1790 445; x_wconf 92' lang='grc'><strong><em>·</em></strong></span> 
     </span>
     <span class='ocr_line' id='line_1_5' title="bbox 318 494 1802 575; baseline 0.001 -18"><span class='ocrx_word' id='word_1_24' title='bbox 318 505 400 558; x_wconf 78' lang='grc'><em>55.</em></span> <span class='ocrx_word' id='word_1_25' title='bbox 444 505 628 558; x_wconf 86' lang='grc' dir='ltr'><em>Ταῦτα</em></span> <span class='ocrx_word' id='word_1_26' title='bbox 673 502 775 573; x_wconf 74' lang='grc' dir='ltr'><em>μὲν</em></span> <span class='ocrx_word' id='word_1_27' title='bbox 819 494 921 559; x_wconf 82' lang='grc' dir='ltr'><em>οῦν</em></span> <span class='ocrx_word' id='word_1_28' title='bbox 944 500 1289 575; x_wconf 80' lang='grc' dir='ltr'><em>Ἀφρικανός.</em></span> <span class='ocrx_word' id='word_1_29' title='bbox 1368 508 1417 559; x_wconf 77' lang='grc' dir='ltr'><em>εἰ</em></span> <span class='ocrx_word' id='word_1_30' title='bbox 1461 502 1523 559; x_wconf 74' lang='grc' dir='ltr'><em>δὲ</em></span> <span class='ocrx_word' id='word_1_31' title='bbox 1564 500 1667 575; x_wconf 85' lang='grc' dir='ltr'><em>χρὴ</em></span> <span class='ocrx_word' id='word_1_32' title='bbox 1710 506 1802 559; x_wconf 88' lang='grc' dir='ltr'><em>καὶ</em></span> 
     </span>
     <span class='ocr_line' id='line_1_6' title="bbox 147 580 1802 659; baseline 0.001 -17"><span class='ocrx_word' id='word_1_33' title='bbox 147 611 166 642; x_wconf 86' lang='lat'>5</span> <span class='ocrx_word' id='word_1_34' title='bbox 189 580 330 657; x_wconf 77' lang='grc' dir='ltr'><em>ἡμᾶς</em></span> <span class='ocrx_word' id='word_1_35' title='bbox 361 591 573 643; x_wconf 83' lang='grc' dir='ltr'><em>οἰκείαν</em></span> <span class='ocrx_word' id='word_1_36' title='bbox 605 591 681 651; x_wconf 89' lang='grc' dir='ltr'><em>είς</em></span> <span class='ocrx_word' id='word_1_37' title='bbox 704 584 832 652; x_wconf 82' lang='grc' dir='ltr'><em>τούς</em></span> <span class='ocrx_word' id='word_1_38' title='bbox 855 585 1056 652; x_wconf 79' lang='grc' dir='ltr'><strong><em>τόπους</em></strong></span> <span class='ocrx_word' id='word_1_39' title='bbox 1080 585 1350 643; x_wconf 77' lang='grc' dir='ltr'><em>ἀπόδοσιν</em></span> <span class='ocrx_word' id='word_1_40' title='bbox 1377 593 1453 653; x_wconf 84' lang='grc' dir='ltr'><em>εἰς</em></span> <span class='ocrx_word' id='word_1_41' title='bbox 1476 588 1647 659; x_wconf 83' lang='grc' dir='ltr'><em>μέσον</em></span> <span class='ocrx_word' id='word_1_42' title='bbox 1669 585 1802 659; x_wconf 77' lang='grc' dir='ltr'><em>ἀγα-</em></span> 
     </span>
     <span class='ocr_line' id='line_1_7' title="bbox 187 667 1801 744; baseline 0.001 -18"><span class='ocrx_word' id='word_1_43' title='bbox 187 684 336 741; x_wconf 85' lang='grc' dir='ltr'><em>γεῖν,</em></span> <span class='ocrx_word' id='word_1_44' title='bbox 383 672 525 743; x_wconf 84' lang='grc' dir='ltr'><em>φημὶ</em></span> <span class='ocrx_word' id='word_1_45' title='bbox 570 669 644 743; x_wconf 88' lang='grc' dir='ltr'><em>μὴ</em></span> <span class='ocrx_word' id='word_1_46' title='bbox 687 669 866 743; x_wconf 94' lang='grc' dir='ltr'><em>μάτην</em></span> <span class='ocrx_word' id='word_1_47' title='bbox 904 671 1044 744; x_wconf 74' lang='grc' dir='ltr'><em>μηδὲ</em></span> <span class='ocrx_word' id='word_1_48' title='bbox 1084 667 1156 736; x_wconf 74' lang='grc' dir='ltr'><em>ὥς</em></span> <span class='ocrx_word' id='word_1_49' title='bbox 1198 675 1356 742; x_wconf 83' lang='grc' dir='ltr'><em>ἔτυχε</em></span> <span class='ocrx_word' id='word_1_50' title='bbox 1394 672 1495 743; x_wconf 84' lang='grc' dir='ltr'><em>τὴν</em></span> <span class='ocrx_word' id='word_1_51' title='bbox 1529 676 1801 744; x_wconf 77' lang='grc' dir='ltr'><em>διαίρεσιν</em></span> 
     </span>
     <span class='ocr_line' id='line_1_8' title="bbox 189 753 1796 828; baseline 0.002 -19"><span class='ocrx_word' id='word_1_52' title='bbox 189 757 527 827; x_wconf 81' lang='grc' dir='ltr'><em>πεποιῆσθαι</em></span> <span class='ocrx_word' id='word_1_53' title='bbox 571 753 667 812; x_wconf 84' lang='grc' dir='ltr'><em>τὸν</em></span> <span class='ocrx_word' id='word_1_54' title='bbox 707 753 872 827; x_wconf 85' lang='grc' dir='ltr'><em>λόγον</em></span> <span class='ocrx_word' id='word_1_55' title='bbox 901 759 1014 812; x_wconf 78' lang='grc' dir='ltr'><em>τῶν</em></span> <span class='ocrx_word' id='word_1_56' title='bbox 1045 753 1423 826; x_wconf 83' lang='grc' dir='ltr'><em>ἑβδομήκοντα</em></span> <span class='ocrx_word' id='word_1_57' title='bbox 1452 754 1796 828; x_wconf 82' lang='grc' dir='ltr'><em>ἑβδομάδων.</em></span> 
     </span>
     <span class='ocr_line' id='line_1_9' title="bbox 190 836 1798 912; baseline 0.001 -18"><span class='ocrx_word' id='word_1_58' title='bbox 190 837 392 896; x_wconf 71' lang='grc' dir='ltr'><em>διελών</em></span> <span class='ocrx_word' id='word_1_59' title='bbox 435 837 540 912; x_wconf 72' lang='grc' dir='ltr'><em>γάρ</em></span> <span class='ocrx_word' id='word_1_60' title='bbox 580 836 749 906; x_wconf 81' lang='grc' dir='ltr'><em>αῦτὰς</em></span> <span class='ocrx_word' id='word_1_61' title='bbox 790 845 867 905; x_wconf 85' lang='grc' dir='ltr'><em>εἰς</em></span> <span class='ocrx_word' id='word_1_62' title='bbox 906 837 1125 912; x_wconf 78' lang='grc' dir='ltr'><em>πρώτας</em></span> <span class='ocrx_word' id='word_1_63' title='bbox 1168 836 1329 910; x_wconf 74' lang='grc' dir='ltr'><em>ἑπτα,</em></span> <span class='ocrx_word' id='word_1_64' title='bbox 1383 838 1561 896; x_wconf 82' lang='grc' dir='ltr'><em>ἔπειθ’</em></span> <span class='ocrx_word' id='word_1_65' title='bbox 1612 842 1798 912; x_wconf 82' lang='grc' dir='ltr'><em>ἑτέρας</em></span> 
     </span>
     <span class='ocr_line' id='line_1_10' title="bbox 189 921 1800 996; baseline 0.002 -18"><span class='ocrx_word' id='word_1_66' title='bbox 189 921 452 995; x_wconf 82' lang='grc' dir='ltr'><em>ἑξήκοντα</em></span> <span class='ocrx_word' id='word_1_67' title='bbox 485 921 614 995; x_wconf 84' lang='grc' dir='ltr'><em>δυό,</em></span> <span class='ocrx_word' id='word_1_68' title='bbox 660 925 751 979; x_wconf 88' lang='grc' dir='ltr'><em>καὶ</em></span> <span class='ocrx_word' id='word_1_69' title='bbox 794 947 928 995; x_wconf 91' lang='grc' dir='ltr'><em>μετα</em></span> <span class='ocrx_word' id='word_1_70' title='bbox 958 931 1189 980; x_wconf 78' lang='grc' dir='ltr'><em>πλεῖστα</em></span> <span class='ocrx_word' id='word_1_71' title='bbox 1219 947 1285 979; x_wconf 91' lang='grc' dir='ltr'><em>τα</em></span> <span class='ocrx_word' id='word_1_72' title='bbox 1314 922 1517 996; x_wconf 76' lang='grc' dir='ltr'><em>μεταξὺ</em></span> <span class='ocrx_word' id='word_1_73' title='bbox 1550 923 1800 996; x_wconf 88' lang='grc' dir='ltr'><em>ἐπιλεγό-</em></span> 
     </span>
     <span class='ocr_line' id='line_1_11' title="bbox 122 1004 1799 1081; baseline 0.001 -18"><span class='ocrx_word' id='word_1_74' title='bbox 122 1033 162 1064; x_wconf 88' lang='lat'><em>10</em></span> <span class='ocrx_word' id='word_1_75' title='bbox 185 1032 324 1080; x_wconf 90' lang='grc' dir='ltr'><em>μενα</em></span> <span class='ocrx_word' id='word_1_76' title='bbox 354 1006 455 1080; x_wconf 79' lang='grc' dir='ltr'><em>τὴν</em></span> <span class='ocrx_word' id='word_1_77' title='bbox 483 1013 619 1081; x_wconf 92' lang='grc' dir='ltr'><em>μίαν</em></span> <span class='ocrx_word' id='word_1_78' title='bbox 644 1010 891 1079; x_wconf 83' lang='grc' dir='ltr'><em>ἐπιθεὶς,</em></span> <span class='ocrx_word' id='word_1_79' title='bbox 925 1004 1070 1065; x_wconf 77' lang='grc' dir='ltr'><em>οὕτω</em></span> <span class='ocrx_word' id='word_1_80' title='bbox 1102 1007 1198 1064; x_wconf 88' lang='grc' dir='ltr'><em>τὸν</em></span> <span class='ocrx_word' id='word_1_81' title='bbox 1221 1004 1463 1080; x_wconf 84' lang='grc' dir='ltr'><em>άριθμόν</em></span> <span class='ocrx_word' id='word_1_82' title='bbox 1485 1011 1596 1065; x_wconf 75' lang='grc' dir='ltr'><em>τῶν</em></span> <span class='ocrx_word' id='word_1_83' title='bbox 1633 1011 1799 1080; x_wconf 81' lang='grc' dir='ltr'><em>ἑβδο-</em></span> 
     </span>
     <span class='ocr_line' id='line_1_12' title="bbox 184 1089 1797 1166; baseline -0.001 -17"><span class='ocrx_word' id='word_1_84' title='bbox 184 1091 428 1164; x_wconf 88' lang='grc' dir='ltr'><em>μήκοντα</em></span> <span class='ocrx_word' id='word_1_85' title='bbox 472 1091 801 1165; x_wconf 77' lang='grc' dir='ltr'><em>ἑβδομάδων</em></span> <span class='ocrx_word' id='word_1_86' title='bbox 845 1089 1181 1166; x_wconf 79' lang='grc' dir='ltr'><em>άφωρίσατο.</em></span> <span class='ocrx_word' id='word_1_87' title='bbox 1266 1096 1349 1149; x_wconf 80' lang='lat'><em>56.</em></span> <span class='ocrx_word' id='word_1_88' title='bbox 1400 1094 1546 1164; x_wconf 86' lang='grc' dir='ltr'><em>λέγει</em></span> <span class='ocrx_word' id='word_1_89' title='bbox 1593 1089 1646 1148; x_wconf 77' lang='grc' dir='ltr'><em>δ”</em></span> <span class='ocrx_word' id='word_1_90' title='bbox 1693 1094 1797 1149; x_wconf 85' lang='grc' dir='ltr'><em>οὐν</em></span> 
     </span>
    </p>

    <p class='ocr_par' dir='ltr' id='par_1_4' title="bbox 116 1172 1841 2008">
     <span class='ocr_line' id='line_1_13' title="bbox 176 1172 1841 1250; baseline 0.001 -18.023"><span class='ocrx_word' id='word_1_91' title='bbox 176 1172 303 1233; x_wconf 80' lang='grc' dir='ltr'><em>“καὶ</em></span> <span class='ocrx_word' id='word_1_92' title='bbox 335 1175 524 1250; x_wconf 79' lang='grc' dir='ltr'><em>γνώσῃ</em></span> <span class='ocrx_word' id='word_1_93' title='bbox 555 1178 647 1233; x_wconf 84' lang='grc' dir='ltr'><em>καὶ</em></span> <span class='ocrx_word' id='word_1_94' title='bbox 672 1174 934 1248; x_wconf 84' lang='grc' dir='ltr'><em>συνήσεις</em></span> <span class='ocrx_word' id='word_1_95' title='bbox 952 1175 1059 1234; x_wconf 86' lang='grc' dir='ltr'><em>απὸ</em></span> <span class='ocrx_word' id='word_1_96' title='bbox 1087 1175 1280 1244; x_wconf 82' lang='grc' dir='ltr'><em>ἐξόδου</em></span> <span class='ocrx_word' id='word_1_97' title='bbox 1313 1174 1500 1248; x_wconf 87' lang='grc' dir='ltr'><em>λόγου,</em></span> <span class='ocrx_word' id='word_1_98' title='bbox 1531 1181 1629 1233; x_wconf 91' lang='grc' dir='ltr'><em>τοῦ</em></span> <span class='ocrx_word' id='word_1_99' title='bbox 1662 1173 1794 1233; x_wconf 80' lang='grc' dir='ltr'><em>άπο-</em></span> <span class='ocrx_word' id='word_1_100' title='bbox 1818 1201 1841 1233; x_wconf 86' lang='lat' dir='ltr'>b</span> 
     </span>
     <span class='ocr_line' id='line_1_14' title="bbox 184 1258 1795 1335; baseline 0.001 -18"><span class='ocrx_word' id='word_1_101' title='bbox 184 1267 449 1334; x_wconf 77' lang='grc' dir='ltr'><em>κριθῆναι</em></span> <span class='ocrx_word' id='word_1_102' title='bbox 488 1262 580 1318; x_wconf 87' lang='grc' dir='ltr'><em>καὶ</em></span> <span class='ocrx_word' id='word_1_103' title='bbox 619 1266 719 1318; x_wconf 89' lang='grc' dir='ltr'><em>τοῦ</em></span> <span class='ocrx_word' id='word_1_104' title='bbox 758 1264 1118 1334; x_wconf 82' lang='grc' dir='ltr'><em>οἰκοδομῆσαι</em></span> <span class='ocrx_word' id='word_1_105' title='bbox 1152 1258 1507 1335; x_wconf 75' lang='grc' dir='ltr'><em>Ἰερουσαλὴμ</em></span> <span class='ocrx_word' id='word_1_106' title='bbox 1550 1263 1651 1327; x_wconf 78' lang='grc' dir='ltr'><em>ἕως</em></span> <span class='ocrx_word' id='word_1_107' title='bbox 1681 1285 1795 1335; x_wconf 82' lang='grc' dir='ltr'><em>χρι-</em></span> 
     </span>
     <span class='ocr_line' id='line_1_15' title="bbox 184 1342 1794 1418; baseline 0.001 -17"><span class='ocrx_word' id='word_1_108' title='bbox 184 1348 319 1401; x_wconf 88' lang='grc' dir='ltr'><em>στοῦ</em></span> <span class='ocrx_word' id='word_1_109' title='bbox 347 1342 689 1418; x_wconf 78' lang='grc' dir='ltr'><em>ἡγουμένου,</em></span> <span class='ocrx_word' id='word_1_110' title='bbox 722 1345 1025 1418; x_wconf 80' lang='grc' dir='ltr'><em>ἑβδομάδες</em></span> <span class='ocrx_word' id='word_1_111' title='bbox 1059 1345 1192 1403; x_wconf 79' lang='grc' dir='ltr'><em>ἑπτὰ</em></span> <span class='ocrx_word' id='word_1_112' title='bbox 1223 1347 1314 1402; x_wconf 87' lang='grc' dir='ltr'><em>καὶ</em></span> <span class='ocrx_word' id='word_1_113' title='bbox 1341 1344 1644 1418; x_wconf 80' lang='grc' dir='ltr'><em>ἐβδομάδες</em></span> <span class='ocrx_word' id='word_1_114' title='bbox 1679 1348 1794 1418; x_wconf 80' lang='grc' dir='ltr'><em>ἑξη-</em></span> 
     </span>
     <span class='ocr_line' id='line_1_16' title="bbox 119 1427 1795 1503; baseline 0 -17"><span class='ocrx_word' id='word_1_115' title='bbox 119 1455 160 1487; x_wconf 86' lang='lat'><em>15</em></span> <span class='ocrx_word' id='word_1_116' title='bbox 183 1427 512 1487; x_wconf 84' lang='grc' dir='ltr'><em>κονταδῦο.”</em></span> <span class='ocrx_word' id='word_1_117' title='bbox 587 1427 699 1487; x_wconf 78' lang='grc' dir='ltr'><em>εἶθ’</em></span> <span class='ocrx_word' id='word_1_118' title='bbox 745 1429 902 1503; x_wconf 78' lang='grc' dir='ltr'><em>ἕτερά</em></span> <span class='ocrx_word' id='word_1_119' title='bbox 941 1454 1066 1487; x_wconf 91' lang='grc' dir='ltr'><em>τινα</em></span> <span class='ocrx_word' id='word_1_120' title='bbox 1109 1428 1311 1503; x_wconf 74' lang='grc' dir='ltr'><em>μεταξύ</em></span> <span class='ocrx_word' id='word_1_121' title='bbox 1354 1429 1650 1502; x_wconf 74' lang='grc' dir='ltr'><em>ἐπαγαγών</em></span> <span class='ocrx_word' id='word_1_122' title='bbox 1693 1430 1795 1501; x_wconf 82' lang='grc' dir='ltr'><em>τὴν</em></span> 
     </span>
     <span class='ocr_line' id='line_1_17' title="bbox 181 1511 1795 1587; baseline 0 -17"><span class='ocrx_word' id='word_1_123' title='bbox 181 1521 505 1571; x_wconf 81' lang='grc' dir='ltr'><em>τελευταίαν</em></span> <span class='ocrx_word' id='word_1_124' title='bbox 549 1520 883 1587; x_wconf 89' lang='grc' dir='ltr'><em>προστίθησι</em></span> <span class='ocrx_word' id='word_1_125' title='bbox 923 1512 1104 1586; x_wconf 83' lang='grc' dir='ltr'><em>φήσας</em></span> <span class='ocrx_word' id='word_1_126' title='bbox 1140 1511 1270 1570; x_wconf 57' lang='lat' dir='ltr'><em>“uoci</em></span> <span class='ocrx_word' id='word_1_127' title='bbox 1313 1512 1630 1586; x_wconf 75' lang='grc' dir='ltr'><em>δυναμώσει</em></span> <span class='ocrx_word' id='word_1_128' title='bbox 1672 1519 1795 1570; x_wconf 90' lang='grc' dir='ltr'><em>δια-</em></span> 
     </span>
     <span class='ocr_line' id='line_1_18' title="bbox 180 1594 1794 1697; baseline -0.001 -42"><span class='ocrx_word' id='word_1_129' title='bbox 180 1596 367 1697; x_wconf 86' lang='grc' dir='ltr'><em>θήκην</em></span> <span class='ocrx_word' id='word_1_130' title='bbox 409 1606 632 1665; x_wconf 87' lang='grc' dir='ltr'><em>πολλοις</em></span> <span class='ocrx_word' id='word_1_131' title='bbox 675 1596 913 1671; x_wconf 83' lang='grc' dir='ltr'><em>ἐβδομας</em></span> <span class='ocrx_word' id='word_1_132' title='bbox 954 1605 1066 1671; x_wconf 91' lang='grc' dir='ltr'><em>μία.</em></span> <span class='ocrx_word' id='word_1_133' title='bbox 1185 1603 1268 1656; x_wconf 78' lang='grc'><em>57.</em></span> <span class='ocrx_word' id='word_1_134' title='bbox 1300 1602 1471 1655; x_wconf 83' lang='grc' dir='ltr'><em>ταῦτα</em></span> <span class='ocrx_word' id='word_1_135' title='bbox 1503 1598 1565 1654; x_wconf 91' lang='grc' dir='ltr'><em>δε</em></span> <span class='ocrx_word' id='word_1_136' title='bbox 1595 1594 1679 1654; x_wconf 82' lang='grc' dir='ltr'><em>ὅτι</em></span> <span class='ocrx_word' id='word_1_137' title='bbox 1719 1596 1794 1671; x_wconf 83' lang='grc' dir='ltr'><em>μὴ</em></span> 
     </span>
     <span class='ocr_line' id='line_1_19' title="bbox 180 1680 1792 1755; baseline 0 -17"><span class='ocrx_word' id='word_1_138' title='bbox 180 1680 387 1754; x_wconf 80' lang='grc' dir='ltr'><em>μάτην,</em></span> <span class='ocrx_word' id='word_1_139' title='bbox 428 1680 559 1755; x_wconf 89' lang='grc' dir='ltr'><em>μηδ</em></span> <span class='ocrx_word' id='word_1_140' title='bbox 605 1681 742 1739; x_wconf 87' lang='grc' dir='ltr'><em>άνευ</em></span> <span class='ocrx_word' id='word_1_141' title='bbox 781 1686 877 1755; x_wconf 87' lang='grc' dir='ltr'><em>τῆς</em></span> <span class='ocrx_word' id='word_1_142' title='bbox 908 1689 1067 1750; x_wconf 81' lang='grc' dir='ltr'><em>θείας</em></span> <span class='ocrx_word' id='word_1_143' title='bbox 1109 1685 1396 1748; x_wconf 80' lang='grc' dir='ltr'><em>ἐπιπνοίας</em></span> <span class='ocrx_word' id='word_1_144' title='bbox 1429 1685 1792 1755; x_wconf 84' lang='grc' dir='ltr'><em>ἐσχεδίασται,</em></span> 
     </span>
     <span class='ocr_line' id='line_1_20' title="bbox 181 1760 1793 1841; baseline 0 -19"><span class='ocrx_word' id='word_1_145' title='bbox 181 1765 353 1823; x_wconf 86' lang='grc' dir='ltr'><em>πάνθ’</em></span> <span class='ocrx_word' id='word_1_146' title='bbox 391 1763 564 1823; x_wconf 81' lang='grc' dir='ltr'><em>ὅντιν’</em></span> <span class='ocrx_word' id='word_1_147' title='bbox 600 1760 704 1824; x_wconf 82' lang='grc' dir='ltr'><em>οῦν</em></span> <span class='ocrx_word' id='word_1_148' title='bbox 724 1771 835 1823; x_wconf 81' lang='grc' dir='ltr'><em>τῶν</em></span> <span class='ocrx_word' id='word_1_149' title='bbox 860 1792 932 1833; x_wconf 89' lang='grc' dir='ltr'><em>ως</em></span> <span class='ocrx_word' id='word_1_150' title='bbox 955 1771 1096 1825; x_wconf 87' lang='grc' dir='ltr'><em>θεοῦ</em></span> <span class='ocrx_word' id='word_1_151' title='bbox 1121 1766 1360 1841; x_wconf 86' lang='grc' dir='ltr'><em>ρήμασιν</em></span> <span class='ocrx_word' id='word_1_152' title='bbox 1384 1763 1569 1833; x_wconf 76' lang='grc' dir='ltr'><em>αὐτοῖς</em></span> <span class='ocrx_word' id='word_1_153' title='bbox 1588 1785 1793 1839; x_wconf 92' lang='grc' dir='ltr'><em>προσε-</em></span> 
     </span>
     <span class='ocr_line' id='line_1_21' title="bbox 116 1842 1791 1924; baseline 0.001 -17"><span class='ocrx_word' id='word_1_154' title='bbox 116 1876 157 1908; x_wconf 83' lang='lat'><em>20</em></span> <span class='ocrx_word' id='word_1_155' title='bbox 179 1850 393 1924; x_wconf 86' lang='grc' dir='ltr'><em>χόντων</em></span> <span class='ocrx_word' id='word_1_156' title='bbox 443 1849 806 1924; x_wconf 78' lang='grc' dir='ltr'><em>ὁμολογήσειν</em></span> <span class='ocrx_word' id='word_1_157' title='bbox 857 1850 1112 1924; x_wconf 83' lang='grc' dir='ltr'><em>ἡγοῦμαι.</em></span> <span class='ocrx_word' id='word_1_158' title='bbox 1203 1856 1286 1908; x_wconf 76' lang='lat'><em>58.</em></span> <span class='ocrx_word' id='word_1_159' title='bbox 1329 1855 1491 1908; x_wconf 87' lang='grc' dir='ltr'><em>τοῦτο</em></span> <span class='ocrx_word' id='word_1_160' title='bbox 1535 1850 1639 1923; x_wconf 77' lang='grc' dir='ltr'><em>μὲν</em></span> <span class='ocrx_word' id='word_1_161' title='bbox 1689 1842 1791 1908; x_wconf 85' lang='grc' dir='ltr'><em>οῦν</em></span> 
     </span>
     <span class='ocr_line' id='line_1_22' title="bbox 179 1931 1790 2008; baseline -0.001 -16"><span class='ocrx_word' id='word_1_162' title='bbox 179 1939 402 2007; x_wconf 77' lang='grc' dir='ltr'><em>πρῶτον</em></span> <span class='ocrx_word' id='word_1_163' title='bbox 438 1931 575 2008; x_wconf 77' lang='grc' dir='ltr'><em>ἡμῖν</em></span> <span class='ocrx_word' id='word_1_164' title='bbox 616 1939 795 2003; x_wconf 78' lang='grc' dir='ltr'><em>καλῶς</em></span> <span class='ocrx_word' id='word_1_165' title='bbox 837 1939 1027 2003; x_wconf 79' lang='grc' dir='ltr'><em>ἔδοξεν</em></span> <span class='ocrx_word' id='word_1_166' title='bbox 1060 1934 1534 2008; x_wconf 85' lang='grc' dir='ltr'><em>ἐπισημήνασθαι,</em></span> <span class='ocrx_word' id='word_1_167' title='bbox 1567 1943 1790 1992; x_wconf 87' lang='grc' dir='ltr'><em>καταλι-</em></span> 
     </span>
    </p>

    <p class='ocr_par' dir='ltr' id='par_1_5' title="bbox 0 2015 1830 2682">
     <span class='ocr_line' id='line_1_23' title="bbox 180 2015 1830 2129; baseline 0 -54"><span class='ocrx_word' id='word_1_168' title='bbox 180 2033 310 2076; x_wconf 73' lang='grc' dir='ltr'><em>πεῖν</em></span> <span class='ocrx_word' id='word_1_169' title='bbox 339 2043 399 2076; x_wconf 90' lang='grc' dir='ltr'><em>τε</em></span> <span class='ocrx_word' id='word_1_170' title='bbox 428 2033 544 2086; x_wconf 76' lang='grc' dir='ltr'><em>τοῖς</em></span> <span class='ocrx_word' id='word_1_171' title='bbox 568 2020 966 2129; x_wconf 83' lang='grc' dir='ltr'><em>ἐντυγχάνουσι</em></span> <span class='ocrx_word' id='word_1_172' title='bbox 998 2018 1098 2092; x_wconf 78' lang='grc' dir='ltr'><em>τὴν</em></span> <span class='ocrx_word' id='word_1_173' title='bbox 1121 2025 1218 2078; x_wconf 87' lang='grc' dir='ltr'><em>τοῦ</em></span> <span class='ocrx_word' id='word_1_174' title='bbox 1242 2022 1575 2122; x_wconf 80' lang='grc' dir='ltr'><em>ζητηθέντος</em></span> <span class='ocrx_word' id='word_1_175' title='bbox 1588 2015 1792 2092; x_wconf 72' lang='grc' dir='ltr'><em>ἀκριβῆ</em></span> <span class='ocrx_word' id='word_1_176' title='bbox 1813 2054 1830 2076; x_wconf 77' lang='lat' dir='ltr'>c</span> 
     </span>
     <span class='ocr_line' id='line_1_24' title="bbox 179 2100 1792 2179; baseline 0 -19"><span class='ocrx_word' id='word_1_177' title='bbox 179 2102 357 2162; x_wconf 83' lang='grc' dir='ltr'><em>λύσιν.</em></span> <span class='ocrx_word' id='word_1_178' title='bbox 421 2110 471 2160; x_wconf 78' lang='grc' dir='ltr'><em>εἰ</em></span> <span class='ocrx_word' id='word_1_179' title='bbox 511 2104 573 2160; x_wconf 91' lang='grc' dir='ltr'><em>δε</em></span> <span class='ocrx_word' id='word_1_180' title='bbox 612 2104 715 2179; x_wconf 88' lang='grc' dir='ltr'><em>χρὴ</em></span> <span class='ocrx_word' id='word_1_181' title='bbox 759 2106 852 2161; x_wconf 86' lang='grc' dir='ltr'><em>καὶ</em></span> <span class='ocrx_word' id='word_1_182' title='bbox 892 2103 1032 2178; x_wconf 74' lang='grc' dir='ltr'><em>ἡμᾶς</em></span> <span class='ocrx_word' id='word_1_183' title='bbox 1062 2102 1121 2161; x_wconf 81' lang='grc' dir='ltr'><em>τὸ</em></span> <span class='ocrx_word' id='word_1_184' title='bbox 1155 2102 1399 2161; x_wconf 85' lang='grc' dir='ltr'><em>ἐπεισιόν</em></span> <span class='ocrx_word' id='word_1_185' title='bbox 1439 2103 1512 2177; x_wconf 81' lang='grc' dir='ltr'><em>μὴ</em></span> <span class='ocrx_word' id='word_1_186' title='bbox 1544 2100 1792 2176; x_wconf 82' lang='grc' dir='ltr'><em>άποκρύ-</em></span> 
     </span>
     <span class='ocr_line' id='line_1_25' title="bbox 179 2185 1790 2262; baseline -0.001 -17"><span class='ocrx_word' id='word_1_187' title='bbox 179 2198 421 2260; x_wconf 81' lang='grc' dir='ltr'><em>ψασθαι,</em></span> <span class='ocrx_word' id='word_1_188' title='bbox 454 2190 596 2261; x_wconf 85' lang='grc' dir='ltr'><em>φημὶ</em></span> <span class='ocrx_word' id='word_1_189' title='bbox 620 2187 751 2246; x_wconf 90' lang='grc' dir='ltr'><em>καθ’</em></span> <span class='ocrx_word' id='word_1_190' title='bbox 793 2190 986 2261; x_wconf 79' lang='grc' dir='ltr'><em>ἑτέραν</em></span> <span class='ocrx_word' id='word_1_191' title='bbox 1006 2187 1304 2247; x_wconf 88' lang='grc' dir='ltr'><em>διάνοιαν’</em></span> <span class='ocrx_word' id='word_1_192' title='bbox 1283 2187 1400 2262; x_wconf 84' lang='grc' dir='ltr'><em>η’τοι</em></span> <span class='ocrx_word' id='word_1_193' title='bbox 1429 2185 1662 2262; x_wconf 81' lang='grc' dir='ltr'><em>ἐκδοχὴν</em></span> <span class='ocrx_word' id='word_1_194' title='bbox 1691 2185 1790 2245; x_wconf 85' lang='grc' dir='ltr'><em>τὸν</em></span> 
     </span>
     <span class='ocr_line' id='line_1_26' title="bbox 114 2268 1787 2347; baseline 0 -20"><span class='ocrx_word' id='word_1_195' title='bbox 114 2295 155 2327; x_wconf 89' lang='lat'><em>25</em></span> <span class='ocrx_word' id='word_1_196' title='bbox 181 2275 242 2329; x_wconf 82' lang='grc' dir='ltr'><em>ἐν</em></span> <span class='ocrx_word' id='word_1_197' title='bbox 271 2278 338 2346; x_wconf 84' lang='grc' dir='ltr'><em>τῇ</em></span> <span class='ocrx_word' id='word_1_198' title='bbox 378 2275 711 2347; x_wconf 83' lang='grc' dir='ltr'><em>προκειμένῃ</em></span> <span class='ocrx_word' id='word_1_199' title='bbox 751 2277 940 2347; x_wconf 80' lang='grc' dir='ltr'><em>γραφῇ</em></span> <span class='ocrx_word' id='word_1_200' title='bbox 982 2272 1327 2346; x_wconf 71' lang='grc' dir='ltr'><em>δηλούμενον</em></span> <span class='ocrx_word' id='word_1_201' title='bbox 1365 2270 1589 2346; x_wconf 80' lang='grc' dir='ltr'><em>χριστὸν</em></span> <span class='ocrx_word' id='word_1_202' title='bbox 1619 2268 1787 2343; x_wconf 84' lang='grc' dir='ltr'><em>ηγοῦ-</em></span> 
     </span>
     <span class='ocr_line' id='line_1_27' title="bbox 177 2355 1788 2430; baseline -0.002 -16"><span class='ocrx_word' id='word_1_203' title='bbox 177 2381 374 2430; x_wconf 83' lang='grc' dir='ltr'><em>μενον,</em></span> <span class='ocrx_word' id='word_1_204' title='bbox 416 2355 553 2414; x_wconf 77' lang='grc' dir='ltr'><em>κατὰ</em></span> <span class='ocrx_word' id='word_1_205' title='bbox 592 2357 658 2414; x_wconf 77' lang='grc' dir='ltr'><em>τὰ</em></span> <span class='ocrx_word' id='word_1_206' title='bbox 688 2356 795 2414; x_wconf 79' lang='grc' dir='ltr'><em>ἀπὸ</em></span> <span class='ocrx_word' id='word_1_207' title='bbox 830 2357 1022 2425; x_wconf 82' lang='grc' dir='ltr'><em>ἐξόδου</em></span> <span class='ocrx_word' id='word_1_208' title='bbox 1053 2356 1251 2429; x_wconf 89' lang='grc' dir='ltr'><em>λόγου,</em></span> <span class='ocrx_word' id='word_1_209' title='bbox 1282 2360 1384 2414; x_wconf 84' lang='grc' dir='ltr'><em>τοῦ</em></span> <span class='ocrx_word' id='word_1_210' title='bbox 1412 2355 1788 2428; x_wconf 83' lang='grc' dir='ltr'><em>ἀποκριθῆναι</em></span> 
     </span>
     <span class='ocr_line' id='line_1_28' title="bbox 180 2437 1788 2542; baseline 0 -47"><span class='ocrx_word' id='word_1_211' title='bbox 180 2442 271 2496; x_wconf 88' lang='grc' dir='ltr'><em>καὶ</em></span> <span class='ocrx_word' id='word_1_212' title='bbox 308 2445 407 2497; x_wconf 90' lang='grc' dir='ltr'><em>τοῦ</em></span> <span class='ocrx_word' id='word_1_213' title='bbox 448 2445 806 2542; x_wconf 52' lang='grc' dir='ltr'><em>οἰκοδομῆσαι</em></span> <span class='ocrx_word' id='word_1_214' title='bbox 829 2438 1186 2516; x_wconf 85' lang='grc' dir='ltr'><em>Ιερουσαλὴμ</em></span> <span class='ocrx_word' id='word_1_215' title='bbox 1227 2444 1328 2507; x_wconf 83' lang='grc' dir='ltr'><em>ε’ως</em></span> <span class='ocrx_word' id='word_1_216' title='bbox 1362 2445 1586 2513; x_wconf 81' lang='grc' dir='ltr'><em>χριστοῦ</em></span> <span class='ocrx_word' id='word_1_217' title='bbox 1616 2437 1788 2510; x_wconf 84' lang='grc' dir='ltr'><em>ἡγου-</em></span> 
     </span>
     <span class='ocr_line' id='line_1_29' title="bbox 179 2520 1787 2596; baseline 0.001 -17"><span class='ocrx_word' id='word_1_218' title='bbox 179 2526 376 2596; x_wconf 90' lang='grc' dir='ltr'><em>μένου,</em></span> <span class='ocrx_word' id='word_1_219' title='bbox 408 2521 510 2581; x_wconf 81' lang='grc' dir='ltr'><em>οὐκ</em></span> <span class='ocrx_word' id='word_1_220' title='bbox 541 2522 711 2582; x_wconf 83' lang='grc' dir='ltr'><em>άλλον</em></span> <span class='ocrx_word' id='word_1_221' title='bbox 742 2526 885 2582; x_wconf 79' lang='grc' dir='ltr'><em>εἶναι</em></span> <span class='ocrx_word' id='word_1_222' title='bbox 915 2531 1011 2582; x_wconf 90' lang='grc' dir='ltr'><em>τοῦ</em></span> <span class='ocrx_word' id='word_1_223' title='bbox 1041 2523 1350 2595; x_wconf 82' lang='grc' dir='ltr'><em>καταλόγου</em></span> <span class='ocrx_word' id='word_1_224' title='bbox 1379 2529 1493 2579; x_wconf 78' lang='grc' dir='ltr'><em>τῶν</em></span> <span class='ocrx_word' id='word_1_225' title='bbox 1522 2521 1657 2594; x_wconf 82' lang='grc' dir='ltr'><em>μετὰ</em></span> <span class='ocrx_word' id='word_1_226' title='bbox 1686 2520 1787 2594; x_wconf 79' lang='grc' dir='ltr'><em>τὴν</em></span> 
     </span>
     <span class='ocr_line' id='line_1_30' title="bbox 0 2598 1788 2682; baseline 0 -18"><span class='ocrx_word' id='word_1_227' title='bbox 0 2598 5 2673; x_wconf 54' lang='grc' dir='ltr'><strong>ᾗ</strong></span> <span class='ocrx_word' id='word_1_228' title='bbox 178 2614 521 2682; x_wconf 88' lang='grc' dir='ltr'><em>προφητείαν</em></span> <span class='ocrx_word' id='word_1_229' title='bbox 560 2611 652 2665; x_wconf 86' lang='grc' dir='ltr'><em>καὶ</em></span> <span class='ocrx_word' id='word_1_230' title='bbox 689 2609 790 2681; x_wconf 83' lang='grc' dir='ltr'><em>τὴν</em></span> <span class='ocrx_word' id='word_1_231' title='bbox 829 2607 936 2666; x_wconf 83' lang='grc' dir='ltr'><em>ἀπὸ</em></span> <span class='ocrx_word' id='word_1_232' title='bbox 968 2611 1304 2680; x_wconf 75' lang='grc' dir='ltr'><em>Βαβυλῶνος</em></span> <span class='ocrx_word' id='word_1_233' title='bbox 1346 2605 1621 2664; x_wconf 87' lang='grc' dir='ltr'><em>ἐπάνοδον</em></span> <span class='ocrx_word' id='word_1_234' title='bbox 1650 2602 1788 2680; x_wconf 81' lang='grc' dir='ltr'><em>ἡγη-</em></span> 
     </span>
    </p>

    <p class='ocr_par' dir='ltr' id='par_1_6' title="bbox 0 2679 1831 2934">
     <span class='ocr_line' id='line_1_31' title="bbox 0 2679 1831 2766; baseline 0 -18"><span class='ocrx_word' id='word_1_235' title='bbox 0 2679 3 2698; x_wconf 49' lang='grc' dir='ltr'>ι</span> <span class='ocrx_word' id='word_1_236' title='bbox 113 2717 154 2748; x_wconf 89' lang='lat'><em>30</em></span> <span class='ocrx_word' id='word_1_237' title='bbox 179 2693 436 2765; x_wconf 86' lang='grc' dir='ltr'><em>σαμένων</em></span> <span class='ocrx_word' id='word_1_238' title='bbox 457 2697 556 2749; x_wconf 86' lang='grc' dir='ltr'><em>τοῦ</em></span> <span class='ocrx_word' id='word_1_239' title='bbox 579 2695 717 2750; x_wconf 85' lang='grc' dir='ltr'><em>λαοῦ</em></span> <span class='ocrx_word' id='word_1_240' title='bbox 738 2690 1057 2766; x_wconf 76' lang='grc' dir='ltr'><em>ἀρχιερέων,</em></span> <span class='ocrx_word' id='word_1_241' title='bbox 1089 2689 1184 2758; x_wconf 78' lang='grc' dir='ltr'><em>οῦς</em></span> <span class='ocrx_word' id='word_1_242' title='bbox 1215 2690 1468 2765; x_wconf 82' lang='grc' dir='ltr'><em>χριστοὺς</em></span> <span class='ocrx_word' id='word_1_243' title='bbox 1494 2697 1622 2757; x_wconf 79' lang='grc' dir='ltr'><em>ἔθος</em></span> <span class='ocrx_word' id='word_1_244' title='bbox 1646 2689 1783 2748; x_wconf 83' lang='grc' dir='ltr'><em>ἀπο-</em></span> <span class='ocrx_word' id='word_1_245' title='bbox 1809 2716 1831 2748; x_wconf 88' lang='lat' dir='ltr'>d</span> 
     </span>
     <span class='ocr_line' id='line_1_32' title="bbox 0 2768 1785 2851; baseline 0 -18"><span class='ocrx_word' id='word_1_246' title='bbox 0 2768 5 2826; x_wconf 59' lang='grc' dir='ltr'>ἱ</span> <span class='ocrx_word' id='word_1_247' title='bbox 179 2783 369 2833; x_wconf 80' lang='grc' dir='ltr'><em>καλεῖν</em></span> <span class='ocrx_word' id='word_1_248' title='bbox 407 2781 473 2850; x_wconf 80' lang='grc' dir='ltr'><em>τῇ</em></span> <span class='ocrx_word' id='word_1_249' title='bbox 514 2779 716 2849; x_wconf 82' lang='grc' dir='ltr'><em>γραφῇ.</em></span> <span class='ocrx_word' id='word_1_250' title='bbox 777 2780 858 2833; x_wconf 83' lang='lat'><em>59.</em></span> <span class='ocrx_word' id='word_1_251' title='bbox 893 2775 1095 2849; x_wconf 86' lang='grc' dir='ltr'><em>μόνους</em></span> <span class='ocrx_word' id='word_1_252' title='bbox 1125 2773 1229 2851; x_wconf 73' lang='grc' dir='ltr'><em>γάρ</em></span> <span class='ocrx_word' id='word_1_253' title='bbox 1272 2774 1500 2842; x_wconf 78' lang='grc' dir='ltr'><em>τούτους</em></span> <span class='ocrx_word' id='word_1_254' title='bbox 1532 2774 1785 2849; x_wconf 81' lang='grc' dir='ltr'><em>καθηγή-</em></span> 
     </span>
     <span class='ocr_line' id='line_1_33' title="bbox 0 2857 1782 2934; baseline 0 -17"><span class='ocrx_word' id='word_1_255' title='bbox 0 2874 5 2892; x_wconf 74' lang='lat'>²</span> <span class='ocrx_word' id='word_1_256' title='bbox 179 2870 387 2918; x_wconf 91' lang='grc' dir='ltr'><em>σασθαι</em></span> <span class='ocrx_word' id='word_1_257' title='bbox 448 2866 547 2918; x_wconf 89' lang='grc' dir='ltr'><em>τοῦ</em></span> <span class='ocrx_word' id='word_1_258' title='bbox 608 2867 839 2933; x_wconf 81' lang='grc' dir='ltr'><em>ἔθνους,</em></span> <span class='ocrx_word' id='word_1_259' title='bbox 892 2857 1230 2934; x_wconf 76' lang='grc' dir='ltr'><em>ἀρξαμένους</em></span> <span class='ocrx_word' id='word_1_260' title='bbox 1291 2858 1398 2918; x_wconf 79' lang='grc' dir='ltr'><em>άπὸ</em></span> <span class='ocrx_word' id='word_1_261' title='bbox 1453 2859 1632 2934; x_wconf 86' lang='grc' dir='ltr'><em>Ἰησοῦ</em></span> <span class='ocrx_word' id='word_1_262' title='bbox 1684 2863 1782 2917; x_wconf 86' lang='grc' dir='ltr'><em>τοῦ</em></span> 
     </span>
    </p>
   </div>
  </div>
 </body>
</html>
