1992 3186
255 114 359 166 418
937 114 1184 155 EUSEBII

254 232 542 304 παρθένου
583 231 846 302 γέννησιν
887 226 1239 301 ὑπογράφειν
1283 228 1722 303 προμαρτύρεται
1762 229 1866 305 τὴν

143 335 234 377 (311)
261 322 337 381 εἰς
369 318 555 371 πᾶσαν
584 312 686 385 τὴν
716 316 822 385 γῆν
850 314 1164 385 μέλλουσαν
1195 318 1424 370 ἔσεσθαι
1453 319 1666 386 γνῶσίν
1695 339 1754 373 τε
1772 318 1865 372 καὶ

259 403 608 469 δοξολογίαν,
651 396 718 453 τά
758 399 1019 471 Σεραφὶμ
1045 395 1301 498 εἰσάγων
1342 402 1655 456 κυκλουντα
1693 397 1865 457 αὐτὸν

253 486 342 540 καὶ
374 481 658 554 φάσκοντα
682 480 833 553 ἅγιος
852 478 1003 553 ἅγιος
1034 478 1187 553 ἅγιος
1218 481 1406 557 κύριος
1426 481 1698 556 Σαβαώθ,
1730 481 1863 556 πλή-

252 591 349 640 ρης
372 569 520 623 πᾶσα
544 562 577 639 ἡ
600 572 670 638 γῆ
693 570 787 637 τῆς
822 563 980 637 δόξης
1013 562 1202 623 αυτοῦ.
1292 571 1338 624 9.
1365 573 1489 623 τίνα
1516 565 1567 622 δ’
1597 564 1666 624 ἂν
1691 578 1775 641 εἴη
1798 566 1863 625 τά
1887 592 1908 625 5

253 653 514 725 Σεραφὶμ
553 648 619 707 τά
657 648 755 707 τὸν
786 649 1025 723 Χριστὸν
1063 653 1163 707 τοῦ
1205 654 1346 708 θεοῦ
1378 656 1800 725 δορυφοροῦντα
1830 649 1864 724 ἢ

249 734 386 808 τάχα
419 744 550 801 ἴσως
580 732 831 806 ἀγγέλων
864 736 955 790 καὶ
985 740 1162 791 θείων
1187 734 1482 808 δυνάμεων
1504 738 1673 809 χοροὶ,
1706 732 1740 808 ἢ
1771 738 1862 793 καὶ

250 823 552 892 προφητῶν
583 821 675 876 καὶ
698 817 1050 887 ἀποστόλων;
1083 818 1445 892 ἑρμηνεύεται
1467 818 1571 892 γάρ
1595 818 1661 876 τά
1685 831 1862 894 Σερα-

250 906 355 976 φὶμ
379 900 559 977 “ἀρχὴ
591 905 854 976 στόματος
889 900 1126 960 αὐτῶν.”
1179 908 1258 961 10.
1281 909 1517 960 τοιοῦτοι
1551 905 1612 960 δὲ
1642 910 1700 962 οί
1725 927 1858 979 προ-

249 993 418 1061 φῆται
449 990 540 1045 καὶ
571 986 883 1060 ἀπόστολοι,
917 979 996 1044 οἷν
1029 985 1120 1044 διὰ
1149 992 1249 1044 τοῦ
1280 986 1546 1061 στόματος
1575 986 1610 1060 ἡ
1642 986 1860 1064 ἀπαρχὴ
1885 1011 1927 1045 ιο

202 1097 224 1129 b
247 1077 442 1145 γέγονε
473 1075 570 1129 τοῦ
601 1079 877 1146 σωτηρίου
908 1070 1284 1146 κηρύγματος,
1319 1070 1404 1129 διὸ
1434 1071 1635 1144 ταύτης
1667 1080 1862 1147 ἔτυχον

247 1161 343 1229 τῆς
386 1163 786 1229 προσηγορίας,
840 1152 912 1223 ὥς
964 1158 1056 1212 καὶ
1095 1161 1194 1213 τοῦ
1235 1154 1400 1228 ἁγίου
1453 1155 1765 1229 πνεύματος
1805 1162 1867 1214 αἱ

251 1240 514 1314 δυνάμεις
554 1244 821 1315 πτέρυγες
853 1237 1269 1313 ὠνομασμέναι,
1311 1240 1377 1296 τὰ
1417 1241 1519 1313 μὲν
1549 1246 1739 1316 πρῶτα
1769 1243 1860 1298 καὶ

247 1326 312 1382 τὰ
341 1324 551 1395 ὕστατα
581 1329 675 1396 τῆς
705 1330 804 1382 τοῦ
834 1329 975 1382 θεοῦ
1007 1323 1174 1396 λόγου
1204 1322 1461 1397 γνώσεως
1495 1324 1860 1398 ἐπικρύπτου-

247 1429 339 1467 σιν
357 1456 371 1483 ,
406 1406 478 1475 ὡς
508 1407 718 1483 ἄρρητα
750 1412 841 1466 καὶ
881 1407 1236 1481 ἀκατάληπτα
1266 1406 1398 1466 ὄντα
1428 1408 1530 1481 τὴν
1557 1409 1763 1483 φύσιν,
1794 1407 1860 1467 τὰ
1884 1434 1924 1466 15

249 1497 308 1551 δὲ
337 1498 476 1567 μέσα
506 1498 603 1566 τῆς
634 1495 760 1567 περὶ
792 1492 964 1550 αὐτοῦ
993 1499 1308 1566 οἰκονομίας
1341 1497 1731 1568 ἐκφαίνουσιν,
1777 1492 1860 1551 ὅτι

248 1578 315 1650 δὴ
356 1577 499 1651 μόνα
538 1578 760 1650 γνωστὰ
799 1581 972 1635 ταῦτα
1002 1576 1323 1649 ἀνθρώπων
1352 1576 1548 1651 φύσει,
1590 1584 1703 1636 τῶν
1735 1581 1860 1635 ἐπέ-

244 1686 400 1720 κεινα
424 1665 515 1720 καὶ
540 1668 650 1719 τῶν
673 1660 807 1735 μετὰ
829 1666 1000 1720 ταῦτα
1028 1664 1086 1719 ἐν
1109 1660 1439 1735 ἀπορρήτοις
1462 1665 1857 1736 σεσιγημένων.

248 1752 327 1804 11.
362 1750 454 1804 καὶ
502 1745 764 1819 δυνάμεις
808 1747 868 1803 δὲ
906 1757 1060 1804 θεῖαι
1098 1749 1191 1803 καὶ
1235 1745 1488 1816 οὐράνιοι
1520 1747 1634 1803 εἷεν
1663 1744 1734 1803 ἀν
1765 1745 1857 1802 διὰ

244 1835 356 1888 τῶν
387 1834 648 1931 Σεραφὶμ
683 1829 1049 1904 δηλούμεναι,
1096 1828 1239 1886 καθὸ
1273 1832 1471 1903 ἑτέρως
1500 1828 1567 1886 τά
1597 1832 1856 1903 Σεραφὶμ
1879 1854 1920 1886 20

197 1950 214 1972 c
247 1914 612 1990 ἑρμηνεύεται
657 1918 979 1988 έμπρησμοί.
1052 1912 1140 1970 διὸ
1182 1912 1427 1985 εἴρηται
1433 1910 1481 1970 ὁ
1523 1919 1699 1971 ποιῶν
1728 1938 1856 1980 τους

244 1998 510 2071 ἀγγέλους
542 1997 716 2055 αὑτοῦ
744 1997 1059 2071 πνεύματα,
1093 1999 1183 2054 καὶ
1215 2021 1342 2064 τους
1366 1997 1723 2072 λειτουργους
1755 2022 1857 2055 αυ-

241 2088 341 2140 τοῦ
372 2082 545 2156 πυρὸς
575 2081 771 2154 φλόγα.
780 2080 810 2101 ”
871 2086 949 2137 12.
985 2080 1283 2154 κεκράγασι
1315 2083 1375 2138 δε
1406 2083 1553 2139 οὑτοι
1588 2086 1680 2140 καὶ
1710 2086 1856 2155 βοῶ-

243 2187 334 2224 σιν
364 2170 546 2240 ε’τερος
575 2190 650 2223 τω
683 2169 849 2241 ἑτέρῳ
890 2190 1024 2222 κατα
1056 2165 1158 2237 τὴν
1187 2171 1400 2223 οἰκείαν
1443 2165 1711 2239 δύναμιν,
1751 2168 1855 2239 τὴν

242 2248 501 2324 ἁγιότητα
530 2254 630 2308 τοῦ
657 2251 1103 2322 θεολογουμένου
1134 2255 1535 2323 παριστῶντες,
1577 2253 1668 2307 καὶ
1699 2249 1760 2310 τό
1789 2273 1853 2322 γε
1875 2272 1918 2304 25

243 2334 470 2392 πάντων
499 2332 943 2408 παραδοξότατον
973 2336 1370 2406 θεολογοῦντες
1390 2378 1404 2405 ,
1435 2332 1517 2390 ὅτι
1550 2332 1617 2406 δὴ
1648 2358 1723 2407 μη
1753 2332 1855 2406 μό-

244 2445 343 2477 νον
375 2417 609 2494 οὐρανός
641 2418 820 2475 καὶτὰ
847 2421 905 2475 ἐν
929 2415 1151 2494 οὐρανῷ
1180 2415 1359 2475 πάντα
1389 2417 1570 2518 πληρη
1581 2416 1854 2519 τυγχάνει

240 2508 336 2575 τῆς
369 2508 687 2576 δοξολογίας
730 2499 929 2575 αυτοῦ,
972 2499 1110 2558 ἀλλά
1150 2504 1243 2559 καὶ
1282 2505 1429 2558 πᾶσα
1465 2498 1498 2574 ἡ
1530 2505 1600 2575 γῆ
1630 2506 1724 2575 τῆς
1755 2526 1852 2558 αυ-

241 2595 335 2660 τῆς
357 2590 582 2662 μετέσχε
618 2587 906 2661 δυνάμεως
931 2586 1021 2643 διὰ
1044 2586 1147 2658 τὴν
1179 2589 1231 2654 ἐξ,
1255 2584 1515 2658 οὐρανῶν
1541 2592 1616 2652 εἰς
1633 2584 1852 2658 ἀνθρώ-

240 2695 379 2738 πους
412 2671 586 2729 αὐτοῦ
615 2673 1020 2745 θεσπιζομένην
1051 2669 1326 2744 κάθοδον,
1372 2668 1442 2743 ἣν
1480 2669 1693 2746 προϊών
1726 2672 1849 2742 ἑξῆς
1871 2693 1913 2724 3ο

353 2866 404 2903 21
439 2864 511 2905 Ps.
539 2866 630 2915 104,
654 2867 692 2904 5.
