1992 3186
245 107 353 160 494
941 104 1187 144 EUSEBH

247 224 386 298 ὁμοῦ
424 221 521 280 τὸν
559 221 816 295 φήσαντα
858 217 1007 297 αὐτῷ
1047 218 1294 294 χρησμὸν
1337 216 1618 292 ((βασιλεῖς
1660 224 1718 278 ἐκ
1760 226 1857 295 τῆς

248 306 456 381 ὀσφύος
487 303 660 363 αὐτοῦ
693 301 1107 372 ἐξελεύσονται”
1143 302 1234 360 διὰ
1254 310 1348 377 τῆς
1371 303 1570 363 τούτου
1595 309 1856 379 διαδοχῆς

248 395 398 458 τέλος
438 389 718 462 λήψεσθαι
758 395 1036 458 θεσπίζει..
1095 387 1376 463 πρόδηλον
1419 387 1523 463 γὰρ
1565 385 1638 456 ὥς
1671 393 1736 455 ἐκ,
1759 395 1855 462 τῆς

200 510 217 531 e
241 475 420 535 Ἰούδα
450 478 630 547 φυλῆς
661 472 721 530 τὸ
752 471 1041 546 βασιλικὸν
1082 476 1320 546 συνέστη
1363 476 1548 545 γένος·
1595 473 1734 546 ὁμοῦ
1764 477 1854 531 καὶ

247 559 341 625 τοὶς
379 563 480 616 τοῦ
524 562 666 616 θεοῦ
706 556 1035 632 προρρήσεις
1076 559 1168 614 καὶ
1205 557 1301 624 τοὶς
1340 562 1453 614 τῶν
1495 560 1679 615 ἐθνῶν
1716 557 1856 616 ὑπο·
1879 583 1900 615 5

247 646 458 717 σχέσεις
496 641 629 700 καθ’
674 638 900 710 ὁποίους
932 639 1288 714 ἐνστήσονται
1328 640 1560 715 χρόνους
1591 648 1856 716 παρίστη-

179 737 181 740 ’
227 747 358 804 ὶσιν,
387 730 440 795 ἐξ
459 723 631 784 αὐτοῦ
655 749 713 783 τε
734 725 1173 799 προελεύσεσθαι
1197 724 1447 783 διδάσκει
1471 725 1568 784 τὸν
1589 730 1859 800 μέλλοντα

137 831 223 873 [228]
250 822 428 870 αἴτιον
472 809 918 883 καταστήσεσθαι
957 815 1092 868 πᾶσι
1129 825 1242 877 τοις
1294 817 1486 868 ἔθνεσι
1525 813 1616 869 καὶ
1658 810 1860 877 πάσαις

248 912 367 964 ταῖς
408 904 613 968 φυλαῖς
652 899 748 968 τῆς
787 899 888 968 γῆς
936 899 1032 968 τῆς
1078 902 1466 969 παραπλησίας
1505 899 1580 972 τῷ
1613 893 1860 968 Ἀβρααμ

251 979 522 1053 εὐλογίας.
572 985 618 1037 8.
653 983 826 1037 ταῦτα
855 981 957 1038 οὐν
988 976 1204 1036 άπαντα
1228 981 1298 1052 ῆν
1319 1003 1386 1036 τα
1417 978 1754 1053 αποκείμενα
1783 982 1862 1056 τῷ
1885 1006 1923 1037 10

241 1064 454 1136 Ἰούδα,
499 1064 711 1137 δηλαδὴ
751 1088 818 1120 τα
858 1062 1026 1121 πάλαι
1071 1066 1562 1141 προθεσπισθέντα
1592 1067 1718 1135 περὶ
1749 1088 1861 1120 των

251 1153 466 1220 ἐθνῶν,
508 1150 600 1206 καὶ
630 1146 689 1205 τὸ
723 1144 753 1168 ‘
764 1155 1009 1220 βασιλεῖς
1043 1150 1103 1205 ἐκ
1131 1152 1226 1220 τῆς
1256 1146 1466 1221 ὀσφύος
1505 1166 1607 1206 σου
1651 1147 1860 1216 ἐξελεύ-

251 1230 497 1291 σονται.”
526 1233 611 1290 διὸ
625 1235 716 1290 καὶ
733 1236 843 1290 τῶν
867 1237 1076 1290 λοιπῶν
1092 1229 1355 1304 άδελφῶν
1370 1234 1692 1308 προκριθεὶς
1707 1238 1861 1304 βασι-

250 1322 403 1390 λικῆς
449 1322 630 1390 φυλῆς
675 1319 767 1374 καὶ
815 1318 1280 1391 διαπρεπεστέρας
1326 1315 1474 1392 παρὰ
1529 1316 1624 1383 τὰς
1669 1315 1861 1382 λοιπάς

202 1401 478 1474 ᾱῆξιώθη.
552 1406 598 1458 9.
643 1399 841 1458 αὐτίκα
884 1404 972 1458 ἐπὶ
1025 1406 1120 1474 τῆς
1174 1400 1468 1470 διατάξεως
1509 1405 1608 1458 τοῦ
1658 1400 1860 1467 παντὸς
1886 1424 1925 1457 15

251 1489 393 1543 λαοῦ
432 1484 569 1542 κατὰ
608 1483 736 1552 τοὺς
780 1488 1031 1552 ,Μωσέως
1078 1484 1310 1560 χρόνους
1354 1482 1616 1558 ἡγεῖσθαι
1655 1484 1862 1557 ταύτην

249 1569 277 1628 ὁ
320 1570 452 1637 θεὸς
491 1572 604 1627 τῶν
646 1574 856 1628 λοιπῶν
896 1576 1095 1640 φυλῶν
1145 1569 1483 1644 προστάττει.
1560 1573 1862 1642 γέγραπται

249 1655 354 1728 γὰρ
387 1651 520 1711 “noel
566 1653 795 1727 ἐλάλησε
833 1652 1020 1728 κύριος
1062 1654 1198 1727 πρὸς
1244 1660 1460 1726 Μωσῆν
1501 1656 1593 1711 καὶ
1630 1651 1859 1726 Ἀαρὼν,

252 1741 449 1811 λέγων,
483 1737 782 1811 ἅνθρωπος
807 1737 1061 1811 ἐχόμενος
1083 1738 1219 1796 κατὰ
1241 1738 1488 1812 τάγματα
1512 1737 1700 1809 αὐτοῦ,
1726 1737 1861 1794 κατὰ

252 1829 518 1896 σημαίας,
551 1822 668 1880 κατ’
705 1832 894 1888 οἴκους
925 1827 1174 1896 πατριῶν
1217 1821 1401 1879 αὐτῶν
1440 1824 1856 1895 παρεμβαλέτω-
1883 1845 1925 1877 20

252 1927 358 1965 σαν
388 1912 445 1964 οἰ
470 1910 584 1964 υἱοὶ
610 1904 824 1979 Ἰσραὴλ
855 1913 1044 1963 ἔναντι
1067 1913 1294 1979 κυρίου,
1328 1904 1514 1982 κύκλῳ
1534 1899 1633 1978 ’τῆς
1658 1910 1862 1978 σκηνῆς

250 1993 350 2048 τοῦ
378 1996 714 2063 μαρτυρίου,
755 1992 846 2046 καὶ
877 1995 935 2046 οἱ
969 1988 1448 2062 παρεμβάλλοντες
1491 1994 1695 2064 πρωτοι
1728 1990 1864 2047 κατὰ

251 2071 539 2146 ἀνατολάς,
571 2072 748 2146 τάγμα
779 2079 1130 2181 παρεμβολῆς
1160 2077 1301 2130 υῖῶν
1325 2070 1520 2146 Ἰούδα,
1553 2073 1659 2132 σὺν
1692 2075 1864 2131 δυνά-

251 2183 340 2232 μει
371 2155 610 2215 αὐτων”
678 2162 758 2215 10.
792 2159 883 2213 καὶ
919 2159 1041 2229 ἑξῆς
1083 2159 1170 2213 ἐπὶ
1211 2182 1323 2214 των
1365 2165 1441 2224 εἰς
1484 2158 1581 2215 τὸν
1623 2161 1862 2230 ἐγκαινι-

252 2241 391 2316 σμὸν
431 2245 526 2314 τῆς
567 2244 774 2314 σκηνῆς
816 2238 1251 2314 αναφερομένων
1282 2240 1444 2299 “effus
1486 2240 1674 2315 κύριος
1725 2241 1860 2314 πρὸς
1884 2264 1925 2297 25

252 2330 491 2400 Μωσῆν,
516 2323 702 2399 άρχων
725 2333 802 2393 εἰς
823 2322 956 2382 καθ’
982 2324 1192 2432 ἡμέραν
1213 2332 1610 2397 προσοίσουσιν
1631 2350 1696 2382 τα
1712 2329 1862 2399 δωρα

254 2409 454 2468 αὑτων.
518 2413 610 2467 καὶ
649 2412 718 2484 ἠν
749 2409 777 2467 ὁ
809 2413 1142 2484 προσφέρων
1171 2414 1237 2485 τῇ
1269 2409 1443 2485 ἡμέρα
1485 2414 1550 2485 τῇ
1582 2408 1771 2485 πρώτῃ
1803 2410 1862 2467 τὸ

255 2499 438 2570 δῶρον
479 2494 651 2552 αὑτοῦ
693 2488 979 2552 Ναασσων
1019 2493 1498 2567 υίὸςἈμιναδαβ,
1541 2492 1726 2567 ἄρχων
1767 2497 1862 2567 τῆς

139 2612 229 2654 (353)
254 2584 435 2653 φυλῆς
469 2576 700 2638 Ἰούδα.”
780 2584 860 2637 11.
895 2583 988 2637 καὶ
1030 2583 1089 2637 ἐν
1127 2584 1194 2653 τῇ
1236 2586 1412 2656 βίβλῳ
1457 2580 1516 2636 δὲ
1554 2583 1651 2636 τοῦ
1686 2574 1864 2650 Ἰησοῦ

253 2667 351 2722 τοῦ
382 2663 548 2736 Ναυῆ
591 2667 685 2736 τῆς
725 2667 824 2737 γῆς
864 2667 959 2737 τῆς
991 2667 1316 2736 ἐπαγγελίας
1357 2662 1542 2739 κλήρῳ
1585 2661 1722 2720 κατά
1750 2664 1862 2719 τῶν
1883 2683 1926 2716 30

371 2857 421 2896 18
453 2857 581 2896 Num.
607 2859 647 2909 2,
672 2859 708 2896 1.
883 2861 936 2899 25
966 2859 1095 2899 Num.
1119 2861 1157 2910 7,
1183 2860 1249 2902 11,
1423 2860 1475 2898 29
1505 2859 1601 2898 Jos.
1628 2858 1692 2897 15.
