1992 3186
250 101 353 153 28ss
919 102 1163 143 EUSEBH

249 223 412 292 τιμοῖν
443 222 723 287 ἐκέλευονς
766 231 895 275 ποῖα
934 217 996 273 δὲ
1025 215 1091 275 τα
1114 219 1237 292 περὶ
1263 222 1356 291 τῆς
1380 216 1857 293 ἀνθρωποθυσίας

249 302 565 376 νενόμιστο;
606 300 908 374 κεφάλαιον
952 299 1056 374 γάρ
1089 301 1157 373 δὴ
1187 308 1348 360 τοῦτο
1387 309 1500 360 τῶν
1531 305 1852 376 εἰρημένων.

250 380 455 460 11.άρά
471 411 580 443 τινι
602 385 881 460 πράγματι
905 388 1199 443 κατέλιπον
1221 387 1419 463 φαύλῳ
1437 384 1663 454 ἀτοπίας
1683 383 1856 459 ὑπερ-

247 470 449 544 βολήν,
485 476 534 526 εἰ
564 474 631 542 δὴ
663 475 720 527 οἱ
746 473 988 543 σωτῆρες
1019 469 1339 543 ἀνθρώπων
1359 478 1490 528 θεοί
1514 496 1572 529 τε
1603 474 1694 528 καὶ
1723 470 1855 543 ἀγα-

245 557 340 612 θοὶ
383 559 642 627 δαίμονες
680 578 807 620 τους
851 556 1029 620 ἱκέτας
1070 553 1257 612 αὐτῶν
1287 558 1378 612 καὶ
1410 554 1657 628 εὐσεβεῖς
1687 552 1902 630 πρόσ-5

246 663 430 711 φυγας
485 637 889 711 κατασφάττειν
941 638 1006 695 τᾶ
1049 641 1263 696 ἑαυτῶν
1309 647 1576 713 φίλτατα,
1621 635 1862 711 ωσπερεί

200 745 219 776 d
245 747 369 780 τινα
409 720 548 780 άλλα
591 725 906 796 θρέμματα,
954 722 1417 797 παρεκελεύοντο,
1465 721 1726 796 άντικρυς
1757 722 1858 782 ἆν-

245 813 547 881 θρωπείων
572 807 819 879 αἱμάτων
841 803 981 882 ὑπὲρ
1006 811 1190 865 πᾶσαν
1212 814 1433 882 θηρίων
1455 806 1628 881 φύσιν
1647 811 1859 874 διψῶν-

243 916 360 964 τες,
392 894 485 948 καὶ
514 889 684 949 οὐδὲν
715 890 848 949 ἄλλο
878 888 911 963 ἢ
937 891 1235 966 αἰμοπότας
1259 895 1352 950 καὶ
1381 889 1857 966 άνθρωποβόρους

244 973 520 1043 άπωλείας
550 1000 609 1033 τε
639 983 838 1048 φίλους
871 976 1013 1034 εἶναι
1037 981 1181 1049 σφᾶς
1206 975 1410 1043 αὐτοὺς
1434 974 1852 1049 άπελέγχοντες·
1879 1003 1920 1034 10

244 1056 278 1131 ἢ
310 1064 510 1133 λεγέτω
542 1056 569 1116 ὁ
602 1059 966 1133 βουλόμενος,
1001 1067 1051 1118 εί
1081 1067 1193 1134 ἔχοι
1223 1059 1427 1135 σεμνόν
1457 1084 1508 1117 τι
1539 1062 1631 1117 καὶ
1661 1057 1855 1133 ἀρετῆς

244 1142 397 1212 άξιον
448 1147 559 1201 τῶν
606 1147 965 1251 δηλουμένων
1017 1148 1311 1217 ἐπιδεῖξαι,
1363 1142 1398 1216 ἢ
1450 1150 1710 1217 μαντείας
1763 1147 1855 1202 καὶ

244 1226 575 1302 προρρήσεις
618 1235 694 1295 είς
735 1232 847 1286 πᾶν
887 1233 1044 1301 γένος
1086 1226 1407 1303 ἀνθρώπων
1438 1227 1855 1300 συντεινούσας,

243 1309 277 1383 ἢ
301 1311 506 1385 νόμους
531 1315 624 1369 καὶ
647 1311 929 1379 πολιτικας
955 1313 1226 1381 διατάξεις
1249 1311 1384 1370 καθ’
1411 1310 1508 1379 οὓς
1533 1318 1671 1385 χρῆν
1695 1318 1858 1384 βιοῦν

242 1395 452 1462 πάντας
483 1392 819 1468 ἀνθρώπους
853 1395 1307 1470 διαγορευούσας,
1339 1394 1373 1469 ἢ
1396 1402 1727 1469 φιλοσοφίας
1762 1395 1857 1453 ὃό-
1880 1421 1919 1454 15

242 1480 421 1554 γματά
438 1503 496 1537 τε
520 1483 610 1537 καὶ
633 1479 931 1554 μαθήματα
956 1481 1092 1556 πρὸς
1115 1485 1226 1540 τεᾶν
1247 1485 1401 1539 θεῶν
1432 1482 1856 1554 προβεβλημένα

241 1578 356 1631 τοῖς
397 1568 649 1638 ἐρασταις
689 1571 1035 1638 φιλοσοφίας.
1116 1571 1195 1624 12.
1231 1562 1356 1623 ἀλλ’
1390 1564 1493 1622 οὐκ
1532 1561 1603 1621 ἂν
1634 1571 1746 1638 έχοι
1775 1589 1857 1632 τις

128 1674 218 1717 (205)
246 1648 420 1722 φάναι
471 1655 721 1706 τοιοῦτον
773 1671 993 1707 πωποτε
1044 1646 1335 1759 υπῆρχθαι
1382 1673 1458 1706 τω
1499 1655 1603 1725 βίω
1646 1653 1706 1705 ἐκ
1743 1673 1857 1705 των

242 1732 589 1806 περιβοήτων
630 1740 1002 1841 χρηστηρίων
1065 1740 1115 1791 εί
1153 1733 1257 1807 γάρ
1299 1735 1369 1806 ἠν
1409 1737 1610 1802 ταῦτα,
1651 1756 1754 1788 ουκ
1783 1729 1854 1789 ἂν

244 1816 532 1890 διαφόροις
564 1816 862 1891 ἐχρήσαντο
887 1819 977 1874 καὶ
1001 1820 1328 1891 μαχομένοις
1350 1817 1538 1889 νόμοις
1562 1814 1852 1889 ἄνθρωποι
1876 1842 1916 1873 20

239 1899 348 1958 ὑπὸ
390 1906 544 1960 θεῶν
587 1900 1068 1974 νομοθετούμενοι.
1144 1906 1225 1958 13.
1259 1902 1384 1958 θεοὶ
1425 1899 1528 1973 γὰρ
1568 1897 1723 1965 ὄντες
1762 1902 1854 1958 καὶ

241 1983 447 2055 ἀγαθοὶ
489 1991 607 2051 πῶς
646 2008 749 2041 ουκ
790 1981 861 2042 ἂν
901 1999 1014 2051 τοῖς
1056 1981 1241 2051 αυτοῖς
1290 1984 1589 2058 ἐχρήσαντο
1635 1984 1854 2056 διατάγ-

241 2085 399 2140 μασι;
453 2089 568 2133 πως
610 2065 666 2123 δ’
700 2066 840 2168 01’2225
875 2083 995 2135 ταις
1049 2067 1299 2143 σωφροσι
1351 2071 1443 2125 καὶ
1486 2067 1853 2135 δικαιοτάταις

241 2158 625 2224 νομοθεσίαις;
657 2159 742 2217 τίς
772 2176 877 2209 ουν
907 2156 1001 2225 τῆς
1033 2153 1320 2225 Σόλωνος,
1371 2177 1405 2224 η
1438 2150 1784 2225 Δράκοντος,
1818 2147 1851 2224 ἢ

239 2240 351 2293 τῶν
402 2233 587 2292 ἄλλων
637 2232 959 2309 ἀνθρώπων
984 2235 1246 2310 Ἐλλησίν
1296 2260 1354 2293 τε
1406 2238 1498 2292 καὶ
1549 2235 1849 2309 βαρβάροις
1873 2260 1915 2292 25

240 2324 561 2393 νομοθετων
591 2327 746 2392 χρεία
778 2321 875 2392 ἠν,
907 2323 1060 2378 θεων
1093 2319 1256 2394 ἐγγυς
1287 2318 1608 2394 παρόντων,
1634 2322 1726 2376 καὶ
1759 2319 1850 2376 δια

239 2428 352 2461 των
381 2421 641 2478 χρησμων
677 2408 1115 2478 διαταττομένων
1145 2403 1211 2462 τὰ
1241 2406 1462 2472 δέοντα;
1499 2407 1578 2459 14
1615 2409 1666 2460 εἰ
1687 2403 1749 2460 δε
1781 2403 1850 2475 δὴ

124 2513 216 2555 [130]
241 2494 380 2561 φαίη
432 2512 513 2554 τις
554 2484 756 2555 αὐτοὺς
796 2491 888 2545 καὶ
931 2487 1059 2546 οὐδ’
1110 2487 1310 2554 ἄλλους
1355 2487 1497 2544 εἶναι
1539 2486 1667 2553 τοὺς
1707 2485 1846 2545 καθ’

187 2600 209 2631 b
242 2574 473 2629 ἕκαστον
498 2577 663 2639 ἔθνος
687 2571 1008 2645 ἀνθρώπων
1030 2575 1490 2646 νομοθετοῦντας,
1522 2573 1614 2628 καὶ
1633 2578 1714 2638 τίς
1744 2563 1850 2645 οἶρα

242 2658 451 2722 ἐκεῖνος
481 2658 573 2712 καὶ
603 2656 845 2722 ποταπὸς
878 2656 1080 2714 εἰπάτω
1110 2654 1271 2727 θεὸς,
1316 2654 1344 2712 ὁ
1377 2653 1662 2727 Σκύθαις,
1694 2658 1848 2728 φέρε,
1871 2680 1912 2712 30

239 2736 702 2812 άνθρωποβορεϊν
746 2739 1164 2813 διαταξάμενος,
1206 2736 1239 2811 ἢ
1281 2735 1308 2795 ὁ
1341 2739 1612 2812 μητράσιν
1645 2741 1848 2811 ἑτέροις

240 2824 331 2878 καὶ
373 2822 686 2894 θυγατράσι
727 2830 1036 2896 μίγνυσθαι
1078 2821 1486 2896 νομοθετήσας,
1540 2818 1574 2894 ἢ
1613 2822 1641 2880 ὁ
1684 2825 1849 2880 κυσὶν
