1992 3186
253 136 361 188 390
928 137 1175 178 EUSEBII

255 251 445 324 λαβών
489 263 709 355 θεωρεῖ.
792 256 876 308 252.
922 253 1068 324 λέγει
1109 251 1176 324 δὴ
1209 245 1310 310 οὖν
1343 250 1473 310 “nal
1516 253 1756 329 ἐξήγειρε
1793 252 1859 312 τὰ

256 339 539 409 Χερουβὶμ
578 336 672 401 τὰς
713 338 986 444 πτέρυγας
1027 334 1238 410 αὐτῶν,
1294 339 1386 394 καὶ
1426 343 1484 395 οἱ
1516 340 1698 412 τροχοὶ
1739 337 1861 412 ἐχό-

255 444 410 493 μενοι
441 419 657 492 αὐτῶν,
691 422 781 476 καὶ
811 416 845 492 ἡ
880 418 1009 500 δόξα
1038 425 1179 478 θεοῦ
1202 419 1418 496 Ἰσραὴλ
1447 414 1520 494 ἦν
1552 421 1634 479 ἐπ’
1673 421 1860 489 αὐτοῖς

255 502 514 576 ὑπερανω
546 502 762 577 αὐτῶν,
795 506 885 560 καὶ
917 503 1090 577 ἀνέβη
1130 501 1164 577 ἡ
1197 505 1328 574 δόξα
1369 513 1569 607 κυρίου
1601 510 1660 564 ἐκ
1688 509 1860 580 μέσου

253 591 350 658 τῆς
380 586 618 660 πόλεως,
663 590 754 645 καὶ
796 595 923 661 ἔστη
967 591 1057 646 ἐπὶ
1088 594 1185 646 τοῦ
1230 588 1395 662 ὅρους
1436 588 1467 647 ὃ
1495 591 1566 662 ἠν
1595 588 1861 648 ἀπέναντι
1882 613 1902 646 5

253 675 349 743 τῆς
392 670 617 739 πόλεως.
631 669 663 690 ”
729 677 813 730 23.
847 695 982 747 οπερ
1025 675 1138 730 ἐστὶ
1189 676 1283 730 καὶ
1319 671 1497 740 ἄλλως
1541 673 1676 748 πρὸς
1715 676 1862 742 λέξιν

253 753 391 827 ὁρᾶν
421 758 856 829 πεπληρωμένον
889 759 1052 814 εἰσέτι
1083 760 1174 814 καὶ
1206 757 1466 831 σήμερον,
1498 762 1611 837 τῶν
1637 763 1714 823 εἰς
1731 766 1861 831 Χρι-

254 838 387 897 στὸν
425 839 872 898 πεπιστευκότων
910 837 1172 899 ἁπάντων
1203 841 1556 915 πανταχόθεν
1593 846 1693 914 γῆς
1724 859 1864 900 συν-

252 923 591 998 τρεχόντων,
632 949 732 998 ουχ
763 949 835 990 ως
866 923 1034 982 πάλαι
1078 929 1172 997 τῆς
1204 925 1339 983 κατὰ
1383 924 1485 998 τὴν
1506 925 1861 1001 Ἰερουσαλὴμ

253 1005 483 1080 ἀγλαΐας
516 1012 708 1081 ἕνεκα,
742 1006 868 1066 ουδ’
904 1027 1044 1068 ωστε
1074 1014 1456 1084 προσκυνῆσαι
1497 1013 1556 1068 ἐν
1584 1034 1661 1067 τω
1691 1009 1860 1067 πάλαι
1886 1033 1924 1064 10

207 1115 231 1148 d
253 1095 558 1149 συνεστῶτι
592 1095 679 1149 ἐπὶ
709 1097 803 1165 τῆς
827 1089 1183 1167 Ἰερουσαλὴμ
1214 1093 1527 1167 ἁγιασματι,
1566 1091 1863 1152 καταλύειν

255 1177 316 1232 δε
349 1178 539 1233 ε’νεκεν
569 1181 812 1248 ἱστορίας
842 1200 900 1234 τε
929 1173 1069 1250 ὁμοῦ
1095 1181 1190 1249 τῆς
1222 1202 1358 1235 κατα
1386 1176 1488 1251 τὴν
1519 1184 1862 1250 προφητείαν

253 1255 508 1327 ἁλώσεως
548 1263 639 1317 καὶ
682 1264 905 1334 ἐρημίας
945 1264 1039 1334 τῆς
1077 1257 1460 1334 Ἰερουσαλὴμ,
1502 1264 1592 1318 καὶ
1633 1266 1728 1333 τῆς
1772 1263 1861 1318 ἐπὶ

252 1342 311 1400 τὸ
342 1341 468 1416 ὅρος
498 1347 610 1402 τῶν
643 1348 843 1402 ἐλαιῶν
880 1344 940 1402 τὸ
981 1347 1270 1402 κατέναντι
1294 1341 1647 1420 Ἰερουσαλὴμ
1690 1364 1864 1421 προσ-

251 1427 564 1501 κυνήσεως,
598 1434 739 1485 ἔνθα
769 1427 802 1500 ἡ
832 1427 961 1497 δόξα
995 1436 1192 1503 κυρίου
1224 1432 1454 1502 μετέστη
1488 1437 1864 1499 καταλείψασα
1884 1451 1926 1484 15

252 1509 353 1583 τὴν
392 1515 667 1586 προτέραν
706 1511 883 1570 πόλιν.
959 1520 1196 1586 ἔστησαν
1238 1515 1298 1571 δὲ
1339 1512 1564 1586 ἀληθῶς
1604 1511 1863 1570 καὶκατὰ

252 1595 356 1667 τὴν
387 1595 684 1671 πρόχειρον
715 1598 807 1653 καὶ
841 1595 1013 1671 ρητήν
1046 1597 1303 1670 διήγησιν
1334 1602 1390 1654 οι
1429 1597 1594 1663 πόδες
1633 1604 1731 1654 τοῦ
1763 1622 1864 1654 κυ-

253 1686 378 1751 ρίου
409 1682 501 1736 καὶ
542 1684 785 1755 σωτῆρος
825 1677 1008 1754 ἡμῶν,
1051 1679 1225 1738 αυτοῦ
1266 1681 1334 1754 δὴ
1374 1687 1472 1738 τοῦ
1500 1686 1641 1739 θεοῦ
1671 1679 1858 1753 λόγου,

255 1762 327 1819 δι’
365 1756 431 1820 οὗ
460 1761 764 1837 ἀνείληφεν
794 1764 1156 1840 ἀνθρωπείου
1187 1764 1426 1835 σκήνους
1459 1767 1547 1822 ἐπὶ
1571 1768 1670 1822 τοῦ
1697 1763 1862 1838 ὅρους

251 1871 364 1905 των
405 1850 604 1906 ἐλαιων
645 1847 780 1923 πρὸς
825 1873 900 1906 τω
951 1846 1150 1907 αυτόθι
1199 1851 1541 1923 δεικνυμένω
1587 1854 1926 1920 σπηλαίω,εο

255 1930 558 2005 εὐξαμένου
589 1956 648 1989 τε
679 1935 770 1989 καὶ
801 1948 915 2000 τοῖς
946 1936 1146 1990 ἑαυτοῦ
1161 1943 1436 2005 μαθηταῖς
1455 1935 1544 1990 ε’πὶ
1565 1937 1661 2004 τῆς
1686 1929 1862 2002 ἀκρω-

255 2021 406 2087 ρείας
436 2020 532 2072 τοῦ
564 2019 675 2072 τῶν
718 2020 919 2075 ἐλαιῶν
958 2015 1121 2090 ὅρους
1166 2015 1231 2073 vo}
1262 2019 1387 2090 περὶ
1416 2020 1511 2088 τῆς
1543 2023 1862 2082 συντελείας

253 2097 528 2171 μυστήρια
560 2099 1037 2173 παραδεδωκότος,
1072 2103 1339 2158 ἐντεῦθέν
1370 2124 1430 2157 τε
1458 2100 1560 2173 τὴν
1591 2106 1667 2166 εἰς
1698 2098 1861 2171 οὐρα-

143 2206 230 2248 [179]
255 2179 386 2248 νούς
417 2179 621 2239 ἄνοδον
651 2186 1044 2256 πεποιημένου,
1077 2183 1151 2251 ὡς
1180 2181 1209 2241 ὁ
1230 2190 1448 2251 Λουκᾶς
1481 2187 1541 2241 ἐν
1570 2197 1688 2250 ταῖς
1705 2181 1863 2257 Πρά-

140 2293 234 2333 (289)
259 2269 374 2334 ξεσι
415 2269 526 2323 τῶν
567 2264 892 2324 ἀποστόλων
932 2265 1182 2324 διδάσκει
1213 2267 1445 2340 φάσκων
1482 2266 1564 2324 ὅτι
1596 2266 1665 2339 δὴ
1699 2270 1758 2324 ἐν
1787 2271 1862 2342 τῷ
1884 2288 1926 2320 25

254 2355 367 2407 τῶν
398 2354 600 2407 ἐλαιῶν
628 2348 743 2423 ὄρει
774 2349 1180 2423 συμπαρόντων
1211 2348 1358 2427 αὐτῷ
1398 2354 1510 2407 τῶν
1541 2348 1863 2407 ἀποστόλων

248 2430 277 2453 “
286 2434 609 2506 βλεπόντων
634 2431 819 2492 αὐτῶν
844 2433 1080 2507 ἐπήρθη,
1113 2436 1203 2491 καὶ
1229 2437 1433 2507 νεφέλη
1455 2433 1736 2505 ὑπέλαβεν
1766 2431 1863 2489 αὐ-

254 2516 350 2575 τὸν
380 2515 488 2576 ἀπὸ
518 2524 631 2576 τῶν
669 2517 981 2592 ὀφθαλμοῖν
1020 2516 1259 2575 αυτῶν.”
1323 2522 1406 2575 24.
1442 2519 1533 2575 καὶ
1567 2516 1640 2584 ὦς
1679 2514 1866 2574 ἀτενί-

258 2609 437 2670 ζοντες
467 2595 610 2675 ἦσαν
642 2609 720 2669 εἰς
749 2602 846 2661 τὸν
875 2601 1115 2675 οὐρανὸν
1146 2605 1523 2676 πορευομένου
1547 2599 1740 2672 αὐτοῦ,
1772 2601 1864 2657 καὶ

260 2683 385 2742 ἰδού
427 2686 627 2760 ἄνδρες
672 2685 771 2745 δύο
812 2685 1272 2761 παρειστήκεισαν
1313 2685 1500 2753 αὐτοῖς
1553 2688 1612 2743 ἐν
1662 2688 1862 2756 ἐσθῆσι
1883 2706 1925 2738 30

374 2881 388 2917 1
428 2879 507 2921 EZ.
533 2881 598 2929 11,
623 2881 690 2922 22.
866 2881 918 2919 27
951 2879 1050 2922 Act.
1077 2881 1114 2930 1,
1140 2881 1163 2919 9
