1946 3158
576 104 886 147 DEMONST.
917 103 1137 146 EVANG.
1169 105 1205 144 Ι.
1237 107 1277 145 3.
1672 103 1740 156 21

124 221 262 280 “ἐάν
304 223 364 279 δε
408 219 557 294 ψυχὴ
605 218 816 293 ἀκούσῃ
864 218 1063 294 φωνὴν
1103 216 1401 295 ὁρκισμοῦ,
1454 223 1546 278 καὶ
1586 245 1744 288 ουτος
1766 243 1812 285 (4)

132 305 340 407 μάρτυς
380 303 414 379 ἢ
446 304 716 379 ἑώρακεν,
759 301 792 377 ἢ
834 303 1126 378 σύνοιδεν,
1174 302 1270 362 ε’ἀν
1310 303 1384 378 μὴ
1415 303 1744 380 ἀπαγγείλῃ,

134 390 367 464 λήψεται
396 391 498 463 τὴν
528 386 819 464 ἁμαρτίαν
829 386 861 408 '’

1214 500 1226 521 2
1275 497 1299 519 'ss

268 509 341 562 Τί
365 497 468 560 οὖν
499 501 603 577 χρὴ
642 505 839 559 τοῦτον
877 516 1058 560 ποιεῖν
1108 498 1210 559 ἀλλ
1264 527 1299 575 η
1335 500 1593 574 λαβόντα
1609 502 1745 576 μετά

90 600 316 662 5χεῖρας
360 586 420 644 τὸ
468 592 672 659 ἱερεῖον
716 584 985 644 σπεύδειν
1038 589 1127 644 ε’πὶ
1171 586 1238 643 τὰ
1282 586 1591 660 καθάρσια;
1637 592 1746 645 ποῦ

133 672 301 730 πάλιν
330 669 449 729 ἀλλ’
487 668 520 745 ἢ
553 675 614 729 ἐν
643 674 720 748 τῷ
748 669 898 747 τόπῳ
930 663 998 728 οὗ
1036 670 1305 744 σφάζουσι
1335 671 1402 728 τὰ
1432 670 1747 730 ὁλοκαυτώ-

132 781 301 830 ματα;
342 761 426 814 31..
461 758 552 814 καὶ
591 763 780 829 τρίτον
818 754 986 813 πάλιν
1022 754 1238 829 “ψυχὴ,
1282 758 1485 829 φησὶν,
1527 755 1645 830 ἥτις
1675 754 1746 814 ἂν

133 839 337 914 ἅψηται
367 841 572 908 παντὸς
602 838 919 914 πράγματος
949 835 1301 913 ἀκαθάρτου,
1333 836 1368 913 ἢ
1399 845 1513 898 τῶν
1543 851 1749 915 θνησι-

133 933 313 999 μαίων
354 930 466 984 τῶν
505 927 724 998 κτηνῶν
755 928 867 981 τῶν
911 923 1275 1000 ἀκαθάρτων,
1323 927 1415 982 καὶ
1459 923 1603 999 λάβῃ
1644 923 1743 983 ἀπ’

70 1034 111 1066 10
134 1009 331 1084 αὐτοῦ,
362 1013 455 1067 καὶ
485 1008 648 1077 αὐτὸς
672 1014 984 1083 μεμίανται,
1016 1012 1108 1066 καὶ
1135 1009 1517 1085 πλημμελήσῃ,
1551 1007 1582 1083 ἢ
1608 1007 1748 1083 ἅψη-

132 1119 221 1153 ται
260 1092 610 1167 ἀκαθαρσίας
649 1092 987 1167 ἀνθρώπου,
1032 1091 1138 1151 ἀπὸ
1182 1093 1359 1167 πάσης
1399 1093 1749 1168 ἀκαθαρσίας

121 1177 308 1246 αὐτοῦ
337 1173 400 1254 ἧς
440 1177 510 1238 ἂν
548 1178 830 1253 ἁψάμενος
870 1183 1115 1254 μιανθῇ,
1170 1182 1262 1236 καὶ
1309 1186 1516 1237 ἔλαθεν
1557 1177 1745 1253 αὐτὸν,

132 1265 266 1338 μετὰ
287 1268 447 1323 τοῦτο
480 1261 535 1322 δ’
570 1270 712 1337 ἔγνω
744 1266 836 1320 καὶ
868 1260 1296 1339 πλημμελήσῃ.”

262 1380 345 1433 32.
387 1382 457 1434 Τί
483 1375 552 1449 δὴ
597 1369 700 1434 οὖν
744 1379 837 1433 καὶ
880 1375 977 1435 τὸν
1021 1377 1334 1450 μιανθέντα
1364 1396 1646 1451 προσηκον
1676 1402 1748 1451 ην

457 1459 470 1480 9
517 1456 541 1477 Ἱὶ
576 1459 588 1479 2

73 1483 113 1516 15
137 1475 320 1519 ποιεῖν
351 1457 452 1517 ἀλλ
508 1485 541 1533 η
561 1463 816 1518 απαντᾶν
850 1459 1018 1519 πάλιν
1051 1465 1111 1518 ἐν
1140 1465 1216 1539 τῷ
1246 1460 1426 1563 τόπῳ,
1459 1464 1552 1519 καὶ
1575 1481 1750 1536 προσ-

135 1546 346 1647 φέρειν
385 1547 513 1619 περι
563 1548 659 1618 τῆς
709 1540 977 1619 ἁμαρτίας
1020 1541 1193 1602 αὐτοῦ
1245 1546 1310 1618 ἦς
1352 1544 1558 1621 ἥμαρτε
1597 1551 1749 1619 θῆλυ

135 1627 242 1686 ἀπὸ
273 1632 386 1687 τῶν
415 1627 738 1702 προβάτων,
771 1654 804 1702 η
836 1627 1089 1702 ἀμνάδα,
1122 1654 1156 1702 η
1186 1635 1449 1704 χίμαιραν
1474 1633 1526 1697 ἐξ
1553 1634 1748 1704 αἰγων,

135 1715 262 1787 περὶ
304 1709 600 1786 άμαρτίας;
642 1717 724 1770 33.
759 1709 787 1770 ὁ
822 1712 872 1770 δ’
910 1711 1075 1781 αὐτὸς
1104 1706 1176 1787 ἦν
1204 1713 1371 1787 νόμος
1401 1716 1494 1771 καὶ
1527 1716 1614 1771 ε’πὶ
1646 1729 1750 1784 ψυ-

136 1802 232 1872 χῆς
263 1794 300 1869 ἢ
329 1793 399 1856 ἂν
428 1796 603 1872 ὀμόσῃ
637 1799 1036 1856 διαστέλλουσα
1065 1812 1179 1864 τοῖς
1218 1804 1422 1871 χείλεσι
1452 1803 1752 1872 κακοποιῆ-

71 1907 112 1939 20
137 1903 229 1940 σαι
259 1878 293 1956 ἢ
324 1886 504 1950 καλῶς
544 1886 770 1955 ποιῆσαι
810 1881 947 1940 κατὰ
987 1880 1168 1940 πάντα
1209 1881 1312 1940 ὅσα
1352 1878 1423 1940 ἂν
1467 1888 1750 1958 διαστείλῃ

135 1965 436 2040 ἅνθρωπος
464 1965 596 2042 μεθ’
629 1965 798 2043 ὅρκου
823 1969 915 2024 καὶ
937 1966 1086 2042 λάθῃ
1114 1965 1303 2040 αὐτὸν,
1326 1969 1418 2025 καὶ
1442 1961 1600 2035 οὗτος
1633 1972 1751 2045 γνῷ

135 2054 228 2109 καὶ
259 2050 473 2127 ἁμάρτῃ
506 2055 568 2110 ἕν
597 2076 649 2109 τι
679 2051 910 2124 τούτων,
944 2054 1035 2109 καὶ
1068 2051 1403 2128 ἐξαγορεύσῃ
1433 2051 1536 2126 τὴν
1566 2053 1750 2127 ἁμαρ-

136 2143 262 2194 τίαν
293 2139 419 2211 περὶ
443 2128 507 2210 ἧς
530 2133 764 2212 ἥμαρτε,
798 2139 889 2194 καὶ
914 2129 1071 2204 οὗτος
1098 2141 1264 2209 δῆτα,
1298 2139 1492 2210 φησὶν,
1523 2137 1583 2195 τὸ
1616 2135 1750 2195 αὐτὸ

137 2220 327 2294 λαβὼν
361 2225 564 2294 ιερειον
595 2223 881 2279 σπευδέτω
915 2225 975 2278 ἐν
1004 2246 1080 2299 τῳ
1110 2220 1290 2299 τόπῳ,
1322 2225 1414 2279 καὶ
1447 2220 1749 2290 ε’ξιλάσεται

74 2328 115 2360 25
139 2309 266 2387 περὶ
297 2302 470 2362 αὐτοῦ
513 2301 542 2362 ὁ
591 2310 771 2380 ιερευς
816 2307 942 2382 περὶ
971 2310 1068 2379 τῆς
1098 2304 1365 2381 ἁμαρτίας
1411 2303 1611 2378 αὐτοῦ,
1658 2309 1750 2364 και

634 2386 763 2409 συθ(

137 2387 482 2463 ἀφεθήσεται
505 2387 652 2467 αύτῳ
678 2415 711 2463 η
735 2396 989 2465 αμαρτία.
1034 2394 1116 2448 34.
1135 2393 1227 2448 καὶ
1258 2389 1422 2458 άλλος
1444 2392 1593 2464 παρὰ
1621 2390 1750 2457 τοὺς

140 2477 463 2548 εἰρημένους
504 2473 668 2548 νόμος
710 2467 822 2532 ωδέ
847 2497 923 2548 πη
956 2471 1233 2550 διορίζει“
1243 2475 1392 2549 ψυχὴ
1423 2500 1456 2547 η
1499 2472 1569 2532 άν
1599 2473 1747 2550 λάθῃ
1769 2499 1815 2542 [5]

140 2556 308 2616 αὐτὸν
348 2557 528 2633 λήθῃ,
568 2562 661 2616 καὶ
700 2555 915 2635 ἁμάρτῃ
956 2556 1229 2626 ἀκουσίως
1274 2559 1381 2617 ἀπὸ
1421 2562 1532 2616 τῶν
1571 2557 1750 2632 ἁγίων

138 2649 367 2717 κυρίου,
414 2647 506 2701 καὶ
552 2649 779 2702 εἰσοίσει
824 2641 982 2716 κριὸν
1026 2648 1122 2716 τῆς
1164 2649 1536 2717 πλημμελείας
1577 2640 1749 2702 αὐτοῦ

253 2867 278 2905 6
309 2863 461 2908 Levit.
483 2866 521 2916 5,
546 2867 585 2908 2.
761 2867 813 2905 27
845 2865 996 2906 Levit.
1022 2867 1059 2915 5,
1087 2867 1153 2908 15.

1774 1202 1796 1233 b
