1992 3186
591 134 900 176 DEMONST.
929 132 1148 176 EVANG.
1173 133 1302 174 VIII.
1329 135 1370 176 4.
1680 132 1782 185 557
1835 159 1838 163 ·

177 262 290 318 τοῖς
328 247 430 323 τὴν
460 247 820 324 Ἰερουσαλὴμ
860 251 1163 322 πολεμοῦσι
1202 247 1539 324 παρετάξατο
1580 252 1641 306 ἐν
1681 247 1784 306 αὖ-
1810 273 1897 316 [257]

179 349 323 405 τοῖς;
354 329 388 406 ἢ
419 332 552 391 πότε
583 341 820 406 ἔστησαν
850 357 903 390 οι
891 332 1092 400 πόδες
1118 330 1288 391 αὐτοῦ
1314 334 1402 390 ἐπὶ
1426 331 1486 390 τὸ
1515 330 1641 439 ὅρος
1672 335 1784 392 τῶν

182 422 410 488 ἐλαιῶν;
443 415 477 490 ἢ
507 416 639 475 πότε
669 420 862 491 γέγονε
894 416 1094 524 κύριος,
1117 424 1195 484 εἰς
1218 419 1448 490 βασιλέα
1480 420 1569 475 ἐπὶ
1600 420 1784 476 πᾶσαν
1812 442 1832 474 b

177 501 278 576 τὴν
301 506 436 606 γῆν,
467 499 633 569 αὐτός
657 526 715 559 τε
747 499 826 569 εἷς
848 501 1035 576 κύριος
1069 504 1156 558 ἐπὶ
1180 524 1389 569 παντας
1421 500 1782 578 ἀνθρώπους,

134 612 155 645 5
178 589 271 646 καὶ
310 586 370 645 τὸ
388 585 575 661 ὄνομα
607 586 778 644 αὐτοῦ
811 590 892 659 ἓν,
929 591 1174 644 κυκλοῦν
1204 590 1389 644 πᾶσαν
1419 610 1524 659 την
1554 592 1662 660 γῆν
1691 589 1784 644 καὶ

175 671 278 746 τὴν
319 677 551 772 ἕρημον;
602 674 774 729 ταῦτα
815 695 920 745 γαρ
971 668 1092 727 οὐδ’
1155 668 1353 728 ἄλλοτέ
1389 693 1474 728 πω
1516 670 1785 746 πρότερον

179 762 293 830 ἔχοι
343 753 414 814 ἄν
454 781 534 824 τις
578 762 654 824 εἰς
694 757 862 830 πέρας
905 758 1078 823 δεῖξαι
1119 752 1363 828 ἀχθέντα
1402 750 1436 828 ἢ
1478 755 1615 812 κατὰ
1656 779 1784 821 τους

164 839 452 913 Ρωμαίων
506 839 766 914 χρόνους,
820 836 955 897 καθ’
1006 836 1102 906 οὓς
1155 839 1476 914 ἐμπρησμὸν
1522 836 1785 913 ὑπέμεινε

178 924 442 1000 δεύτερον
480 949 614 999 μετα
654 922 750 981 τὸν
779 920 889 980 ὑπὸ
921 929 1306 996 Βαβυλωνίων
1335 920 1363 981 5
1405 947 1543 991 νεως
1576 923 1782 997 αὐτων,

114 1035 155 1066 10
178 1008 215 1082 ἤ
243 1033 303 1066 τε
332 1008 488 1076 πόλις
520 1011 573 1076 ἐξ
607 1011 825 1066 ἐκείνου
856 1010 946 1065 καὶ
980 1014 1058 1075 εἰς
1103 1011 1268 1083 δεῦρο
1307 1004 1416 1066 ὑπὸ
1448 1007 1784 1082 αλλοφύλων

178 1096 364 1151 ἐθνῶν
404 1103 825 1151 κατοικισθεῖσα
864 1098 1183 1150 δείκνυταα
1234 1097 1318 1150 25.
1360 1090 1450 1150 ὅτε
1493 1095 1583 1149 καὶ
1624 1090 1652 1150 5
1685 1093 1787 1150 κύ-

177 1201 293 1253 ριος
331 1176 489 1251 ἡμῶν
522 1174 728 1250 Ἰησοῦς
771 1174 798 1234 5
845 1177 1080 1251 Χριστὸς
1130 1181 1229 1236 τοῦ
1266 1180 1407 1235 θεοῦ
1445 1175 1543 1244 τοὶς
1579 1183 1784 1245 οἰκείας
1809 1212 1826 1234 e

179 1267 413 1320 ἐποιεῖτο
447 1260 731 1337 διατριβὰς
766 1264 854 1319 ἐπὶ
883 1268 980 1319 τοῦ
1007 1266 1268 1329 ἐλαιῶνος
1298 1265 1397 1320 τοῦ
1419 1260 1784 1338 κατάντικρυς

176 1353 273 1419 τῆς
297 1343 654 1421 Ἰερουσαλὴμ
685 1345 878 1420 ὄρους,
906 1349 1307 1421 πληρουμένου
1346 1350 1444 1404 τοῦ
1475 1345 1784 1420 φάσκοντος

114 1458 156 1490 15
180 1429 347 1504 λόγου
394 1426 525 1488 “καὶ
563 1429 856 1504 στήσονται
903 1435 959 1489 οἱ
1001 1432 1168 1499 πόδες
1211 1428 1384 1488 αὐτοῦ
1431 1434 1519 1488 ἐπὶ
1559 1431 1618 1488 τὸ
1657 1430 1783 1507 ὅρος

174 1519 286 1572 τῶν
328 1517 529 1572 ἐλαιῶν
581 1514 641 1573 τὸ
682 1518 972 1574 κατέναντι
1009 1512 1428 1590 Ἰερουσαλήμ,”
1474 1513 1624 1572 τοῦτ’
1669 1524 1784 1574 ἔστι

176 1602 277 1657 τοῦ
305 1605 610 1672 θεοσεβοῦς
652 1599 1046 1673 πολιτεύματος
1088 1597 1222 1657 καθ’
1263 1598 1393 1671 ὅλης
1432 1601 1526 1672 τῆς
1557 1596 1785 1672 ἀνθρώ-

178 1707 300 1741 πων
330 1687 656 1758 οἰκουμένης
697 1683 1266 1758 ἆνοικοδομηθέντος,
1313 1682 1492 1740 πάντα
1524 1683 1590 1740 τὰ
1622 1691 1782 1758 ἔθνη,

177 1766 315 1825 κατα
345 1766 447 1841 τὴν
477 1776 855 1842 προφητείαν,
902 1767 1003 1841 τὴν
1046 1767 1242 1842 ἑορτὴν
1282 1772 1376 1840 τῆς
1409 1776 1783 1841 σκηνοπηγίας

114 1879 156 1912 20
181 1855 240 1911 ἐν
270 1855 436 1910 παντὶ
464 1851 614 1930 τόπῳ
645 1858 720 1930 τῷ
761 1856 880 1930 θεῷ
918 1857 1030 1910 τῶν
1069 1859 1372 1950 προφητῶν
1403 1860 1781 1927 πανηγυρίζει,

179 1935 482 2010 Αἰγύπτιοί
505 1960 564 1995 τε
596 1941 649 2006 ἐξ
683 1942 899 1995 ἐκείνου
931 1938 1028 1995 τὸν
1058 1961 1170 1994 των
1193 1935 1341 1994 ὅλων
1364 1934 1502 1994 θεὸν
1529 1938 1783 2010 ἐπιγνόν-

179 2044 266 2087 τες
296 2019 391 2087 τάς
438 2020 645 2095 σκηνὰς
686 2021 875 2080 αὑτων
917 2020 1003 2094 ἐφ’
1055 2025 1286 2094 εκαστης
1318 2020 1527 2089 πόλεως
1559 2025 1650 2079 καὶ
1681 2047 1782 2095 χω-

180 2129 277 2178 ρας
318 2105 716 2180 κατεπήξαντο
762 2107 876 2164 εἷεν
920 2106 969 2164 δ’
1019 2131 1089 2164 αν
1130 2106 1293 2163 αὗται
1334 2111 1396 2163 αἱ
1431 2104 1568 2163 κατὰ
1614 2105 1783 2165 τόπον
1807 2130 1829 2162 d

180 2193 462 2264 ἐκκλησίαι
493 2195 591 2248 τοῦ
625 2195 884 2266 Χριστοῦ.
946 2195 1030 2248 26.
1062 2189 1264 2258 ταύτας
1296 2214 1400 2264 γαρ
1432 2190 1575 2248 πολὺ
1605 2198 1780 2265 κρείτ·

117 2300 158 2334 25
179 2298 307 2342 τους
337 2279 449 2332 τῶν
479 2273 626 2349 παρὰ
656 2284 861 2333 Μωσεῖ
888 2281 1110 2348 σκηνῶν
1149 2274 1183 2347 ἡ
1225 2279 1324 2332 τοῦ
1353 2279 1596 2349 σωτῆρος
1626 2275 1784 2349 ἡμῶν

173 2357 356 2432 Ἰησοῦ
395 2363 637 2432 Χριστοῦ
678 2359 913 2434 δύναμις
953 2359 1086 2417 καθ’
1135 2359 1264 2432 ὅλης
1306 2359 1648 2431 συνεπήξατο
1687 2366 1784 2431 τῆς

181 2439 503 2516 ἀνθρώπων
533 2446 859 2518 οἰκουμένης
904 2450 981 2510 εἰς
1020 2446 1080 2501 τὸ
1122 2450 1234 2501 πᾶν
1273 2446 1429 2515 γένος
1461 2442 1783 2516 ἀνθρώπων

181 2527 273 2581 καὶ
304 2524 483 2583 πάντα
513 2527 579 2583 τὰ
611 2533 750 2600 ἔθνη
775 2534 1150 2600 σκηνοπηγίας
1185 2526 1382 2599 ἑορτὴν
1409 2533 1483 2603 τῷ
1518 2529 1605 2584 ἐπὶ
1641 2526 1783 2586 πάν-

182 2633 295 2667 των
345 2613 464 2686 θεῷ
516 2614 801 2669 ἐπιτελεῖν.
883 2616 966 2668 27.
1013 2609 1104 2669 ὅτε
1144 2616 1335 2669 τοίνυν
1375 2613 1466 2669 καὶ
1505 2615 1678 2670 ταῦτα
1717 2612 1783 2670 τὰ

122 2721 164 2753 30
186 2691 464 2766 πρόπαλαι
495 2708 607 2760 τοῖς
648 2701 839 2754 ἔθνεσι
871 2697 1427 2769 προαναφωνηθέντα
1469 2694 1606 2754 καθ’
1641 2695 1782 2771 ἡμᾶς

186 2776 388 2844 αὐτοὺς
419 2774 636 2852 ὁρῶμεν
675 2778 775 2853 τὴν
817 2786 1046 2852 ἔκβασιν
1077 2778 1447 2853 ἀπειληφότα,
1491 2780 1557 2838 τά
1597 2807 1654 2840 τε
1684 2785 1785 2840 τοῦ

183 2860 405 2936 θρήνου
450 2866 537 2920 καὶ
580 2866 678 2921 τοῦ
707 2871 942 2922 κοπετοῦ
972 2880 1090 2934 ταῖς
1122 2873 1325 2939 φυλαῖς
1363 2870 1463 2924 τοῦ
1496 2864 1784 2926 Ἰουδαίων
