1992 3186
258 146 364 200 564
943 145 1192 187 EUSEBH

259 269 494 321 ἔσεσθαί
521 285 652 320 ποτε
683 263 775 318 καὶ
804 259 906 333 τὴν
938 266 1015 327 εἰς
1038 257 1368 319 τούναντίον
1390 265 1502 319 τῶν
1531 261 1870 338 πραγμάτων

261 345 572 420 μεταβολὴν
612 344 750 402 κατὰ
803 344 997 418 καιρὸν
1036 341 1064 402 ὁ
1108 343 1338 419 Βαλαὰμ
1378 353 1629 416 θεσπίζει
1691 348 1869 420 λέγων

253 430 551 489 “ἆνατελεῖ
571 428 775 503 ἄστρον
807 433 860 498 ἐξ
886 426 1099 503 Ἰακώβ,
1131 431 1222 486 καὶ
1247 428 1611 503 ἀναστήσεται
1641 429 1869 506 άνθρω-

260 538 358 581 πος
414 517 466 583 ἐξ
511 511 757 588 Ἰσραὴλ,
790 516 881 571 καὶ
920 513 1159 588 θραύσει
1191 512 1464 587 ἡγεμόνας
1497 513 1751 588 Μωάβ”
1819 521 1865 572 7.

264 598 397 656 ὡσεὶ
429 596 770 674 σαφέστερον
824 604 977 672 ἔλεγε
1018 598 1146 668 τοὺς
1176 597 1699 672 μεγαλαυχήσαντας
1729 597 1867 658 κατὰ
1890 623 1911 656 5

257 689 356 740 τοῦ
381 682 601 759 Ἰσραὴλ
634 689 902 757 δαίμονας
933 686 1051 740 τῶν
1082 682 1406 755 Μωαβιτῶν
1439 685 1526 740 ἐπὶ
1557 686 1623 758 τῇ
1655 686 1869 756 γενέσει

256 770 356 825 τοῦ
395 769 888 843 προφητευομένου
935 771 1185 840 θραῦσίν
1230 790 1361 825 ποτε
1393 769 1482 824 καὶ
1523 785 1735 826 πτωσιν
1763 790 1871 825 πα-

145 879 232 919 (419)
257 862 415 925 θεῖν,
471 877 550 911 ων
593 854 1004 928 θραυσθέντων
1043 851 1174 918 τοῦς
1199 876 1357 919 υιους
1403 849 1535 924 Σὴθ
1576 854 1666 909 καὶ
1690 850 1869 926 Ἐδωμ

258 939 348 994 καὶ
384 935 559 994 Ἠσαῦ
618 939 709 994 καὶ
764 961 830 994 τα
879 934 1043 994 λοιπα
1083 943 1253 1010 ἔθνη,
1313 961 1347 992 α
1393 936 1483 993 διὰ
1524 935 1737 994 τούτων
1777 953 1870 1010 ση-

256 1027 559 1095 μαίνεσθαι
606 1021 869 1096 ἡγοῦμαι,
910 1020 976 1078 τὰ
1015 1019 1186 1078 πάλαι
1226 1023 1760 1094 καταδεδουλωμένα
1801 1023 1869 1095 τῇ
1892 1045 1933 1077 10

261 1108 556 1180 δαιμονικῇ
598 1104 813 1180 πλάνῃ,
867 1103 1247 1178 μεταβαλόντα
1300 1107 1395 1177 τῆς
1438 1109 1873 1179 δεισιδαιμονίας

258 1195 436 1248 οἰκεια
486 1192 587 1248 τοῦ
637 1192 1038 1263 θεσπιζομένου
1095 1188 1448 1262 γενήσεσθαι.
1554 1185 1667 1246 καὶ
1721 1194 1872 1246 ἔσται

258 1271 392 1347 γαρ”
426 1277 600 1348 φησὶν
621 1271 833 1348 “Ἐδωμ
857 1281 1212 1348 κληρονομία,
1245 1275 1335 1330 καὶ
1361 1278 1512 1332 ἔσται
1535 1280 1873 1347 κληρονομία

251 1357 430 1416 Ἠσαῦ
458 1355 486 1415 ὁ
502 1360 719 1467 ἐχθρὸς
752 1356 939 1416 αὐτοῦ.
950 1357 980 1378 ”
1048 1363 1094 1416 8.
1129 1362 1186 1415 οι
1212 1382 1316 1460 γαρ
1349 1356 1517 1414 πάλαι
1551 1358 1742 1432 ἐχθροὶ
1773 1360 1872 1415 τοῦ

256 1445 399 1502 θεοῦ
428 1444 519 1499 καὶ
551 1446 647 1500 τοῦ
671 1441 916 1550 Ἰσραὴλ,
960 1445 1127 1516 φησὶ,
1170 1440 1499 1516 γενήσονται
1530 1447 1868 1517 κληρονομία
1895 1467 1934 1499 15

255 1533 354 1585 τοῦ
386 1530 891 1602 προφητευομένου.
955 1523 1119 1594 αὐτὸς
1160 1551 1264 1601 γαρ
1308 1527 1379 1599 ἠν
1419 1551 1462 1583 ω
1506 1536 1689 1601 εἴρητο
1735 1525 1871 1600 πρὸς

256 1615 354 1669 τοῦ
385 1615 525 1669 θεοῦ
555 1614 646 1669 καὶ
678 1609 882 1688 πατρὸς
913 1608 1086 1669 αὐτοῦ
1117 1607 1374 1684 “αό’τησαι
1405 1609 1534 1685 παρ’
1574 1614 1708 1685 ἐμοῦ
1728 1656 1743 1684 ,
1778 1613 1871 1668 καὶ

262 1694 422 1753 δωσω
469 1716 555 1753 σοι
598 1704 739 1770 ἔθνη
770 1695 873 1770 τὴν
903 1703 1277 1770 κληρονομίαν
1317 1692 1458 1753 σου.’
1539 1719 1621 1752 ων
1654 1701 1731 1762 εἰς
1775 1695 1873 1753 τὸν

219 1807 241 1840 b
266 1784 472 1854 κλῆρον
495 1804 606 1838 των
636 1779 813 1854 αγίων
844 1780 1234 1854 μεταστάντων
1267 1777 1532 1837 τάναντία
1555 1803 1629 1835 τω
1655 1777 1868 1851 Ἰσραὴλ

151 1893 238 1935 [261]
264 1871 492 1922 ἔσεσθαι
516 1873 781 1935 θεσπίζει.
817 1870 862 1923 9.
897 1867 1032 1938 φησὶ
1059 1868 1199 1938 γοῦν
1215 1859 1343 1920 “nal
1367 1861 1584 1936 Ἰσραὴλ
1610 1866 1870 1938 ἐποίησεν
1893 1886 1934 1918 20

264 1952 324 2006 ἐν
356 1947 558 2022 ἰσχύϊ.”
623 1946 650 2006 ὁ
697 1950 758 2006 δὲ
791 1953 1048 2020 ἐποίησεν
1091 1952 1150 2005 ἐν
1193 1946 1344 2020 ἰσχύι·
1382 1944 1484 2018 τὴν
1525 1944 1749 2004 πάντων
1779 1970 1870 2020 με-

263 2039 460 2104 γίστην
499 2031 784 2104 ἀσέβειαν·
831 2030 916 2088 διὸ
950 2029 1367 2106 ἐξεγερθήσεται
1407 2027 1505 2087 ἀπ’
1552 2028 1737 2088 αὐτῶν
1778 2034 1869 2088 καὶ

267 2114 703 2187 ἐξαναστήσεται.
779 2119 859 2172 10.
904 2121 985 2181 τίς
1031 2108 1189 2181 οὗτος
1242 2111 1275 2187 ἢ
1315 2113 1343 2172 ὁ
1387 2113 1870 2189 προφητευόμενος

264 2203 363 2257 τοῦ
394 2205 533 2257 θεοῦ
566 2198 755 2273 λόγος,
796 2197 856 2266 ὃς
899 2201 988 2256 καὶ
1032 2197 1286 2256 ἀπώλεσε
1318 2197 1627 2271 σωζόμενον
1669 2203 1728 2256 ἐκ
1770 2198 1872 2256 πό-

265 2292 430 2353 λεως;
473 2283 623 2357 οἶμαι
668 2285 728 2341 δὲ
767 2283 868 2356 τὴν
892 2279 1247 2358 Ἰερουσαλὴμ
1293 2288 1665 2355 αἰνίττεσθαι,
1711 2286 1762 2350 ἐξ
1803 2275 1869 2355 ἧς
1893 2305 1934 2338 25
1991 2294 1992 2311 ³

266 2364 435 2424 ὤλετο
466 2370 571 2435 πᾶς
603 2367 934 2442 σωζόμενος,
979 2365 1012 2440 ἢ
1043 2370 1136 2425 καὶ
1175 2368 1234 2424 τὸ
1266 2371 1377 2424 πᾶν
1406 2369 1506 2424 τοῦ
1536 2373 1738 2434 ἔθνους
1770 2364 1872 2424 αῦ-

217 2491 235 2513 0
265 2457 377 2509 τῶν
429 2458 746 2526 πολίτευμα.
830 2455 1004 2509 ταῦτα
1058 2452 1118 2509 δὲ
1169 2447 1365 2509 ὁποίου
1416 2453 1605 2519 τέλους
1658 2458 1868 2526 ἔτυχεν,

266 2532 404 2609 ὁμοῦ
437 2540 504 2611 τῇ
533 2542 631 2594 τοῦ
663 2543 908 2610 σωτῆρος
939 2535 1097 2611 ἡμῶν
1129 2541 1205 2602 εἰς
1235 2533 1574 2610 ἀνθρώπους
1609 2534 1871 2608 ἐκλάμψει

265 2626 377 2677 τῶν
416 2621 519 2693 μὲν
560 2623 694 2696 πρὶν
737 2623 1152 2696 εἰδωλολατρῶν
1204 2624 1389 2678 ἐθνῶν
1432 2626 1508 2688 είς
1546 2619 1644 2678 τὸν
1684 2616 1870 2676 αὐτῶν

266 2703 653 2775 μεταστάντων
695 2709 928 2781 κλῆρον,
970 2710 1067 2763 τοῦ
1109 2706 1170 2762 δὲ
1207 2701 1492 2763 Ἰουδαίων
1533 2711 1736 2771 ἔθνους
1777 2706 1868 2760 καὶ
1892 2726 1932 2758 30

383 2898 433 2938 17
463 2897 538 2938 Ps.
564 2901 603 2949 2,
628 2900 666 2939 8.
