1992 3186
246 123 351 177 426
928 125 1174 167 EUSEBH

253 239 380 315 ου’χὶ
411 244 502 298 καὶ
532 244 644 298 τῶν
673 239 810 314 πρὸς
840 238 936 308 οὓς
967 238 995 296 ὁ
1027 239 1214 312 λόγος,
1253 239 1350 299 τὸν
1394 241 1740 316 κοπούμενον
1771 248 1863 302 καὶ

258 329 347 384 ἐπὶ
377 324 472 384 τὸν
501 326 691 396 ἀγῶνα
722 322 1110 398 ἀποδυόμενον
1140 340 1470 398 προσεῖπεν,
1511 325 1614 384 οὐκ
1652 325 1720 384 ἂν
1752 330 1862 402 φή-

258 429 356 478 σας
397 409 536 467 θεόν
574 435 683 482 μου
731 407 828 467 τὸν
870 412 958 466 ἐπὶ
1001 408 1226 468 πάντων
1265 409 1404 468 θεὸν
1457 414 1516 468 έν
1558 408 1862 486 Ἰουδαίοις,

254 491 386 567 παρ’
428 491 509 560 οἷς
552 497 610 550 ἐκ
649 497 903 566 πατέρων
941 492 1001 551 τὸ
1043 496 1170 564 περὶ
1208 492 1304 550 τὸν
1342 499 1454 551 τῶν
1495 494 1720 553 πάντων
1761 503 1862 598 δη-

142 601 231 642 (317)
252 602 520 650 μιουργον
569 578 707 638 θεὸν
757 581 922 652 σέβας
968 576 1313 650 ἐφυλάττετο.
1403 583 1487 636 36.
1547 587 1629 645 τίς
1683 578 1736 636 δ’
1767 579 1904 638 ἆνῡ

255 672 338 734 εἰη
369 687 397 719 ο
429 661 582 735 ἄγων
613 666 703 722 καὶ
737 661 945 738 μόχθος
987 659 1020 736 ἢ
1068 658 1096 719 ὁ
1128 661 1294 728 κόπος
1325 667 1422 719 τοῦ
1453 669 1864 738 προφητευομέ-

253 770 356 803 νου
387 754 526 804 θεοῦ
532 743 598 819 ,ἢ
637 749 697 806 τὸ
742 756 818 815 εἰς
859 745 1180 820 ἀνθρώπων
1210 750 1431 818 γένεσιν
1465 751 1682 820 ἐλθεῖν,
1724 749 1861 806 κατὰ

252 833 355 905 μὲν
394 828 535 905 ἡμᾶς
575 836 668 890 καὶ
708 833 810 905 τὴν
858 837 970 889 τῶν
1024 829 1404 904 ἑβδομήκοντα
1452 834 1750 905 ἑρμηνείαν
1803 838 1862 891 ἐκ

252 918 542 989 παρθένου
579 917 962 992 γεννώμενον,
1005 939 1140 972 κατα
1182 915 1243 971 δε
1284 915 1386 988 τὴν
1417 919 1524 973 νῦν
1554 939 1702 989 παρα
1728 914 1862 975 Ἰου-

255 1007 431 1068 δαίοις
472 1005 788 1076 φερομένην
840 1005 899 1058 ἐκ
948 998 1231 1068 νεάνιδος;
1281 998 1462 1074 εὕροις
1510 999 1559 1056 δ’
1604 997 1674 1059 ἂν
1713 1025 1861 1075 παρα
1887 1027 1926 1056 10

254 1094 459 1143 Μωσεῖ
505 1088 597 1143 καὶ
656 1085 757 1160 τὴν
814 1085 1266 1159 ομολογουμένως
1326 1087 1607 1157 παρθένον
1671 1092 1864 1144 νεᾶνιν

140 1189 228 1231 [196]
253 1174 806 1244 προσηγορευμένην,
837 1170 938 1242 τὴν
969 1173 1106 1240 γοῦν
1147 1169 1313 1244 ἑτέρῳ
1353 1172 1862 1242 μεμνηστευμένην,

251 1253 351 1326 ὑφ’
416 1256 605 1326 ἑτέρου
665 1257 728 1313 δὲ
788 1254 1223 1326 ἐκβεβιασμένην
1273 1251 1449 1328 τούτῳ
1502 1255 1733 1324 κέκληκε
1787 1257 1864 1330 τῷ

253 1337 612 1411 προσρήματι.
704 1344 787 1396 37.
849 1337 988 1395 ἀλλὰ
1037 1339 1128 1392 καὶ
1178 1334 1206 1392 ὁ
1262 1339 1321 1393 ἐκ
1371 1342 1466 1408 τῆς
1520 1339 1862 1410 δηλουμένης

203 1441 224 1473 b
251 1423 654 1496 τεχθησόμενος
678 1422 1026 1497 Ἐμμανουὴλ
1056 1428 1276 1494 μείζονα
1316 1416 1350 1492 ἢ
1382 1420 1518 1478 κατὰ
1548 1420 1644 1478 τὸν
1675 1421 1862 1480 κοινὸν
1886 1447 1926 1479 15

250 1505 556 1581 ἄνθρωπον
588 1511 903 1580 ἐπιφέρεται
936 1505 1204 1578 δύναμιν,
1251 1503 1605 1578 ἐκλεγόμενος
1635 1505 1695 1562 τὸ
1725 1505 1865 1578 ἀγα-

250 1590 359 1648 θὸν
398 1593 533 1665 πρὶν
572 1588 606 1664 ἢ
645 1596 857 1665 γνῶναι
902 1589 1144 1663 πονηρὰ,
1195 1591 1287 1646 καὶ
1328 1586 1583 1647 ἀπειθῶν
1623 1597 1862 1664 πονηρία

250 1678 349 1731 τοῦ
381 1677 708 1743 ἐκλέξασθαι
739 1676 798 1734 τὸ
830 1674 1072 1748 ἀγαθόν·
1128 1676 1220 1730 καὶ
1251 1678 1422 1730 ταῦτα
1452 1673 1555 1731 οὐκ
1587 1678 1646 1731 ἐν
1674 1679 1740 1748 τῇ
1765 1679 1862 1732 τοῦ

249 1755 454 1833 ἀνδρὸς
496 1757 711 1836 ἡλικία,
765 1759 885 1817 ἀλλ’
939 1763 998 1816 ἐν
1042 1764 1108 1832 τῇ
1153 1764 1251 1814 τοῦ
1296 1763 1538 1815 παιδίου.
1628 1763 1710 1815 38.
1775 1759 1860 1815 διὸ

251 1843 509 1915 ei'pvqtocc‘
515 1842 671 1919 ‘wQZv
700 1842 734 1918 ἢ
764 1848 974 1917 γνῶναι
1004 1841 1063 1900 τὸ
1094 1847 1319 1898 παιδίον
1357 1838 1573 1912 άγαθὸν
1603 1837 1637 1913 ἢ
1669 1842 1859 1915 κακὸν,
1883 1867 1925 1898 20

248 1926 474 1984 ἀπειθεῖ
505 1937 747 2003 πονηρία
777 1932 876 1985 τοῦ
910 1929 1238 1992 ἐκλέξασθαι
1267 1923 1327 1981 τὸ
1359 1923 1610 1996 άγαθόν”
1621 1969 1636 1997 ,
1671 1923 1746 1982 δι’
1782 1928 1861 1984 ὠν

249 2017 529 2078 παντελῶς
559 2011 618 2068 τὸ
649 2016 744 2084 τῆς
774 2017 968 2077 κακίας
999 2008 1229 2082 ἄπειρον
1258 2012 1358 2066 τοῦ
1384 2011 1729 2082 δηλουμένου
1753 2033 1861 2067 πα-

249 2101 513 2166 ρίσταται
562 2093 700 2152 ἀλλα
731 2097 822 2151 καὶ
854 2101 1139 2168 κρείττονα
1170 2089 1203 2165 ἢ
1235 2117 1371 2150 κατα
1400 2091 1707 2166 άνθρωπον
1731 2093 1859 2152 ἐπά-

206 2200 400 2249 ογεται
449 2176 550 2250 τὴν
590 2183 914 2252 ἐπωνυμίαν
963 2176 990 2235 ὁ
1031 2174 1163 2250 μεθ’
1207 2173 1365 2250 ἡμῶν
1403 2176 1671 2250 υπάρχων
1709 2177 1858 2245 θεός.

248 2265 330 2318 39.
382 2262 468 2319 διὸ
499 2266 589 2320 καὶ
619 2263 679 2320 τὸ
710 2266 837 2336 περὶ
867 2259 1042 2320 αὐτοῦ
1070 2275 1298 2333 σημεῖον
1320 2260 1496 2332 βάθος
1522 2264 1733 2333 ἐλέγετο
1757 2284 1856 2318 πε-
1879 2286 1920 2318 25

250 2347 479 2418 ριέχειν,
519 2343 657 2420 ὁμοῦ
702 2349 764 2405 δὲ
807 2349 898 2404 καὶ
929 2344 1094 2415 ὕψος·
1142 2344 1319 2417 βάθος
1349 2346 1450 2416 μὲν
1502 2345 1593 2401 διὰ
1633 2343 1737 2417 τὴν
1779 2352 1858 2413 εἰς

248 2428 586 2499 ἀνθρώπους
631 2431 904 2504 κάθοδον,
946 2427 981 2503 ἦ
1022 2431 1114 2487 καὶ
1151 2428 1253 2500 τὴν
1283 2431 1439 2501 μέχρι
1468 2427 1719 2486 θανάτου
1750 2452 1858 2486 πα-

249 2521 512 2587 ρουσίαν,
571 2514 712 2584 ὕψος
759 2518 820 2574 δὲ
865 2514 956 2573 διὰ
993 2512 1096 2587 τὴν
1149 2519 1350 2570 ἔνθεον
1395 2516 1456 2569 ἐκ
1504 2516 1603 2570 τοῦ
1641 2511 1857 2585 βάθους

247 2594 783 2673 ἀποκατάστασιν,
759 2625 792 2672 η
837 2598 929 2657 δια
969 2598 1072 2670 τὴν
1100 2603 1194 2670 τῆς
1228 2598 1428 2654 ἐνθέου
1460 2596 1856 2671 προῦπάρξεως

1167 2679 1179 2699 Ὶ
1241 2676 1263 2697 ’Ν

248 2679 426 2738 αὐτοῦ
453 2691 769 2756 θεολογίαν.
857 2688 941 2740 40.
1003 2688 1082 2749 τίς
1129 2686 1162 2738 δ
1231 2705 1301 2738 αν
1346 2691 1430 2753 εἴη
1475 2680 1503 2738 ὁ
1533 2679 1661 2753 μεθ’
1698 2680 1855 2754 ἡμῶν
1877 2707 1918 2738 30

365 2873 415 2910 11
449 2874 587 2914 Dent.
610 2878 677 2926 22,
705 2878 755 2917 19
779 2890 904 2930 seqq.
