1992 3186
251 124 357 177 478
935 123 1182 167 EUSEBII

254 237 460 312 αὐτοῦ,
493 242 586 297 καὶ
617 236 1157 312 ἐνευλογηθήσονται
1188 241 1250 296 ἐν
1278 235 1429 316 αὐτῷ
1459 245 1629 299 πᾶσαι
1659 245 1721 298 αἱ
1746 265 1865 314 φυ-

253 326 345 381 λαὶ
373 329 472 395 τῆς
500 326 628 395 γῆς,
659 320 842 380 πάντα
869 322 937 380 τὰ
966 327 1109 394 ἔθνη
1137 326 1505 397 μακαριοῦσιν
1534 320 1759 382 αὖτόν.”

377 412 462 464 21,
487 404 709 479 Ἐπειδὴ
748 408 1051 481 γέγραπται
1091 411 1169 473 εἰς
1197 411 1506 480 Σολομῶνα
1543 404 1574 465 ὁ
1611 406 1856 482 Ψαλμὸς,

250 490 277 547 6
308 494 523 563 πρῶτος
560 494 659 547 τοῦ
697 493 931 564 Ψαλμοῦ
970 495 1151 563 στίχος
1197 497 1274 558 εἰς
1305 489 1475 548 αὐτὸν
1504 489 1856 567 ἀναφέροιτο,

249 572 314 630 τοὶ
348 574 410 631 δὲ
440 572 682 647 ἑπόμενα
711 573 892 632 πάντα
925 580 1002 640 είς
1024 573 1121 632 τὸν
1142 574 1269 632 υἱὸν
1282 578 1635 648 Σολομῶνος,
1665 573 1731 634 οὐ
1761 574 1857 636 τὸν
1878 601 1904 634 5

242 654 499 732 Ῥοβοὰμ,
532 654 592 724 ὃς
621 655 739 731 μετ’
774 656 943 717 αὐτὸν
975 661 1300 730 ἐβασίλευσε
1326 662 1429 716 τοῦ
1452 657 1686 732 Ἰσραὴλ,
1718 657 1858 718 ἀλλὰ

246 740 344 799 τὸν
384 745 442 799 ἐκ
483 745 789 816 σπέρματος
830 739 1004 800 αὐτοῦ
1043 741 1180 800 κατὰ
1222 741 1400 816 σάρκα
1429 741 1732 816 γενόμενον
1760 742 1858 803 τὸν

247 826 490 899 Χριστὸν
528 830 626 884 τοῦ
662 830 819 884 θεοῦ.
889 831 974 884 22.
1007 825 1090 884 ὅτι
1128 826 1233 901 γὰρ
1265 826 1370 884 οὐκ
1412 829 1503 884 ἐπὶ
1539 824 1638 884 τὸν
1675 835 1865 886 Zolo-

246 915 423 983 μῶνα,
454 908 586 968 οὐδὲ
618 912 708 967 ἐπὶ
725 909 824 968 τόν
853 908 1053 969 τούτου
1079 909 1339 984 διάδοχον
1360 909 1664 984 ἀναφέρειν
1689 916 1865 969 δυνα-.

197 1028 214 1051 e
245 991 342 1052 τὸν
370 993 438 1051 τὰ
470 998 532 1052 ἐν
559 997 638 1070 τῷ
674 998 886 1071 Ψαλμῷ
919 993 1010 1052 διὰ
1038 994 1106 1051 τὰ
1134 997 1261 1067 περὶ
1293 994 1466 1052 αὐτοῦ
1499 997 1856 1069 δεδηλωμένα
1879 1021 1923 1054 ιο

244 1083 351 1143 πᾶς
390 1074 418 1135 6
459 1078 533 1151 μὴ
570 1075 972 1187 ἀνεπιστήμων
1001 1083 1114 1135 τῶν
1143 1084 1322 1136 θείων
1360 1077 1690 1185 ὁμολογήσει
1718 1103 1860 1154 γρα-

245 1185 386 1233 φων.
448 1159 588 1218 ἀλλά
618 1165 712 1219 καὶ
740 1167 858 1230 πῶς
887 1159 1008 1220 οἷόν
1037 1186 1096 1220 τε
1122 1164 1212 1220 ἐπὶ
1241 1165 1550 1236 Σολομωνα
1572 1159 1606 1234 ἢ
1638 1164 1728 1219 ἐπὶ
1758 1161 1856 1221 τὸν

244 1243 444 1302 τούτου
473 1243 604 1303 νίὸν
626 1242 855 1319 Ροβοάμ
895 1244 1262 1320 ἐκλαμβάνειν
1299 1270 1366 1303 τα
1389 1245 1744 1348 ἐμφερόμενα
1776 1245 1849 1303 δι’

244 1327 378 1386 ὅλου
401 1335 502 1387 τοῦ
521 1333 780 1402 Ψαλμοῦ;
812 1328 933 1388 οἷον
953 1326 1043 1388 τὸ
1049 1326 1490 1403 κατακυριεύσει
1513 1328 1620 1388 ἀπὸ
1644 1329 1854 1387 θαλάσ-

244 1430 344 1485 σης
384 1415 485 1480 ἕως
526 1413 842 1486 θαλάσσης,
885 1417 978 1471 καὶ
1016 1412 1124 1471 ἀπὸ
1164 1417 1412 1487 ποταμοῦ
1452 1417 1555 1481 ἕως
1597 1412 1854 1488 περάτων
1877 1438 1918 1472 15

242 1499 337 1568 τῆς
377 1495 758 1570 οἰκουμένης.”
832 1500 924 1554 καὶ
972 1496 1032 1555 τὸ
1063 1494 1522 1572 “συμπαραμενεῑ
1569 1501 1647 1573 τῷ
1694 1494 1853 1575 ἡλίῳ,

242 1581 335 1636 καὶ
374 1580 480 1653 πρὸ
522 1585 618 1653 τῆς
661 1580 896 1654 σελήνης
926 1585 1119 1654 γενεᾶς
1150 1578 1419 1654 γενεῶν,”
1461 1583 1554 1638 καὶ
1583 1580 1685 1638 ὅσα
1715 1579 1854 1639 ἄλλα

241 1662 456 1730 τούτοις
494 1661 655 1737 ὅμοια
698 1667 1016 1738 ἐπιλέγεται.
1097 1670 1182 1724 23.
1226 1663 1417 1739 διόπερ
1467 1665 1853 1737 ἀβασανίστως

241 1745 553 1821 αποδοθείη
593 1744 663 1806 ὅὶν
701 1745 731 1806 6
775 1774 879 1823 μεν
918 1748 1151 1822 φάσκων
1200 1753 1261 1807 ἐν
1301 1747 1442 1823 ἀρχῇ
1480 1753 1583 1806 τοῦ
1618 1755 1853 1821 Ψαλμοῦ

241 1830 401 1903 λόγος
424 1828 491 1889 “6
521 1831 652 1899 θεὸς
682 1832 741 1890 τὸ
773 1841 941 1907 κρίμα
966 1852 1074 1935 ec5ov
1097 1857 1172 1890 τω
1197 1840 1420 1905 βασιλεῖ
1449 1830 1596 1904 δός,”
1633 1829 1721 1889 ἐπ’
1755 1829 1851 1889 αὖ·
1874 1858 1915 1890 20

194 1915 337 1973 ιτὸν
368 1918 923 1990 ἐκεῖνονΣολομωνα
955 1915 984 1973 6
1018 1919 1287 1988 ἐπιλέγων
1313 1911 1427 1972 δε“
1434 1918 1526 1972 καὶ
1543 1915 1644 1988 τὴν
1677 1921 1850 1974 δικαι-

241 1997 454 2070 οσύνην
495 2016 598 2056 σου
635 2003 714 2074 τῷ
752 2004 857 2076 υἱῷ
897 2003 996 2056 τοῦ
1037 1996 1365 2072 βασιλέως,”
1413 2002 1502 2056 ἐπὶ
1540 1998 1637 2058 τὸν
1675 2008 1850 2059 Σολο-

240 2084 420 2154 μῶνος
451 2080 595 2154 υἱὸν,
628 2081 693 2138 οὐ
723 2082 823 2139 τὸν
846 2081 1195 2156 πρωτότοκον
1219 2087 1434 2142 ἐκεῖνον
1461 2084 1557 2140 τὸν
1589 2083 1851 2157 διάδοχον

241 2163 413 2222 αὐτοῦ
443 2168 538 2237 τῆς
569 2171 851 2238 βασιλείας
880 2165 1183 2240 γενόμενον
1214 2164 1365 2240 (οὐδ’
1398 2164 1545 2234 ὅλοις
1575 2165 1680 2239 γὰρ
1712 2171 1849 2226 ἐκεῖ·

239 2273 334 2315 νος
375 2251 743 2307 ἑπτακαίδεκα
782 2256 927 2308 ἔτεσι
965 2249 1140 2323 μόνου
1186 2253 1287 2308 τοῦ
1315 2249 1606 2309 Ἰουδαίων
1644 2256 1847 2319 ἔθνους
1871 2275 1914 2308 25

238 2332 476 2406 προστὰς
521 2333 753 2391 κάκιστα
797 2338 1026 2407 κέχρητο
1064 2339 1130 2408 τῇ
1173 2331 1313 2408 ἀρχῇ
1330 2334 1371 2407 9)
1413 2331 1537 2390 ἀλλ’
1579 2331 1702 2391 οὐδ’
1753 2332 1843 2407 ἐφ’

239 2419 427 2490 ἕτερον
466 2420 578 2475 τῶν
610 2417 840 2491 Ῥοβοὰμ
877 2417 975 2476 τὸν
1014 2417 1224 2491 θρόνον
1252 2420 1349 2489 τῆς
1386 2421 1485 2474 τοῦ
1516 2421 1848 2491 Σολομῶνος

237 2507 519 2572 βασιλείας
553 2505 994 2575 διαδεξαμένων,
1037 2504 1125 2558 ἐπὶ
1163 2499 1336 2574 μόνον
1368 2502 1430 2557 δε
1458 2501 1555 2559 τὸν
1588 2504 1646 2558 ἐκ
1677 2505 1847 2575 σπέρ-

237 2609 403 2657 ματος
433 2588 652 2659 Δαβὶδ,
682 2583 829 2644 οὕτω
858 2588 950 2643 καὶ
989 2590 1087 2643 τοῦ
1119 2587 1450 2658 Σολομωνος
1490 2586 1617 2643 υιὸν
1649 2609 1722 2651 ως
1751 2588 1846 2642 καὶ

237 2672 334 2725 τοῦ
364 2671 555 2741 Δαβὶδ
583 2675 1007 2744 χρηματίσαντα.
1078 2673 1162 2725 24.
1197 2669 1355 2734 οὗτος
1397 2667 1449 2726 δ’
1484 2693 1555 2741 ην
1598 2665 1627 2725 6
1659 2668 1841 2743 σωτὴρ
1865 2693 1906 2724 30

237 2754 328 2808 καὶ
353 2751 541 2826 κύριος
564 2752 720 2826 ἡμῶν
746 2750 1002 2827 Ἰησοῦς“
977 2778 1004 2810 ο
1019 2751 1268 2827 Χριστός.
1323 2751 1521 2810 τούτου
1544 2776 1647 2826 γαρ
1665 2751 1841 2825 μόνου

236 2837 327 2892 καὶ
358 2833 484 2892 οὐδ’
520 2838 708 2910 ἑτέρου
739 2842 850 2897 τῶν
880 2835 1099 2895 πώποτε
1130 2836 1158 2894 6
1190 2840 1284 2909 τῆς
1326 2838 1526 2895 ἐνθέου
1557 2841 1840 2909 βασιλείας
