1992 3186
140 331 230 373 1221!

208 449 230 480 d

142 1369 233 1410 (356)

210 2284 231 2315 b

253 136 359 188 480
916 133 1163 175 EUSEBII

786 303 921 362 Ἀπὸ
953 306 1052 361 τοῦ
1073 302 1321 362 ρΗσαίου.

379 424 464 476 28.
499 416 650 474 “Kal
693 415 1034 485 ἐξελεύσεται
1077 414 1284 488 ῥάβδος
1325 418 1382 472 ἐκ
1421 420 1518 488 τῆς
1560 419 1709 489 ῥίζης
1735 412 1861 473 Ἰεσ-

255 506 375 575 σαὶ,
407 505 499 559 καὶ
530 499 707 566 ἄνθος
740 503 800 558 ἐκ
829 504 925 573 τῆς
957 505 1108 574 ῥίζης
1139 497 1497 572 ἀναβήσεται,
1529 501 1623 556 καὶ
1655 504 1862 557 ε’πανα-

253 585 522 645 παύσεται
554 587 643 642 ἐπὶ
674 583 844 642 αὐτὸν
867 591 1087 658 πνεῦμα
1108 587 1269 655 θεοῦ,
1299 589 1519 656 πνεῦμα
1542 589 1740 656 σοφίας
1769 585 1862 640 καὶ

253 673 560 743 συνέσεως,
603 673 823 742 πνεῦμα
863 671 1067 741 βουλῆς
1112 671 1204 725 καὶ
1236 666 1444 741 ἰσχύος,
1475 670 1694 740 πνεῦμα
1722 666 1863 739 γνώ-

254 775 393 822 σεως
434 757 526 812 καὶ
567 749 852 826 εὐσεβείας
871 797 886 826 ,
936 751 1203 826 ἐμπλήσει
1234 748 1405 810 αὐτὸν
1433 755 1654 824 πνεῦμα
1683 749 1864 824 φόβου

253 844 411 898 θεοῦ.
476 835 543 896 οὐ
575 837 713 895 κατὰ
743 835 845 910 τὴν
878 835 1046 905 δόξαν
1074 849 1281 908 κρινεῖ,
1313 832 1446 893 οὐδὲ
1475 833 1611 892 κατα
1640 834 1742 908 τὴν
1771 843 1864 892 λα-

254 923 380 981 λιὰν
411 925 633 995 ἐλέγξει,
664 918 803 978 ἄλλα
833 934 1015 994 κρινεῖ
1040 925 1280 997 ταπεινῷ
1311 925 1516 995 κρίσιν,
1547 920 1640 977 καὶ
1663 921 1864 992 ἐλέγξει

254 1007 382 1074 τοὺς
421 1006 718 1072 ταπεινοὺς
759 1009 854 1078 τῆς
893 1011 1010 1078 γῆς.
1093 1009 1178 1062 29.
1211 1006 1305 1061 καὶ
1345 1011 1496 1061 ἔσται
1537 1002 1864 1077 δικαιοσύνῃ

256 1094 555 1163 ἐζωσμένος
585 1083 688 1162 τὴν
718 1087 903 1162 ὀσφύν
943 1087 1146 1161 αὑτοῦ,
1189 1090 1282 1145 καὶ
1311 1085 1550 1163 ἀληθεία
1583 1090 1866 1160 είλημένος

255 1172 350 1241 τας
382 1173 624 1246 πλευράς
656 1173 848 1245 αὑτοῦ,
881 1175 974 1229 καὶ
997 1170 1520 1245 συμβοσκηθήσεται
1543 1170 1707 1237 λύκος
1730 1169 1865 1245 μετά

255 1256 451 1332 ἀρνός,
505 1259 596 1314 καὶ
642 1259 915 1330 παρδαλὶς
968 1254 1457 1313 συναναπαύσεται
1512 1258 1719 1332 ἐρίφῳ,
1772 1258 1865 1311 καὶ

259 1341 561 1416 μοσχάριον
591 1343 684 1398 καὶ
717 1341 859 1397 λέων
882 1339 993 1413 ἅμα
1017 1338 1493 1412 βοσκηθήσονται,
1526 1341 1619 1396 καὶ
1649 1345 1801 1396 ἔσται
1829 1337 1865 1411 ’ἡ

255 1430 374 1500 ῥίζα
417 1430 516 1483 τοῦ
549 1425 774 1496 Ἰεσσαὶ,
827 1426 920 1480 καὶ
958 1423 986 1480 ὁ
1025 1421 1385 1497 ἀνιστάμενος
1428 1421 1619 1498 ἄρχειν
1659 1426 1864 1495 ε’θνῶν,

257 1509 339 1567 ἐπ’
377 1507 524 1586 αὐτῷ
557 1515 698 1581 ἔθνη
731 1511 1012 1582 ἐλπιοῦσι,
1043 1510 1136 1565 καὶ
1167 1515 1317 1566 ἔσται
1346 1506 1381 1580 ἡ
1425 1506 1738 1574 ἀνάπαυσις
1769 1505 1865 1564 αὐ-

255 1597 355 1652 τοῦ
383 1590 568 1666 τιμή.”

381 1682 463 1735 30.
493 1674 550 1734 Ὁ
582 1675 922 1750 δηλούμενος
955 1679 1200 1734 ἐνταῦθα
1223 1674 1425 1732 Ἰεσσαὶ
1458 1673 1637 1750 πατὴρ
1667 1668 1739 1747 ἦν
1767 1677 1868 1732 τοῦ

255 1767 459 1833 Λαβίδ.
523 1759 707 1833 ὥσπερ
739 1752 843 1819 οὖν
874 1763 934 1818 ἐν
973 1773 1094 1826 ταῖς
1125 1757 1230 1831 πρὸ
1271 1758 1475 1831 ταύτης
1506 1764 1866 1831 προφητείαις

256 1849 316 1901 ἐκ
346 1848 562 1918 καρποῦ
591 1846 683 1901 καὶ
715 1847 1021 1918 σπέρματος
1053 1845 1243 1914 Δαβὶδ
1273 1841 1716 1914 προελεύσεσθαι
1748 1843 1866 1898 ε’λέ-

1889 1112 1928 1143 10

1890 1529 1929 1560 15

253 1952 407 2001 γετο,
441 1931 535 1985 καὶ
565 1929 734 1984 πάλιν
765 1931 825 1984 ἐκ
855 1931 1163 1999 σπέρματος
1185 1929 1535 1998 Σολομῶνος,
1567 1923 1664 1982 τὸν
1695 1922 1866 1983 αὐτὸν
1887 1948 1928 1980 20

253 2011 458 2085 τρόπον
489 2010 812 2082 κάνταῦθα,
857 2016 1134 2075 πλείστοις
1166 2014 1344 2066 ἔτεσιν
1373 2007 1611 2083 ὕστερον
1640 2013 1736 2081 τῆς
1765 2013 1864 2068 τοῦ

255 2097 446 2165 Δαβὶὸ
477 2091 544 2151 ου’
571 2093 762 2166 μόνον,
794 2091 934 2150 ἄλλα
964 2095 1055 2149 καὶ
1087 2097 1182 2164 τῆς
1211 2097 1310 2149 τοῦ
1333 2096 1664 2166 Σολομῶνος
1681 2101 1865 2151 τελευ-

254 2181 375 2250 τῆς,
425 2180 485 2234 ἐκ
526 2182 672 2251 ῥίζης
706 2174 935 2248 Ἰεσσαὶ,
977 2180 1148 2249 δῆλον
1189 2175 1240 2232 δ’
1285 2174 1370 2233 ὅτι
1410 2179 1502 2233 καὶ
1533 2180 1593 2233 ἐκ
1638 2182 1734 2249 τῆς
1763 2181 1863 2235 τοῦ

255 2264 473 2333 Λαβὶδ,
506 2260 953 2333 προελεύσεσθαί
977 2285 1057 2327 τις
1087 2267 1421 2328 θεσπίζεται.
1493 2264 1577 2316 31.
1611 2259 1770 2318 λύσει
1803 2262 1864 2317 δὲ

253 2342 282 2402 ὁ
314 2345 508 2418 παρών
533 2343 691 2416 λόγος
714 2343 815 2417 τὴν
839 2348 899 2403 ἐν
916 2358 1028 2411 τοῖς
1059 2342 1311 2418 πρόσθεν
1333 2345 1691 2416 νομιζομένην
1715 2343 1863 2416 παρὰ
1887 2366 1928 2398 25

250 2426 536 2495 Ἰουδαίοις
586 2431 712 2503 περὶ
764 2431 863 2486 τοῦ
912 2432 1244 2501 Σολομῶνος
1295 2426 1647 2501 ἀμφιβολίαν.
1730 2427 1864 2501 μετὰ

255 2521 515 2571 πλεῖστον
557 2516 699 2584 γοῦν
743 2515 839 2585 τῆς
869 2515 968 2570 τοῦ
998 2515 1332 2584 Σολομῶνας
1375 2515 1632 2584 τελευτῆς
1661 2511 1862 2585 χρόνον

257 2600 428 2652 ταῦτα
451 2595 677 2662 εΗσαΐας
708 2602 839 2670 περί
865 2620 1012 2663 τινος
1036 2598 1224 2669 ἑτέρου
1249 2594 1605 2669 προφητεύει,
1637 2597 1861 2668 μέλλον-

255 2703 343 2745 τος
376 2684 435 2736 ἐκ
466 2685 612 2753 ῥίζης
638 2679 838 2737 Ἰεσσαὶ
868 2683 961 2737 καὶ
994 2683 1053 2737 ἐκ
1083 2682 1391 2754 σπέρματος
1422 2681 1612 2752 Λαβὶδ
1641 2678 1858 2752 ἀναφα-

369 2873 392 2909 2
424 2871 499 2910 Es.
526 2872 590 2922 11,
619 2873 654 2910 1.
