1946 3158
229 118 299 170 60
882 117 1129 159 EUSEBII

181 257 205 290 d
229 240 304 312 τῷ
327 231 624 340 πνεύματι,
657 230 690 305 ἡ
719 234 780 291 δε
810 231 1103 306 γαμήσασα
1128 236 1366 309 μεριμνᾷ
1395 258 1460 291 τα
1481 236 1582 291 τοῦ
1604 233 1833 308 κόσμου,

229 342 344 385 πως
379 317 551 392 ἀρέσῃ
583 343 659 375 τω
691 316 871 391 ἀνδρί.
927 323 1088 376 τοῦτο
1115 318 1178 375 δὲ
1207 317 1342 392 πρὸς
1359 311 1419 376 τὸ
1442 313 1601 392 ὑμῶν
1625 322 1834 392 συμφέ-

230 427 330 479 ρον
353 406 516 476 λέγω,
551 400 654 476 οὐχ
677 407 772 459 ἵνα
795 400 1050 476 βρόχον“
1021 416 1156 476 υμῖν
1180 400 1490 476 ἐπιβάλλω,
1534 400 1673 460 αλλα
1698 401 1834 478 πρὸς

228 487 289 546 τὸ
314 487 590 562 εὔσχημον
607 489 699 543 καὶ
718 484 1149 565 εὐπάρεδροντῷ
1166 493 1342 564 κυρίῳ
1365 484 1835 561 άπερισπάστως.”

359 578 405 629 8.
439 570 768 645 Λιαρρήδην
790 573 929 643 γοῦν
961 575 1020 629 ἐν
1050 570 1264 637 τούτοις
1293 570 1353 629 τὸ
1385 581 1562 629 αἴτιον
1585 575 1680 644 τῆς
1702 569 1833 629 άπο-
1857 595 1879 628 5

231 662 329 731 λῆς
359 660 460 714 τοῦ
491 654 671 730 γάμου
716 661 1068 730 παρίστησιν,
1098 656 1201 729 τὴν
1236 659 1342 714 τῶν
1372 662 1582 729 καιρῶν
1612 658 1838 714 καὶτῶν

234 739 383 808 ε’κτός
415 739 756 814 πραγμάτων
785 737 1113 814 ἀβελτερίαν
1139 740 1602 815 ἐπιμεμψάμενος,
1629 732 1708 798 ὦν
1739 739 1837 799 οὐ-

235 827 331 883 δὲν
369 839 484 892 τοῖς
531 833 784 892 παλαιοῖς
825 828 1215 899 προσέπιπτεν.
1287 829 1381 883 καὶ
1429 831 1609 900 τρίτος
1660 824 1713 882 δ’
1769 822 1839 882 ἂν

235 920 319 983 εἴη
359 908 508 983 παρὰ
547 913 719 967 ταῦτα
750 908 938 982 λόγος,
972 909 1103 968 καθ’
1149 907 1215 968 ὃν
1254 916 1311 968 oc
1351 909 1520 967 πάλαι
1552 918 1840 983 θεοφιλεῖς

232 1001 585 1062 παιδοποιίας
616 1001 882 1067 πλείστην
906 998 1190 1053 ἐποιοῦντο
1212 994 1481 1067 σπουδήν.
1527 1000 1574 1053 9.
1591 998 1702 1053 τῶν
1723 1002 1838 1052 λοι-
1861 1015 1901 1048 10

234 1082 357 1136 πεὸν
379 1076 701 1153 ἀνθρώπων
733 1085 812 1145 εἰς
841 1086 1212 1151 κακοτροπίαν
1239 1078 1564 1153 ἐπιδόντων,
1597 1085 1679 1146 εἰς
1709 1077 1840 1153 ἀνή-

233 1162 403 1238 μερόν
442 1187 501 1220 τε
542 1166 634 1220 καὶ
673 1160 1059 1235 ἀπάνθρωπον
1098 1166 1190 1221 καὶ
1230 1163 1488 1238 θηριώδη
1538 1170 1665 1236 βίον
1700 1162 1842 1220 άπο-

235 1247 623 1320 πεπτωκότων,
660 1258 736 1314 εἴς
772 1272 831 1305 τε
864 1245 1039 1321 ἀσεβῆ
1068 1253 1349 1314 παντελῶς
1381 1251 1471 1305 καὶ
1503 1246 1677 1306 ἄθεον
1720 1247 1842 1321 τρό-

146 1355 211 1396 (312)
235 1355 343 1390 πον
380 1329 884 1405 άπωλισθηκότων,
931 1339 1156 1406 βραχεῖς
1206 1332 1425 1406 σφόδρα
1475 1335 1568 1389 καὶ
1619 1331 1843 1409 ἀριθμῷ

234 1419 431 1490 ληπτοὶ
473 1416 916 1490 περιλειπόμενοι
945 1417 1083 1474 κατὰ
1111 1414 1177 1474 τά
1214 1416 1467 1490 πρόσθεν
1506 1415 1638 1491 ἡμῖν
1691 1423 1842 1491 εἰρη-
1865 1438 1906 1471 15

235 1502 374 1575 μένα
403 1503 505 1559 τοῦ
533 1525 646 1558 των
676 1507 900 1559 πολλῶν
929 1500 1294 1569 ὑπεξίσταντο
1317 1508 1466 1574 βίου,
1488 1504 1580 1559 καὶ
1603 1505 1701 1574 τῆς
1724 1526 1843 1559 κοι-

236 1590 336 1658 νῆς
367 1609 478 1643 των
507 1589 719 1643 λοιπων
749 1584 1072 1657 ἀνθρωπων
1102 1590 1577 1661 συναναστροφῆς.
1637 1591 1715 1643 10.
1749 1610 1843 1644 κε-

237 1672 590 1744 χωρισμένως
624 1668 673 1726 δ’
712 1671 815 1728 οὐν
843 1695 956 1728 των
985 1669 1171 1728 άλλων
1204 1674 1391 1728 ε’θνων
1432 1674 1525 1727 καὶ
1565 1694 1702 1727 κατα
1741 1669 1842 1744 μό-

236 1779 337 1821 νας
367 1759 618 1826 βιοῦντες
649 1760 933 1812 πολιτείαν
957 1758 1121 1828 ξένην
1150 1756 1242 1811 καὶ
1266 1761 1393 1827 βίον
1416 1753 1726 1827 φιλόσοφον
1749 1757 1840 1812 καὶ

239 1836 312 1906 ως
343 1837 569 1912 άληθῶς
597 1845 840 1911 θεοσεβῆ
871 1841 964 1896 καὶ
984 1853 1098 1905 τοῖς
1127 1836 1312 1905 ἄλλοις
1353 1835 1673 1913 ἀνθρώποις
1712 1837 1842 1897 ἀνε-
1864 1863 1905 1895 20

238 1929 498 1996 πίμικτον
517 1929 864 1981 συνίσταντο.
903 1927 982 1980 11.
999 1915 1197 1980 ἵνόῧν
1220 1926 1437 1989 καὶτοῖς
1448 1925 1735 1997 μετέπειτα
1747 1927 1844 1997 τῆς

239 2013 445 2074 οἰκείας
475 2013 781 2079 θεοφοβίας
813 2005 1065 2077 ζώπυρον
1098 2010 1150 2075 ἐξ
1182 2004 1366 2066 αὐτῶν
1396 2012 1612 2082 σπέρμα
1635 2007 1841 2082 φυλάτ-

194 2114 214 2146 b
238 2115 403 2163 τοιτο,
434 2088 565 2164 μηδ’
604 2094 817 2149 ε’κλίποι
847 2093 940 2148 καὶ
971 2088 1230 2149 ἀπόλοιτο
1254 2088 1365 2165 ἅμα
1395 2099 1461 2168 τῇ
1483 2097 1597 2150 τῶν
1618 2091 1843 2168 ἀνδρῶν

239 2179 471 2250 τελευτῇ
499 2173 564 2232 τὰ
593 2178 687 2248 τῆς
711 2174 829 2233 κατ’
867 2173 1068 2241 αὐτους
1100 2176 1411 2250 εὐσεβείας,
1445 2176 1668 2245 εἰκότως
1712 2200 1844 2235 παι-

243 2265 493 2327 δοποιίας
547 2284 639 2316 και
685 2266 1086 2335 παιδοτροφίας
1125 2259 1394 2333 πρόνοιαν
1452 2268 1703 2334 εἰσῆγον,
1765 2260 1839 2328 ὥς
1862 2282 1904 2315 25

241 2341 311 2402 ἂν
361 2343 690 2402 διδάσκαλοι
739 2347 832 2402 καὶ
875 2347 1187 2417 καθηγηταὶ
1229 2347 1477 2418 γένοιντο
1517 2349 1631 2404 τῶν
1680 2350 1841 2402 ἰδίων

240 2434 481 2501 παίδων,
515 2427 807 2502 διαδόχους
839 2427 1125 2501 εὐσεβείας
1155 2432 1247 2486 καὶ
1276 2433 1371 2502 τῆς
1410 2436 1615 2496 οἰκείας
1645 2427 1841 2502 ἀρετῆς

241 2511 616 2587 κληρονόμους
665 2527 778 2581 τοῖς
816 2516 1103 2587 μετέπειτα
1154 2522 1478 2572 καταλιπεῖν
1534 2519 1844 2572 σπουδαῖον

242 2598 388 2656 εἶναι
417 2597 728 2672 ἡγούμενοι.
805 2603 884 2656 12.
918 2604 1087 2656 ἔνθεν
1116 2603 1303 2672 μυριόι
1334 2602 1612 2673 προφῆται
1635 2600 1728 2656 καὶ
1760 2604 1841 2656 δί-

242 2705 388 2739 καιοι
408 2682 609 2757 ἄνδρες
633 2682 798 2750 αὐτός
830 2680 894 2740 θ’
922 2678 951 2740 ὁ
973 2681 1153 2758 σωτὴρ
1182 2684 1274 2739 καὶ
1297 2681 1484 2756 κύριος
1508 2682 1682 2757 ἡμῶν,
1706 2688 1765 2740 οἳ
1781 2706 1840 2740 τε
1861 2704 1904 2737 30

241 2765 439 2823 τούτου
469 2770 714 2840 μαθηταὶ
745 2769 836 2824 καὶ
867 2765 1159 2825 ἀπόστολοι
1192 2770 1251 2823 ἐκ
1275 2771 1369 2839 τῆς
1401 2765 1584 2824 αὐτῶν
1611 2771 1839 2840 διδαχῆς

244 2846 684 2923 ἀναπεφήνασιν.
743 2856 821 2909 13.
850 2858 902 2910 εἰ
932 2854 997 2909 δέ
1020 2875 1167 2919 τινες
1198 2854 1289 2908 καὶ
1322 2856 1528 2926 φαῦλοι
1549 2855 1837 2927 προῆλθον
