1946 3158
203 110 302 162 150
867 112 1116 154 EUSEBH

323 231 407 285 45.
438 226 584 302 ’Ήδη
618 226 881 303 δεύτερον
911 230 973 284 ἐν
1002 225 1214 295 τούτοις
1244 224 1273 286 5
1304 228 1590 304 προφήτης
1619 229 1679 289 τὸ
1715 235 1803 290 ἐπὶ

196 315 271 389 τῷ
296 315 519 390 Χριστῷ
556 310 621 370 τὰ
652 319 794 385 ἔθνη
837 315 1086 370 ἐλπίσειν
1115 318 1357 386 τίθεται,
1405 312 1686 385 ἀνώτερον
1726 323 1806 375 εί-

197 395 320 454 πων
343 393 468 454 “ἐπ’
505 393 655 473 αὐτῷ
681 403 822 470 ἔθνη
849 394 1184 470 ἐλπιοῦσιν,”
1219 400 1465 456 ἐνταῦθα
1499 401 1559 457 δὲ
1580 397 1712 458 “nal
1746 405 1806 459 ἐν

195 484 270 557 τῷ
294 479 521 555 ὀνόματι
539 478 710 538 αὐτοῦ
735 487 875 554 ἔθνη
893 478 1228 539 ἐλπιοῦσιν.”
1264 485 1512 541 λέλεκται
1535 485 1704 542 δὲκαὶ
1729 489 1806 561 τῷ

151 589 169 620 b
195 567 385 638 Δαβὶδ
437 562 509 632 ὥς
548 564 656 639 ἄρα
708 568 767 622 ἐκ
807 571 907 623 τοῦ
966 570 1183 638 καρποῦ
1234 571 1330 638 τῆς
1371 575 1581 637 κοιλίας
1629 569 1802 628 αὐτοῦ
1828 590 1847 622 5

195 646 573 721 ἄναστήσεταί
597 675 705 723 τις,
738 652 862 724 περὶ
896 642 964 708 οὗ
997 652 1119 723 ἑξῆς
1148 668 1323 723 φησιν
1361 648 1390 708 5
1431 650 1563 720 θεὸς
1596 650 1626 673 “
1643 653 1805 722 αὐτὸς

198 736 585 792 ἐπικαλέσεταί
607 758 704 808 με,
738 734 917 808 πατήρ
958 759 1065 808 μου
1107 734 1158 793 εἷ
1196 734 1294 793 σύ·
1337 734 1487 809 κάγώ
1528 737 1807 810 πρωτότο-

196 843 296 877 κον
327 818 572 892 θήσομαι
614 818 832 878 αὐτόν.”
903 824 986 878 46.
1022 821 1114 876 καὶ
1145 822 1272 894 περὶ
1302 819 1504 878 τούτου
1536 823 1598 879 δὲ
1638 821 1806 880 πάλιν

197 902 468 1004 εἰ’ρηται“
478 906 571 962 καὶ
611 903 1034 979 κατακυριεύσει
1073 901 1181 962 ἀπὸ
1222 903 1512 978 θαλάσσης
1553 909 1655 974 ε’ως
1703 917 1806 965 θα-

195 986 423 1062 λα’·σσης,
456 991 546 1046 καὶ
577 987 686 1047 ἀπὸ
691 1011 994 1091 “ποταμων
1008 993 1111 1055 ἕως
1141 1011 1395 1063 περατων
1423 993 1519 1062 τῆς
1549 994 1804 1064 οἰκουμέ-
1830 1012 1869 1044 10

195 1073 324 1145 νης.’
375 1076 467 1131 καὶ
499 1067 667 1140 αὖθις
691 1070 907 1132 “noima
937 1099 1003 1131 τα
1033 1081 1174 1146 ἔθνη
1201 1073 1605 1132 δουλεύσουσιν
1636 1074 1806 1152 αὐτῷ,

196 1160 287 1214 καὶ
321 1158 858 1232 ἐνευλογηθήσονται
883 1163 944 1218 ἐν
957 1161 1043 1216 σοὶ
1060 1164 1233 1216 πᾶσαι
1259 1164 1322 1216 αί
1347 1161 1521 1232 φυλαὶ
1543 1163 1639 1231 τῆς
1654 1157 1784 1233 γῆς)

196 1243 288 1298 καὶ
328 1241 491 1310 τόπος
534 1245 602 1301 δέ
639 1268 720 1310 τις
770 1242 938 1301 παλιν
982 1242 1369 1317 ἀφωρισμένος
1409 1249 1505 1316 τῆς
1544 1246 1644 1300 τοῦ
1674 1267 1804 1316 προ-

197 1329 581 1401 φητευομένου
612 1331 883 1401 γενέσεως
914 1333 1236 1396 θεσπίζεται
1266 1324 1382 1385 ὑπὸ
1429 1333 1678 1401 Μιχαίου
1720 1333 1803 1386 λε’-

195 1436 387 1484 γοντος
427 1408 459 1429 “
474 1416 566 1470 καὶ
607 1413 679 1470 σὺ
719 1413 978 1486 Βηθλεὲμ
1014 1412 1163 1479 οἶκος
1207 1415 1307 1470 τοῦ
1324 1411 1592 1486 ,Ἐφραθὰ
1621 1410 1806 1486 όλιγο-
1831 1431 1869 1465 15

154 1530 169 1551 c
196 1494 322 1564 στός
366 1496 417 1553 εἶ
454 1501 552 1554 τοῦ
606 1498 750 1555 εἶναι
791 1500 851 1554 ἐν
898 1496 1139 1571 χιλιάσιν
1173 1493 1369 1554 Ἰούδα.
1461 1500 1520 1554 ἐκ
1561 1501 1665 1555 σοῦ
1715 1522 1805 1570 μοι

197 1579 539 1648 ἐξελεύσεται
599 1578 937 1655 ἡγούμενος,
990 1579 1141 1648 ὅστις
1211 1577 1476 1655 ποιμανεῖ
1530 1580 1627 1639 τὸν
1671 1581 1807 1640 λαόν

194 1689 302 1738 μου
343 1665 440 1723 τὸν
478 1663 709 1741 Ἰσραήλ.
783 1669 876 1724 καὶ
915 1673 978 1725 αἱ
998 1669 1174 1734 ἔξοδοι
1197 1663 1373 1724 αὐτοῦ
1410 1664 1506 1723 ἀπ’
1537 1664 1710 1739 ἀρχῆς
1751 1670 1803 1734 ἐξ

195 1748 418 1824 ἡμερῶν
445 1749 698 1818 αἰῶνος.”
757 1755 841 1808 47.
858 1749 1204 1824 ὡμολόγηται
1236 1750 1297 1807 δὲ
1320 1749 1469 1823 παρὰ
1498 1763 1611 1817 τοῖς
1635 1754 1806 1808 πᾶσιν

196 1831 278 1892 ὅτι
311 1837 371 1893 ἐν
402 1837 658 1909 Βηθλεὲμ
691 1834 970 1910 ἐγεννήθη
985 1834 1194 1907 Ἰησοῦς
1225 1833 1254 1892 5
1301 1832 1564 1908 Χριστὸς,
1607 1833 1680 1900 ὡς
1712 1838 1801 1892 καὶ
1828 1855 1868 1888 20

197 1917 470 1992 σπήλαιον
489 1926 824 1979 δείκνυσθαι
844 1918 980 1993 πρὸς
1010 1922 1122 1976 τεᾶν
1138 1921 1449 1993 ἐπιχωρίων
1468 1942 1614 1976 αυτο
1593 1917 1671 1977 ’θι
1692 1934 1805 1986 τοῖς

199 2005 288 2060 ἐπὶ
311 2007 454 2061 θέαν
490 2001 597 2062 απὸ
627 2008 723 2077 τῆς
748 2001 1065 2077 αλλοδαπῆς
1103 2001 1551 2078 αφικνουμένοις.
1595 2007 1679 2061 48.
1713 2006 1801 2061 καὶ

198 2085 227 2143 5
259 2111 361 2160 μεν
391 2087 555 2154 τόπος
586 2089 763 2162 οὗτος,
797 2095 939 2146 ἔνθα
962 2091 1339 2162 γεγεννῆσθαι
1370 2095 1626 2162 ε’μελλεν,
1667 2110 1806 2161 προ-

199 2177 406 2244 ει’·ρητο
449 2175 543 2246 τῆς
576 2173 638 2230 δε
676 2175 945 2246 γενέσεως
979 2172 1160 2231 αὐτου
1199 2172 1258 2230 τὸ
1300 2175 1493 2246 θαῦμα
1532 2173 1662 2230 ποτε
1702 2196 1806 2245 μεν

201 2253 274 2312 δι’
320 2255 690 2331 αἰνιγμάτων,
728 2258 860 2317 ποτε
903 2259 964 2316 δὲ
1014 2259 1107 2316 καὶ
1148 2255 1478 2332 λευκότερον
1515 2255 1544 2315 5
1579 2252 1804 2323 ‘Haoccag
1828 2275 1869 2309 25

198 2347 525 2415 παρίστησι·
561 2340 656 2400 δι’»ν
681 2341 1024 2416 αἰνιγμάτων
1052 2343 1183 2416 μὲν,
1225 2339 1360 2399 ὅταν
1401 2343 1532 2416 λέγῃ
1577 2337 1610 2360 “
1627 2339 1803 2414 κύριε,

198 2431 280 2493 τίς
312 2429 602 2485 ἐπίστευσε
632 2431 699 2501 τῇ
730 2426 872 2502 ἀκοῇ
899 2423 1086 2501 ἡμῶν,
1135 2428 1227 2483 καὶ
1257 2421 1285 2483 5
1317 2432 1567 2499 βραχίων
1606 2432 1805 2497 κυρίου

154 2529 177 2561 d
201 2515 310 2567 τίνι
341 2511 744 2586 ἄπεκαλύφθη;
775 2510 1180 2611 ανηγγείλαμεν
1222 2514 1477 2568 ἐναντίον
1518 2506 1693 2568 αυτοῦ
1733 2534 1806 2576 ως

199 2599 443 2669 παιδίον,
478 2621 551 2663 ως
575 2602 694 2672 ρίζα
720 2601 781 2655 ἐν
803 2600 875 2672 γῇ
907 2595 1144 2671 διψώσῃ.
1147 2592 1177 2613 ”
1229 2599 1315 2652 49.
1362 2592 1497 2651 ανθ’
1539 2586 1605 2652 οὗ
1645 2593 1674 2651 5
1705 2618 1806 2667 μεν

312 2818 337 2855 5
360 2817 432 2856 Ps.
460 2820 551 2867 131,
577 2821 642 2863 11.
703 2821 727 2859 6
751 2820 823 2862 Ps.
848 2820 915 2865 88,
939 2819 1005 2859 26.
1096 2819 1120 2858 9
1144 2818 1218 2859 Ps.
1243 2819 1310 2867 71,
1331 2817 1371 2857 8.
1474 2818 1522 2855 11
1548 2816 1622 2856 Ps.
1643 2816 1800 2865 71,11.

199 2871 271 2911 Ps.
296 2874 363 2923 71,
385 2874 448 2913 17.
597 2878 648 2916 15
671 2875 810 2916 Mieh.
833 2877 872 2928 5,
897 2877 937 2917 2.
998 2874 1167 2915 Matth.
1191 2875 1231 2925 2,
1255 2874 1294 2912 6.
1462 2874 1514 2913 27
1546 2872 1623 2912 Es,
1658 2873 1727 2922 53,
1762 2871 1802 2909 1.
