<?xml version="1.0" encoding="UTF-8"?>
<!DOCTYPE html PUBLIC "-//W3C//DTD XHTML 1.0 Transitional//EN"
    "http://www.w3.org/TR/xhtml1/DTD/xhtml1-transitional.dtd">
<html xmlns="http://www.w3.org/1999/xhtml" xml:lang="en" lang="en">
 <head>
  <title>
</title>
<meta http-equiv="Content-Type" content="text/html;charset=utf-8" />
  <meta name='ocr-system' content='tesseract 3.04.00' />
  <meta name='ocr-capabilities' content='ocr_page ocr_carea ocr_par ocr_line ocrx_word'/>
</head>
<body>
  <div class='ocr_page' id='page_1' title='image "./operaeusebius03euseuoft_0405.png"; bbox 0 0 1992 3186; ppageno 0'>
   <div class='ocr_carea' id='block_1_1' title="bbox 513 132 1772 185">
    <p class='ocr_par' dir='ltr' id='par_1_1' title="bbox 513 132 1772 185">
     <span class='ocr_line' id='line_1_1' title="bbox 513 132 1772 185; baseline 0.002 -12"><span class='ocrx_word' id='word_1_1' title='bbox 513 133 819 174; x_wconf 81' lang='lat' dir='ltr'>DEMONST.</span> <span class='ocrx_word' id='word_1_2' title='bbox 850 132 1073 174; x_wconf 80' lang='lat' dir='ltr'><strong>EVANG.</strong></span> <span class='ocrx_word' id='word_1_3' title='bbox 1113 134 1190 175; x_wconf 92' lang='lat' dir='ltr'><strong><em>VI.</em></strong></span> <span class='ocrx_word' id='word_1_4' title='bbox 1225 135 1289 175; x_wconf 82' lang='lat'><strong><em>15.</em></strong></span> <span class='ocrx_word' id='word_1_5' title='bbox 1323 135 1387 173; x_wconf 83' lang='lat'><strong><em>16.</em></strong></span> <span class='ocrx_word' id='word_1_6' title='bbox 1670 133 1772 185; x_wconf 80' lang='lat'><strong><em>381</em></strong></span> 
     </span>
    </p>
   </div>
   <div class='ocr_carea' id='block_1_2' title="bbox 678 301 1262 378">
    <p class='ocr_par' dir='ltr' id='par_1_2' title="bbox 678 301 1262 378">
     <span class='ocr_line' id='line_1_2' title="bbox 678 301 1262 378; baseline 0.003 -18"><span class='ocrx_word' id='word_1_7' title='bbox 678 301 808 360; x_wconf 82' lang='grc' dir='ltr'><strong><em>Ἀπὸ</em></strong></span> <span class='ocrx_word' id='word_1_8' title='bbox 838 310 936 361; x_wconf 89' lang='grc' dir='ltr'><strong><em>τοῦ</em></strong></span> <span class='ocrx_word' id='word_1_9' title='bbox 968 309 1262 378; x_wconf 73' lang='grc' dir='ltr'><em>Ζαχαρίου.</em></span> 
     </span>
    </p>
   </div>
   <div class='ocr_carea' id='block_1_3' title="bbox 101 414 1889 2758">
    <p class='ocr_par' dir='ltr' id='par_1_3' title="bbox 162 414 1823 658">
     <span class='ocr_line' id='line_1_3' title="bbox 289 414 1823 491; baseline -0.003 -13"><span class='ocrx_word' id='word_1_10' title='bbox 289 429 410 478; x_wconf 89' lang='lat' dir='ltr'>XVI.</span> <span class='ocrx_word' id='word_1_11' title='bbox 451 415 482 436; x_wconf 80' lang='grc'><strong><em>“</em></strong></span> <span class='ocrx_word' id='word_1_12' title='bbox 500 415 644 475; x_wconf 91' lang='grc' dir='ltr'><strong><em>Τάδε</em></strong></span> <span class='ocrx_word' id='word_1_13' title='bbox 689 418 835 488; x_wconf 80' lang='grc' dir='ltr'><em>λέγει</em></span> <span class='ocrx_word' id='word_1_14' title='bbox 885 415 1074 489; x_wconf 85' lang='grc' dir='ltr'><strong><em>κύριος</em></strong></span> <span class='ocrx_word' id='word_1_15' title='bbox 1127 416 1550 491; x_wconf 77' lang='grc' dir='ltr'><em>παντοκράτωρ,</em></span> <span class='ocrx_word' id='word_1_16' title='bbox 1597 414 1774 474; x_wconf 85' lang='grc' dir='ltr'><em>ὀπίσω</em></span> <span class='ocrx_word' id='word_1_17' title='bbox 1801 440 1823 473; x_wconf 81' lang='lat' dir='ltr'><strong>d</strong></span> 
     </span>
     <span class='ocr_line' id='line_1_4' title="bbox 165 499 1775 574; baseline 0 -16"><span class='ocrx_word' id='word_1_18' title='bbox 165 500 325 574; x_wconf 81' lang='grc' dir='ltr'><strong><em>δόξης</em></strong></span> <span class='ocrx_word' id='word_1_19' title='bbox 365 500 676 558; x_wconf 81' lang='grc' dir='ltr'><strong><em>ἀπέσταλκέ</em></strong></span> <span class='ocrx_word' id='word_1_20' title='bbox 710 525 777 573; x_wconf 89' lang='grc' dir='ltr'><strong><em>με</em></strong></span> <span class='ocrx_word' id='word_1_21' title='bbox 829 503 919 557; x_wconf 83' lang='grc' dir='ltr'><strong><em>ἐπὶ</em></strong></span> <span class='ocrx_word' id='word_1_22' title='bbox 969 500 1036 558; x_wconf 78' lang='grc' dir='ltr'><strong><em>τά</em></strong></span> <span class='ocrx_word' id='word_1_23' title='bbox 1085 507 1225 574; x_wconf 82' lang='grc' dir='ltr'><strong><em>ἔθνη</em></strong></span> <span class='ocrx_word' id='word_1_24' title='bbox 1277 500 1344 558; x_wconf 80' lang='grc' dir='ltr'><strong><em>τὰ</em></strong></span> <span class='ocrx_word' id='word_1_25' title='bbox 1392 499 1775 558; x_wconf 79' lang='grc' dir='ltr'><strong><em>σκυλεύσαντα</em></strong></span> 
     </span>
     <span class='ocr_line' id='line_1_5' title="bbox 162 581 1775 658; baseline 0 -16"><span class='ocrx_word' id='word_1_26' title='bbox 162 585 328 658; x_wconf 72' lang='grc' dir='ltr'><strong><em>ὑμᾶς·</em></strong></span> <span class='ocrx_word' id='word_1_27' title='bbox 379 583 516 642; x_wconf 81' lang='grc' dir='ltr'><strong><em>διότι</em></strong></span> <span class='ocrx_word' id='word_1_28' title='bbox 546 584 575 641; x_wconf 85' lang='grc' dir='ltr'>ὁ</span> <span class='ocrx_word' id='word_1_29' title='bbox 607 581 911 657; x_wconf 74' lang='grc' dir='ltr'><strong><em>ἁπτόμενος</em></strong></span> <span class='ocrx_word' id='word_1_30' title='bbox 939 584 1128 658; x_wconf 80' lang='grc' dir='ltr'><strong><em>ὑμῶν,</em></strong></span> <span class='ocrx_word' id='word_1_31' title='bbox 1173 581 1246 652; x_wconf 86' lang='grc' dir='ltr'><strong><em>ῶς</em></strong></span> <span class='ocrx_word' id='word_1_32' title='bbox 1285 584 1314 642; x_wconf 85' lang='grc' dir='ltr'>ὁ</span> <span class='ocrx_word' id='word_1_33' title='bbox 1346 584 1651 658; x_wconf 76' lang='grc' dir='ltr'><strong><em>ἁπτόμενος</em></strong></span> <span class='ocrx_word' id='word_1_34' title='bbox 1680 591 1775 658; x_wconf 83' lang='grc' dir='ltr'><strong><em>τῆς</em></strong></span> 
     </span>
    </p>

    <p class='ocr_par' dir='ltr' id='par_1_4' title="bbox 120 666 1776 996">
     <span class='ocr_line' id='line_1_6' title="bbox 120 666 1774 743; baseline -0.002 -14"><span class='ocrx_word' id='word_1_35' title='bbox 120 698 142 730; x_wconf 85' lang='lat'>5</span> <span class='ocrx_word' id='word_1_36' title='bbox 165 668 329 743; x_wconf 84' lang='grc' dir='ltr'><strong><em>κόρης</em></strong></span> <span class='ocrx_word' id='word_1_37' title='bbox 359 673 458 726; x_wconf 87' lang='grc' dir='ltr'><strong><em>τοῦ</em></strong></span> <span class='ocrx_word' id='word_1_38' title='bbox 486 666 786 742; x_wconf 80' lang='grc' dir='ltr'><em>ὀφθαλμοῦ</em></span> <span class='ocrx_word' id='word_1_39' title='bbox 815 666 1004 726; x_wconf 77' lang='grc' dir='ltr'><strong><em>αὐτοῦ.</em></strong></span> <span class='ocrx_word' id='word_1_40' title='bbox 1061 667 1200 726; x_wconf 84' lang='grc' dir='ltr'><strong><em>διότι</em></strong></span> <span class='ocrx_word' id='word_1_41' title='bbox 1233 668 1359 727; x_wconf 83' lang='grc' dir='ltr'><strong><em>ἰδοῦ</em></strong></span> <span class='ocrx_word' id='word_1_42' title='bbox 1392 669 1498 742; x_wconf 83' lang='grc' dir='ltr'><strong><em>ε’γῶ</em></strong></span> <span class='ocrx_word' id='word_1_43' title='bbox 1531 671 1774 743; x_wconf 84' lang='grc' dir='ltr'><strong><em>ἐπιφέρω</em></strong></span> 
     </span>
     <span class='ocr_line' id='line_1_7' title="bbox 164 751 1774 827; baseline -0.001 -15"><span class='ocrx_word' id='word_1_44' title='bbox 164 752 264 825; x_wconf 83' lang='grc' dir='ltr'><strong><em>τὴν</em></strong></span> <span class='ocrx_word' id='word_1_45' title='bbox 308 752 465 827; x_wconf 79' lang='grc' dir='ltr'><strong><em>χεῖρά</em></strong></span> <span class='ocrx_word' id='word_1_46' title='bbox 504 778 610 826; x_wconf 90' lang='grc' dir='ltr'><strong><em>μου</em></strong></span> <span class='ocrx_word' id='word_1_47' title='bbox 652 751 739 809; x_wconf 83' lang='grc' dir='ltr'><strong><em>ἐπ’</em></strong></span> <span class='ocrx_word' id='word_1_48' title='bbox 787 752 1018 826; x_wconf 76' lang='grc' dir='ltr'><strong><em>αὐτούς,</em></strong></span> <span class='ocrx_word' id='word_1_49' title='bbox 1061 756 1153 810; x_wconf 83' lang='grc' dir='ltr'><strong><em>καὶ</em></strong></span> <span class='ocrx_word' id='word_1_50' title='bbox 1196 759 1414 811; x_wconf 77' lang='grc' dir='ltr'><strong><em>ἔσονται</em></strong></span> <span class='ocrx_word' id='word_1_51' title='bbox 1455 758 1631 811; x_wconf 90' lang='grc' dir='ltr'><strong><em>σκῦλα</em></strong></span> <span class='ocrx_word' id='word_1_52' title='bbox 1662 768 1774 820; x_wconf 82' lang='grc' dir='ltr'><strong><em>τοῖς</em></strong></span> 
     </span>
     <span class='ocr_line' id='line_1_8' title="bbox 166 834 1776 912; baseline 0.001 -18"><span class='ocrx_word' id='word_1_53' title='bbox 166 839 537 894; x_wconf 79' lang='grc' dir='ltr'><strong><em>δουλεύσασιν</em></strong></span> <span class='ocrx_word' id='word_1_54' title='bbox 567 834 772 908; x_wconf 73' lang='grc' dir='ltr'><strong><em>αὐτοῖς,</em></strong></span> <span class='ocrx_word' id='word_1_55' title='bbox 805 839 896 893; x_wconf 84' lang='grc' dir='ltr'><strong><em>καὶ</em></strong></span> <span class='ocrx_word' id='word_1_56' title='bbox 928 835 1220 908; x_wconf 84' lang='grc' dir='ltr'><strong><em>γνῶσεσθε</em></strong></span> <span class='ocrx_word' id='word_1_57' title='bbox 1249 837 1331 894; x_wconf 83' lang='grc' dir='ltr'><strong><em>ὅτι</em></strong></span> <span class='ocrx_word' id='word_1_58' title='bbox 1365 836 1554 912; x_wconf 88' lang='grc' dir='ltr'><strong><em>κύριος</em></strong></span> <span class='ocrx_word' id='word_1_59' title='bbox 1578 861 1776 896; x_wconf 90' lang='grc' dir='ltr'><strong><em>παντο-</em></strong></span> 
     </span>
     <span class='ocr_line' id='line_1_9' title="bbox 166 918 936 996; baseline 0.001 -19"><span class='ocrx_word' id='word_1_60' title='bbox 166 920 381 996; x_wconf 85' lang='grc' dir='ltr'><strong><em>κράτωρ</em></strong></span> <span class='ocrx_word' id='word_1_61' title='bbox 417 922 787 990; x_wconf 83' lang='grc' dir='ltr'><strong><em>ε’ξαπέσταλκέ</em></strong></span> <span class='ocrx_word' id='word_1_62' title='bbox 811 918 936 993; x_wconf 86' lang='grc' dir='ltr'><strong><em>με.”</em></strong></span> 
     </span>
    </p>

    <p class='ocr_par' dir='ltr' id='par_1_5' title="bbox 289 1001 1777 1079">
     <span class='ocr_line' id='line_1_10' title="bbox 289 1001 1777 1079; baseline 0.001 -18"><span class='ocrx_word' id='word_1_63' title='bbox 289 1010 338 1062; x_wconf 80' lang='grc'><strong><em>2.</em></strong></span> <span class='ocrx_word' id='word_1_64' title='bbox 372 1004 581 1078; x_wconf 86' lang='grc' dir='ltr'><strong><em>Κύριος</em></strong></span> <span class='ocrx_word' id='word_1_65' title='bbox 612 1001 776 1071; x_wconf 80' lang='grc' dir='ltr'><strong><em>αὐτὸς</em></strong></span> <span class='ocrx_word' id='word_1_66' title='bbox 805 1002 835 1061; x_wconf 87' lang='grc' dir='ltr'>ὁ</span> <span class='ocrx_word' id='word_1_67' title='bbox 865 1004 1262 1079; x_wconf 74' lang='grc' dir='ltr'><strong><em>παντοκράτωρ</em></strong></span> <span class='ocrx_word' id='word_1_68' title='bbox 1297 1009 1356 1063; x_wconf 86' lang='grc' dir='ltr'><strong><em>ἐν</em></strong></span> <span class='ocrx_word' id='word_1_69' title='bbox 1399 1004 1612 1071; x_wconf 82' lang='grc' dir='ltr'><strong><em>τούτοις</em></strong></span> <span class='ocrx_word' id='word_1_70' title='bbox 1644 1008 1777 1062; x_wconf 82' lang='grc' dir='ltr'><strong><em>ἑαυ-</em></strong></span> 
     </span>
    </p>

    <p class='ocr_par' dir='ltr' id='par_1_6' title="bbox 101 1086 1778 1500">
     <span class='ocr_line' id='line_1_11' title="bbox 101 1086 1776 1161; baseline -0.003 -11"><span class='ocrx_word' id='word_1_71' title='bbox 101 1120 140 1150; x_wconf 89' lang='lat'><strong><em>10</em></strong></span> <span class='ocrx_word' id='word_1_72' title='bbox 166 1087 261 1146; x_wconf 87' lang='grc' dir='ltr'><strong><em>τὸν</em></strong></span> <span class='ocrx_word' id='word_1_73' title='bbox 300 1086 646 1147; x_wconf 78' lang='grc' dir='ltr'><strong><em>ἀπεστάλθαι</em></strong></span> <span class='ocrx_word' id='word_1_74' title='bbox 686 1091 853 1161; x_wconf 81' lang='grc' dir='ltr'><strong><em>φησὶ,</em></strong></span> <span class='ocrx_word' id='word_1_75' title='bbox 905 1092 996 1146; x_wconf 82' lang='grc' dir='ltr'><strong><em>καὶ</em></strong></span> <span class='ocrx_word' id='word_1_76' title='bbox 1036 1088 1133 1146; x_wconf 85' lang='grc' dir='ltr'><strong><em>τὸν</em></strong></span> <span class='ocrx_word' id='word_1_77' title='bbox 1176 1088 1578 1147; x_wconf 80' lang='grc' dir='ltr'><strong><em>ἀποστείλαντα</em></strong></span> <span class='ocrx_word' id='word_1_78' title='bbox 1628 1088 1776 1154; x_wconf 81' lang='grc' dir='ltr'><strong><em>ὅστις</em></strong></span> 
     </span>
     <span class='ocr_line' id='line_1_12' title="bbox 164 1171 1777 1247; baseline -0.001 -17"><span class='ocrx_word' id='word_1_79' title='bbox 164 1183 248 1245; x_wconf 74' lang='grc' dir='ltr'><strong><em>εἴη</em></strong></span> <span class='ocrx_word' id='word_1_80' title='bbox 282 1172 550 1245; x_wconf 75' lang='grc' dir='ltr'><strong><em>διδάσκει,</em></strong></span> <span class='ocrx_word' id='word_1_81' title='bbox 583 1175 760 1244; x_wconf 86' lang='grc' dir='ltr'><strong><em>λέγων</em></strong></span> <span class='ocrx_word' id='word_1_82' title='bbox 783 1171 916 1231; x_wconf 64' lang='lat' dir='ltr'><strong><em>“nal</em></strong></span> <span class='ocrx_word' id='word_1_83' title='bbox 945 1172 1238 1245; x_wconf 76' lang='grc' dir='ltr'><strong><em>γνώσεσθε</em></strong></span> <span class='ocrx_word' id='word_1_84' title='bbox 1261 1172 1343 1231; x_wconf 77' lang='grc' dir='ltr'><strong><em>ὅτι</em></strong></span> <span class='ocrx_word' id='word_1_85' title='bbox 1367 1173 1557 1247; x_wconf 88' lang='grc' dir='ltr'><strong><em>κύριος</em></strong></span> <span class='ocrx_word' id='word_1_86' title='bbox 1579 1196 1777 1230; x_wconf 89' lang='grc' dir='ltr'><strong><em>παντο-</em></strong></span> 
     </span>
     <span class='ocr_line' id='line_1_13' title="bbox 163 1255 1778 1331; baseline 0.001 -17"><span class='ocrx_word' id='word_1_87' title='bbox 163 1257 379 1331; x_wconf 85' lang='grc' dir='ltr'><strong><em>κράτωρ</em></strong></span> <span class='ocrx_word' id='word_1_88' title='bbox 424 1260 792 1325; x_wconf 82' lang='grc' dir='ltr'><strong><em>ἐξαπέσταλκέ</em></strong></span> <span class='ocrx_word' id='word_1_89' title='bbox 819 1255 940 1330; x_wconf 86' lang='grc' dir='ltr'><strong><em>με.”</em></strong></span> <span class='ocrx_word' id='word_1_90' title='bbox 1012 1257 1222 1316; x_wconf 86' lang='grc' dir='ltr'><strong><em>οὐκοῦν</em></strong></span> <span class='ocrx_word' id='word_1_91' title='bbox 1253 1261 1345 1315; x_wconf 78' lang='grc' dir='ltr'><strong><em>καὶ</em></strong></span> <span class='ocrx_word' id='word_1_92' title='bbox 1385 1261 1632 1316; x_wconf 84' lang='grc' dir='ltr'><strong><em>ἐνταῦθα</em></strong></span> <span class='ocrx_word' id='word_1_93' title='bbox 1675 1257 1778 1315; x_wconf 85' lang='grc' dir='ltr'><strong><em>δύο</em></strong></span> 
     </span>
     <span class='ocr_line' id='line_1_14' title="bbox 165 1341 1778 1418; baseline 0 -20"><span class='ocrx_word' id='word_1_94' title='bbox 165 1346 353 1414; x_wconf 84' lang='grc' dir='ltr'><strong><em>σαφῶς</em></strong></span> <span class='ocrx_word' id='word_1_95' title='bbox 386 1349 524 1414; x_wconf 84' lang='grc' dir='ltr'><strong><em>ἔχεις</em></strong></span> <span class='ocrx_word' id='word_1_96' title='bbox 555 1345 652 1416; x_wconf 83' lang='grc' dir='ltr'><strong><em>μιᾷ</em></strong></span> <span class='ocrx_word' id='word_1_97' title='bbox 683 1346 1000 1415; x_wconf 85' lang='grc' dir='ltr'><strong><em>χρωμένους</em></strong></span> <span class='ocrx_word' id='word_1_98' title='bbox 1031 1349 1402 1418; x_wconf 72' lang='grc' dir='ltr'><strong><em>προσηγορίᾳ,</em></strong></span> <span class='ocrx_word' id='word_1_99' title='bbox 1434 1341 1531 1400; x_wconf 87' lang='grc' dir='ltr'><strong><em>τόν</em></strong></span> <span class='ocrx_word' id='word_1_100' title='bbox 1557 1367 1614 1400; x_wconf 89' lang='grc' dir='ltr'><strong><em>τε</em></strong></span> <span class='ocrx_word' id='word_1_101' title='bbox 1646 1341 1778 1399; x_wconf 79' lang='grc' dir='ltr'><strong><em>ἀπο·</em></strong></span> 
     </span>
     <span class='ocr_line' id='line_1_15' title="bbox 165 1424 1777 1500; baseline 0 -18"><span class='ocrx_word' id='word_1_102' title='bbox 165 1431 456 1483; x_wconf 81' lang='grc' dir='ltr'><strong><em>στείλαντα</em></strong></span> <span class='ocrx_word' id='word_1_103' title='bbox 487 1424 681 1500; x_wconf 88' lang='grc' dir='ltr'><strong><em>κύριον</em></strong></span> <span class='ocrx_word' id='word_1_104' title='bbox 720 1425 1137 1499; x_wconf 85' lang='grc' dir='ltr'><strong><em>παντοκράτορα</em></strong></span> <span class='ocrx_word' id='word_1_105' title='bbox 1178 1430 1270 1483; x_wconf 85' lang='grc' dir='ltr'><strong><em>καὶ</em></strong></span> <span class='ocrx_word' id='word_1_106' title='bbox 1310 1426 1408 1484; x_wconf 85' lang='grc' dir='ltr'><strong><em>τὸν</em></strong></span> <span class='ocrx_word' id='word_1_107' title='bbox 1449 1424 1777 1484; x_wconf 77' lang='grc' dir='ltr'><strong><em>ἀποστελλό-</em></strong></span> 
     </span>
    </p>

    <p class='ocr_par' dir='ltr' id='par_1_7' title="bbox 101 1507 1889 1920">
     <span class='ocr_line' id='line_1_16' title="bbox 101 1507 1889 1585; baseline -0.001 -17"><span class='ocrx_word' id='word_1_108' title='bbox 101 1538 142 1569; x_wconf 85' lang='lat'><strong><em>15</em></strong></span> <span class='ocrx_word' id='word_1_109' title='bbox 165 1534 334 1584; x_wconf 89' lang='grc' dir='ltr'><strong><em>μενον</em></strong></span> <span class='ocrx_word' id='word_1_110' title='bbox 362 1508 661 1582; x_wconf 77' lang='grc' dir='ltr'><strong><em>ὁμώνυμον</em></strong></span> <span class='ocrx_word' id='word_1_111' title='bbox 692 1509 767 1585; x_wconf 80' lang='grc' dir='ltr'><strong><em>τῶ</em></strong></span> <span class='ocrx_word' id='word_1_112' title='bbox 798 1508 1197 1567; x_wconf 81' lang='grc' dir='ltr'><strong><em>ἀποστείλαντι.</em></strong></span> <span class='ocrx_word' id='word_1_113' title='bbox 1252 1515 1301 1567; x_wconf 81' lang='lat'><strong><em>3.</em></strong></span> <span class='ocrx_word' id='word_1_114' title='bbox 1335 1517 1460 1568; x_wconf 90' lang='grc' dir='ltr'><strong><em>τίνα</em></strong></span> <span class='ocrx_word' id='word_1_115' title='bbox 1488 1510 1537 1566; x_wconf 83' lang='grc' dir='ltr'><strong><em>δ’</em></strong></span> <span class='ocrx_word' id='word_1_116' title='bbox 1574 1507 1644 1567; x_wconf 71' lang='grc' dir='ltr'><strong><em>ἂν</em></strong></span> <span class='ocrx_word' id='word_1_117' title='bbox 1669 1514 1778 1567; x_wconf 80' lang='grc' dir='ltr'><strong><em>ἕτε-</em></strong></span> <span class='ocrx_word' id='word_1_118' title='bbox 1799 1532 1889 1579; x_wconf 75' lang='lat'>(282)</span> 
     </span>
     <span class='ocr_line' id='line_1_17' title="bbox 165 1589 1778 1667; baseline 0 -17"><span class='ocrx_word' id='word_1_119' title='bbox 165 1619 264 1666; x_wconf 91' lang='grc' dir='ltr'><strong><em>ρον</em></strong></span> <span class='ocrx_word' id='word_1_120' title='bbox 308 1603 478 1660; x_wconf 76' lang='grc' dir='ltr'><strong><em>εἴποις</em></strong></span> <span class='ocrx_word' id='word_1_121' title='bbox 519 1593 616 1650; x_wconf 87' lang='grc' dir='ltr'><strong><em>τὸν</em></strong></span> <span class='ocrx_word' id='word_1_122' title='bbox 655 1590 1133 1667; x_wconf 87' lang='grc' dir='ltr'><strong><em>άποστελλόμενον</em></strong></span> <span class='ocrx_word' id='word_1_123' title='bbox 1172 1589 1206 1667; x_wconf 78' lang='grc' dir='ltr'>ἢ</span> <span class='ocrx_word' id='word_1_124' title='bbox 1244 1593 1340 1651; x_wconf 88' lang='grc' dir='ltr'><strong><em>τὸν</em></strong></span> <span class='ocrx_word' id='word_1_125' title='bbox 1382 1592 1473 1650; x_wconf 81' lang='grc' dir='ltr'><strong><em>διά</em></strong></span> <span class='ocrx_word' id='word_1_126' title='bbox 1503 1592 1778 1652; x_wconf 87' lang='grc' dir='ltr'><strong><em>πλειόνων</em></strong></span> 
     </span>
     <span class='ocr_line' id='line_1_18' title="bbox 164 1676 1777 1751; baseline -0.001 -16"><span class='ocrx_word' id='word_1_127' title='bbox 164 1677 299 1751; x_wconf 78' lang='grc' dir='ltr'><strong><em>ἡμῖν</em></strong></span> <span class='ocrx_word' id='word_1_128' title='bbox 329 1680 813 1751; x_wconf 88' lang='grc' dir='ltr'><strong><em>προηγορευμένον</em></strong></span> <span class='ocrx_word' id='word_1_129' title='bbox 852 1677 989 1735; x_wconf 84' lang='grc' dir='ltr'><strong><em>θεὸν</em></strong></span> <span class='ocrx_word' id='word_1_130' title='bbox 1030 1676 1228 1750; x_wconf 75' lang='grc' dir='ltr'><strong><em>λόγον,</em></strong></span> <span class='ocrx_word' id='word_1_131' title='bbox 1275 1676 1410 1751; x_wconf 82' lang='grc' dir='ltr'><strong><em>πρὸς</em></strong></span> <span class='ocrx_word' id='word_1_132' title='bbox 1441 1683 1541 1735; x_wconf 90' lang='grc' dir='ltr'><strong><em>τοῦ</em></strong></span> <span class='ocrx_word' id='word_1_133' title='bbox 1574 1676 1777 1750; x_wconf 83' lang='grc' dir='ltr'><strong><em>πατρὸς</em></strong></span> 
     </span>
     <span class='ocr_line' id='line_1_19' title="bbox 163 1757 1776 1835; baseline 0 -17"><span class='ocrx_word' id='word_1_134' title='bbox 163 1761 510 1819; x_wconf 78' lang='grc' dir='ltr'><strong><em>ἀπεστάλθαι</em></strong></span> <span class='ocrx_word' id='word_1_135' title='bbox 540 1757 935 1834; x_wconf 76' lang='grc' dir='ltr'><strong><em>ὁμολογοῦντα,</em></strong></span> <span class='ocrx_word' id='word_1_136' title='bbox 967 1767 1159 1834; x_wconf 84' lang='grc' dir='ltr'><strong><em>σαφῶς</em></strong></span> <span class='ocrx_word' id='word_1_137' title='bbox 1193 1763 1252 1818; x_wconf 76' lang='grc' dir='ltr'><strong><em>δὲ</em></strong></span> <span class='ocrx_word' id='word_1_138' title='bbox 1284 1761 1539 1835; x_wconf 80' lang='grc' dir='ltr'><strong><em>εἰρηκότα</em></strong></span> <span class='ocrx_word' id='word_1_139' title='bbox 1562 1758 1776 1819; x_wconf 64' lang='lat' dir='ltr'><strong><em>“datam</em></strong></span> 
     </span>
     <span class='ocr_line' id='line_1_20' title="bbox 167 1843 1777 1920; baseline 0 -17"><span class='ocrx_word' id='word_1_140' title='bbox 167 1845 328 1919; x_wconf 79' lang='grc' dir='ltr'><strong><em>δόξης</em></strong></span> <span class='ocrx_word' id='word_1_141' title='bbox 343 1845 655 1902; x_wconf 79' lang='grc' dir='ltr'><strong><em>ἀπέσταλκέ</em></strong></span> <span class='ocrx_word' id='word_1_142' title='bbox 673 1844 804 1918; x_wconf 84' lang='grc' dir='ltr'><strong><em>με;”</em></strong></span> <span class='ocrx_word' id='word_1_143' title='bbox 845 1849 1030 1918; x_wconf 84' lang='grc' dir='ltr'><strong><em>δηλῶν</em></strong></span> <span class='ocrx_word' id='word_1_144' title='bbox 1053 1843 1134 1902; x_wconf 79' lang='grc' dir='ltr'><strong><em>ὅτι</em></strong></span> <span class='ocrx_word' id='word_1_145' title='bbox 1158 1845 1534 1920; x_wconf 83' lang='grc' dir='ltr'><strong><em>προῦπάρχων</em></strong></span> <span class='ocrx_word' id='word_1_146' title='bbox 1560 1850 1620 1903; x_wconf 82' lang='grc' dir='ltr'><strong><em>ἐν</em></strong></span> <span class='ocrx_word' id='word_1_147' title='bbox 1637 1845 1777 1920; x_wconf 49' lang='grc' dir='ltr'><strong><em>,δόξῃ</em></strong></span> 
     </span>
    </p>

    <p class='ocr_par' dir='ltr' id='par_1_8' title="bbox 102 1928 1827 2340">
     <span class='ocr_line' id='line_1_21' title="bbox 102 1928 1779 2006; baseline -0.001 -18"><span class='ocrx_word' id='word_1_148' title='bbox 102 1959 144 1992; x_wconf 83' lang='lat'><strong><em>20</em></strong></span> <span class='ocrx_word' id='word_1_149' title='bbox 167 1935 232 2004; x_wconf 81' lang='grc' dir='ltr'><strong><em>τῇ</em></strong></span> <span class='ocrx_word' id='word_1_150' title='bbox 265 1928 412 2003; x_wconf 73' lang='grc' dir='ltr'><strong><em>παρὰ</em></strong></span> <span class='ocrx_word' id='word_1_151' title='bbox 441 1933 519 2006; x_wconf 74' lang='grc' dir='ltr'><strong><em>τῷ</em></strong></span> <span class='ocrx_word' id='word_1_152' title='bbox 548 1933 714 2003; x_wconf 85' lang='grc' dir='ltr'><strong><em>πατρὶ</em></strong></span> <span class='ocrx_word' id='word_1_153' title='bbox 743 1929 877 2003; x_wconf 76' lang='grc' dir='ltr'><strong><em>μετὰ</em></strong></span> <span class='ocrx_word' id='word_1_154' title='bbox 901 1933 1075 1987; x_wconf 88' lang='grc' dir='ltr'><strong><em>ταῦτα</em></strong></span> <span class='ocrx_word' id='word_1_155' title='bbox 1092 1929 1397 1988; x_wconf 83' lang='grc' dir='ltr'><strong><em>ἀπέσταλτο</em></strong></span> <span class='ocrx_word' id='word_1_156' title='bbox 1423 1932 1512 1987; x_wconf 81' lang='grc' dir='ltr'><strong><em>ἐπὶ</em></strong></span> <span class='ocrx_word' id='word_1_157' title='bbox 1542 1930 1607 1987; x_wconf 84' lang='grc' dir='ltr'><strong><em>τὰ</em></strong></span> <span class='ocrx_word' id='word_1_158' title='bbox 1638 1937 1779 2001; x_wconf 81' lang='grc' dir='ltr'><strong><em>ἔθνη</em></strong></span> 
     </span>
     <span class='ocr_line' id='line_1_22' title="bbox 167 2012 1780 2087; baseline -0.001 -16"><span class='ocrx_word' id='word_1_159' title='bbox 167 2015 232 2072; x_wconf 80' lang='grc' dir='ltr'><strong><em>τὰ</em></strong></span> <span class='ocrx_word' id='word_1_160' title='bbox 263 2012 646 2071; x_wconf 83' lang='grc' dir='ltr'><strong><em>σκυλεύσαντα</em></strong></span> <span class='ocrx_word' id='word_1_161' title='bbox 686 2012 856 2086; x_wconf 74' lang='grc' dir='ltr'><strong><em>ὑμᾶς·</em></strong></span> <span class='ocrx_word' id='word_1_162' title='bbox 917 2017 1005 2071; x_wconf 84' lang='grc' dir='ltr'><strong><em>ἐπὶ</em></strong></span> <span class='ocrx_word' id='word_1_163' title='bbox 1043 2012 1148 2087; x_wconf 79' lang='grc' dir='ltr'><strong><em>γάρ</em></strong></span> <span class='ocrx_word' id='word_1_164' title='bbox 1189 2012 1254 2071; x_wconf 78' lang='grc' dir='ltr'><strong><em>τά</em></strong></span> <span class='ocrx_word' id='word_1_165' title='bbox 1295 2013 1565 2087; x_wconf 88' lang='grc' dir='ltr'><strong><em>πρότερον</em></strong></span> <span class='ocrx_word' id='word_1_166' title='bbox 1608 2012 1780 2087; x_wconf 77' lang='grc' dir='ltr'><strong><em>ἐχθρά</em></strong></span> 
     </span>
     <span class='ocr_line' id='line_1_23' title="bbox 169 2095 1779 2170; baseline 0 -16"><span class='ocrx_word' id='word_1_167' title='bbox 169 2101 260 2155; x_wconf 87' lang='grc' dir='ltr'><strong><em>καὶ</em></strong></span> <span class='ocrx_word' id='word_1_168' title='bbox 298 2100 528 2170; x_wconf 84' lang='grc' dir='ltr'><strong><em>πολέμια</em></strong></span> <span class='ocrx_word' id='word_1_169' title='bbox 566 2101 667 2154; x_wconf 86' lang='grc' dir='ltr'><strong><em>τοῦ</em></strong></span> <span class='ocrx_word' id='word_1_170' title='bbox 706 2102 843 2155; x_wconf 92' lang='grc' dir='ltr'><strong><em>λαοῦ</em></strong></span> <span class='ocrx_word' id='word_1_171' title='bbox 883 2103 980 2155; x_wconf 88' lang='grc' dir='ltr'><strong><em>τοῦ</em></strong></span> <span class='ocrx_word' id='word_1_172' title='bbox 1018 2103 1158 2155; x_wconf 91' lang='grc' dir='ltr'><strong><em>θεοῦ</em></strong></span> <span class='ocrx_word' id='word_1_173' title='bbox 1201 2104 1342 2170; x_wconf 78' lang='grc' dir='ltr'><strong><em>ἔθνη</em></strong></span> <span class='ocrx_word' id='word_1_174' title='bbox 1383 2097 1712 2164; x_wconf 78' lang='grc' dir='ltr'><strong><em>ἀποσταλεὶς</em></strong></span> <span class='ocrx_word' id='word_1_175' title='bbox 1751 2095 1779 2154; x_wconf 84' lang='grc' dir='ltr'>ὁ</span> 
     </span>
     <span class='ocr_line' id='line_1_24' title="bbox 167 2179 1781 2255; baseline 0 -15"><span class='ocrx_word' id='word_1_176' title='bbox 167 2186 264 2240; x_wconf 84' lang='grc' dir='ltr'><strong><em>τοῦ</em></strong></span> <span class='ocrx_word' id='word_1_177' title='bbox 294 2186 434 2240; x_wconf 85' lang='grc' dir='ltr'><strong><em>θεοῦ</em></strong></span> <span class='ocrx_word' id='word_1_178' title='bbox 465 2181 624 2254; x_wconf 85' lang='grc' dir='ltr'><strong><em>λόγος</em></strong></span> <span class='ocrx_word' id='word_1_179' title='bbox 654 2179 822 2239; x_wconf 80' lang='grc' dir='ltr'><strong><em>ταῦθ’</em></strong></span> <span class='ocrx_word' id='word_1_180' title='bbox 856 2179 960 2254; x_wconf 80' lang='grc' dir='ltr'><strong><em>ὑφ’</em></strong></span> <span class='ocrx_word' id='word_1_181' title='bbox 1004 2181 1204 2240; x_wconf 77' lang='grc' dir='ltr'><strong><em>ἑαυτὸν</em></strong></span> <span class='ocrx_word' id='word_1_182' title='bbox 1243 2179 1506 2255; x_wconf 77' lang='grc' dir='ltr'><strong><em>ἠγάγετο,</em></strong></span> <span class='ocrx_word' id='word_1_183' title='bbox 1550 2181 1781 2241; x_wconf 85' lang='grc' dir='ltr'><strong><em>σκυλεύ-</em></strong></span> 
     </span>
     <span class='ocr_line' id='line_1_25' title="bbox 168 2260 1827 2340; baseline 0.002 -18"><span class='ocrx_word' id='word_1_184' title='bbox 168 2285 266 2333; x_wconf 91' lang='grc' dir='ltr'><strong><em>σας</em></strong></span> <span class='ocrx_word' id='word_1_185' title='bbox 297 2264 436 2323; x_wconf 80' lang='grc' dir='ltr'><strong><em>αῦτὰ</em></strong></span> <span class='ocrx_word' id='word_1_186' title='bbox 462 2266 554 2323; x_wconf 77' lang='grc' dir='ltr'><strong><em>διὰ</em></strong></span> <span class='ocrx_word' id='word_1_187' title='bbox 577 2271 690 2323; x_wconf 90' lang='grc' dir='ltr'><strong><em>τῶν</em></strong></span> <span class='ocrx_word' id='word_1_188' title='bbox 715 2262 888 2323; x_wconf 76' lang='grc' dir='ltr'><strong><em>αὑτοῦ</em></strong></span> <span class='ocrx_word' id='word_1_189' title='bbox 911 2270 1198 2340; x_wconf 76' lang='grc' dir='ltr'><strong><em>μαθητῶν,</em></strong></span> <span class='ocrx_word' id='word_1_190' title='bbox 1231 2271 1429 2333; x_wconf 79' lang='grc' dir='ltr'><strong><em>οἵτινες</em></strong></span> <span class='ocrx_word' id='word_1_191' title='bbox 1454 2260 1597 2339; x_wconf 79' lang='grc' dir='ltr'><strong><em>ἦσαν</em></strong></span> <span class='ocrx_word' id='word_1_192' title='bbox 1620 2271 1781 2340; x_wconf 85' lang='grc' dir='ltr'><strong><em>μέρος</em></strong></span> <span class='ocrx_word' id='word_1_193' title='bbox 1807 2293 1827 2325; x_wconf 87' lang='lat' dir='ltr'>b</span> 
     </span>
    </p>

    <p class='ocr_par' dir='ltr' id='par_1_9' title="bbox 105 2348 1783 2758">
     <span class='ocr_line' id='line_1_26' title="bbox 105 2348 1780 2424; baseline -0.002 -15"><span class='ocrx_word' id='word_1_194' title='bbox 105 2379 146 2410; x_wconf 83' lang='lat'><strong><em>25</em></strong></span> <span class='ocrx_word' id='word_1_195' title='bbox 168 2356 265 2408; x_wconf 89' lang='grc' dir='ltr'><strong><em>τοῦ</em></strong></span> <span class='ocrx_word' id='word_1_196' title='bbox 290 2354 350 2407; x_wconf 86' lang='grc' dir='ltr'><strong><em>ἐκ</em></strong></span> <span class='ocrx_word' id='word_1_197' title='bbox 373 2354 666 2424; x_wconf 80' lang='grc' dir='ltr'><strong><em>περιτομῆς</em></strong></span> <span class='ocrx_word' id='word_1_198' title='bbox 691 2356 845 2422; x_wconf 68' lang='grc' dir='ltr'><strong><em>λαοῦ,</em></strong></span> <span class='ocrx_word' id='word_1_199' title='bbox 877 2348 1069 2407; x_wconf 75' lang='grc' dir='ltr'><strong><em>ὅντινα</em></strong></span> <span class='ocrx_word' id='word_1_200' title='bbox 1091 2350 1261 2407; x_wconf 89' lang='grc' dir='ltr'><strong><em>πάλαι</em></strong></span> <span class='ocrx_word' id='word_1_201' title='bbox 1291 2350 1780 2408; x_wconf 86' lang='grc' dir='ltr'><strong><em>καταδεδούλωντο</em></strong></span> 
     </span>
     <span class='ocr_line' id='line_1_27' title="bbox 169 2431 1778 2510; baseline 0 -20"><span class='ocrx_word' id='word_1_202' title='bbox 169 2434 234 2490; x_wconf 76' lang='grc' dir='ltr'><strong><em>τοὶ</em></strong></span> <span class='ocrx_word' id='word_1_203' title='bbox 265 2441 406 2507; x_wconf 78' lang='grc' dir='ltr'><strong><em>ἔθνη</em></strong></span> <span class='ocrx_word' id='word_1_204' title='bbox 439 2433 820 2492; x_wconf 87' lang='grc' dir='ltr'><strong><em>σκυλεύσαντα</em></strong></span> <span class='ocrx_word' id='word_1_205' title='bbox 844 2431 1014 2491; x_wconf 80' lang='grc' dir='ltr'><strong><em>αὐτὸν</em></strong></span> <span class='ocrx_word' id='word_1_206' title='bbox 1054 2441 1121 2508; x_wconf 81' lang='grc' dir='ltr'><strong><em>τῇ</em></strong></span> <span class='ocrx_word' id='word_1_207' title='bbox 1156 2441 1332 2510; x_wconf 80' lang='grc' dir='ltr'><strong><em>οἰκεία</em></strong></span> <span class='ocrx_word' id='word_1_208' title='bbox 1367 2440 1778 2509; x_wconf 78' lang='grc' dir='ltr'><strong><em>εἰδωλολατρία.</em></strong></span> 
     </span>
     <span class='ocr_line' id='line_1_28' title="bbox 171 2511 1781 2591; baseline 0.001 -19"><span class='ocrx_word' id='word_1_209' title='bbox 171 2522 218 2573; x_wconf 83' lang='grc'><strong><em>4.</em></strong></span> <span class='ocrx_word' id='word_1_210' title='bbox 262 2517 411 2574; x_wconf 81' lang='grc' dir='ltr'><strong><em>ταῦτ’</em></strong></span> <span class='ocrx_word' id='word_1_211' title='bbox 458 2511 561 2575; x_wconf 78' lang='grc' dir='ltr'><strong><em>οὖν</em></strong></span> <span class='ocrx_word' id='word_1_212' title='bbox 605 2539 742 2591; x_wconf 87' lang='grc' dir='ltr'><strong><em>φησι</em></strong></span> <span class='ocrx_word' id='word_1_213' title='bbox 783 2525 1076 2576; x_wconf 88' lang='grc' dir='ltr'><strong><em>πείσεσθαι</em></strong></span> <span class='ocrx_word' id='word_1_214' title='bbox 1125 2518 1191 2574; x_wconf 78' lang='grc' dir='ltr'><strong><em>τά</em></strong></span> <span class='ocrx_word' id='word_1_215' title='bbox 1234 2525 1375 2590; x_wconf 81' lang='grc' dir='ltr'><strong><em>ἔθνη</em></strong></span> <span class='ocrx_word' id='word_1_216' title='bbox 1417 2516 1557 2591; x_wconf 76' lang='grc' dir='ltr'><strong><em>ἅπερ</em></strong></span> <span class='ocrx_word' id='word_1_217' title='bbox 1599 2520 1781 2574; x_wconf 78' lang='grc' dir='ltr'><strong><em>διατέ-</em></strong></span> 
     </span>
     <span class='ocr_line' id='line_1_29' title="bbox 172 2598 1782 2678; baseline 0 -20"><span class='ocrx_word' id='word_1_218' title='bbox 172 2611 378 2658; x_wconf 84' lang='grc' dir='ltr'><strong><em>θεικεν.</em></strong></span> <span class='ocrx_word' id='word_1_219' title='bbox 440 2600 512 2668; x_wconf 79' lang='grc' dir='ltr'><strong><em>ὡς</em></strong></span> <span class='ocrx_word' id='word_1_220' title='bbox 535 2600 638 2675; x_wconf 76' lang='grc' dir='ltr'><strong><em>γὰρ</em></strong></span> <span class='ocrx_word' id='word_1_221' title='bbox 662 2600 758 2659; x_wconf 72' lang='grc' dir='ltr'><strong><em>τὸν</em></strong></span> <span class='ocrx_word' id='word_1_222' title='bbox 782 2601 916 2660; x_wconf 87' lang='grc' dir='ltr'><strong><em>λαὸν</em></strong></span> <span class='ocrx_word' id='word_1_223' title='bbox 940 2606 1036 2659; x_wconf 88' lang='grc' dir='ltr'><strong><em>τοῦ</em></strong></span> <span class='ocrx_word' id='word_1_224' title='bbox 1060 2607 1200 2659; x_wconf 84' lang='grc' dir='ltr'><strong><em>θεοῦ</em></strong></span> <span class='ocrx_word' id='word_1_225' title='bbox 1224 2604 1319 2673; x_wconf 79' lang='grc' dir='ltr'><strong><em>τῆς</em></strong></span> <span class='ocrx_word' id='word_1_226' title='bbox 1343 2600 1598 2678; x_wconf 73' lang='grc' dir='ltr'><strong><em>πατρῴας</em></strong></span> <span class='ocrx_word' id='word_1_227' title='bbox 1623 2598 1782 2659; x_wconf 80' lang='grc' dir='ltr'><strong><em>εὐσε-</em></strong></span> 
     </span>
     <span class='ocr_line' id='line_1_30' title="bbox 175 2684 1783 2758; baseline 0.002 -18"><span class='ocrx_word' id='word_1_228' title='bbox 175 2690 328 2754; x_wconf 85' lang='grc' dir='ltr'><strong><em>βείας</em></strong></span> <span class='ocrx_word' id='word_1_229' title='bbox 350 2684 802 2758; x_wconf 80' lang='grc' dir='ltr'><strong><em>μεταστησάμενοι</em></strong></span> <span class='ocrx_word' id='word_1_230' title='bbox 834 2692 1010 2743; x_wconf 91' lang='grc' dir='ltr'><strong><em>σκῦλα</em></strong></span> <span class='ocrx_word' id='word_1_231' title='bbox 1033 2700 1145 2752; x_wconf 76' lang='grc' dir='ltr'><strong><em>τοῖς</em></strong></span> <span class='ocrx_word' id='word_1_232' title='bbox 1181 2691 1342 2751; x_wconf 79' lang='grc' dir='ltr'><strong><em>ἰδίοις</em></strong></span> <span class='ocrx_word' id='word_1_233' title='bbox 1378 2690 1599 2758; x_wconf 91' lang='grc' dir='ltr'><strong><em>δαίμοσι</em></strong></span> <span class='ocrx_word' id='word_1_234' title='bbox 1623 2710 1783 2744; x_wconf 84' lang='grc' dir='ltr'><strong><em>κατε-</em></strong></span> 
     </span>
    </p>
   </div>
   <div class='ocr_carea' id='block_1_4' title="bbox 289 2878 607 2926">
    <p class='ocr_par' dir='ltr' id='par_1_10' title="bbox 289 2878 607 2926">
     <span class='ocr_line' id='line_1_31' title="bbox 289 2878 607 2926; baseline 0 -10"><span class='ocrx_word' id='word_1_235' title='bbox 289 2879 312 2916; x_wconf 76' lang='lat'><strong>2</strong></span> <span class='ocrx_word' id='word_1_236' title='bbox 344 2878 607 2926; x_wconf 78' lang='lat' dir='ltr'><strong>Zaeh.2‚8.</strong></span> 
     </span>
    </p>
   </div>
  </div>
 </body>
</html>
