1992 3186
250 119 355 171 288
935 118 1181 160 EUSEBII

254 241 470 308 εἴδησιν
503 235 812 308 ἐσχηκέναι·
861 237 1035 291 καλοῦ
1059 234 1235 291 δὲκαὶ
1265 238 1440 308 σοφοῦ
1465 233 1701 308 μηδενὸς
1734 237 1860 307 ἐπη-

254 319 453 392 βόλους
486 319 628 376 εἶναι
662 317 929 391 δόγματος
960 317 1300 392 φιλοσόφου,
1341 317 1414 391 μὴ
1446 327 1752 391 πολιτείας,
1787 319 1861 392 μὴ

253 403 428 477 νόμου
458 402 613 479 ὀρθῷ
645 401 790 478 λόγῳ
831 405 1112 476 κειμένου·
1174 409 1385 476 μᾶλλον
1417 404 1507 475 δὲ,
1541 410 1591 460 εἰ
1619 400 1720 477 χρὴ
1752 401 1862 475 φά-

207 511 229 542 b
253 513 345 546 ναι
387 489 656 562 ἐλευθέρᾳ
707 491 899 560 φωνῇ,
949 485 1178 554 τούτους
1229 486 1475 555 ἅπαντας
1524 485 1861 561 ἀρχεκάκους

252 569 512 646 ἡγεῖσθαι
563 573 702 644 χρῆν
745 572 1057 643 γεγονέναι·
1114 576 1171 628 οἱ
1211 569 1278 644 δὴ
1321 573 1446 643 περὶ
1487 577 1646 644 σφῶν
1677 570 1906 628 αὐτῶνῡ

252 663 496 729 μοιχείας
527 658 619 711 καὶ
649 652 1058 729 ἀρρενομιξίας,
1090 663 1463 729 μητρογαμίας
1492 679 1552 712 τε
1581 657 1674 712 καὶ
1704 654 1862 712 ἀδελ-

251 746 380 813 φῶν
412 742 716 813 ἐκθέσμους
747 746 1070 812 κοινωνίας,
1103 742 1195 796 καὶ
1226 746 1426 814 μυρίας
1457 738 1625 806 ἄλλας
1654 750 1864 812 θεομα-

254 832 403 898 χίας,
436 830 640 897 ἕχθρας
671 849 728 881 τε
759 827 850 880 καὶ
882 827 1153 898 πολέμους
1182 830 1337 882 θεῶν
1367 822 1502 898 πρὸς
1531 822 1730 895 θεοὺς,
1761 821 1864 881 ἀν-

250 907 500 981 θρώπων
530 931 589 965 τε
620 906 790 984 ᾠδαῖς
821 911 913 965 καὶ
943 906 1138 981 ὕμνοις
1169 911 1261 966 καὶ
1295 907 1622 982 διηγήμασι,
1653 925 1863 981 μυστη·

252 999 391 1065 ρι’ων
421 1016 479 1050 τε
523 996 581 1049 έν
619 991 948 1066 ἀπορρήτοις
989 1003 1230 1060 τελεταῖς
1270 992 1550 1066 λεγόντων
1579 990 1863 1066 ἀκροώμε-
1886 1021 1926 1052 10

251 1103 367 1150 νοι,
401 1075 586 1142 οὐδεὶς
616 1080 754 1148 γοῦν
795 1074 980 1134 αὐτῶν
1011 1076 1230 1135 πώποτε
1274 1079 1361 1133 ἐπὶ
1391 1091 1505 1143 τοῖς
1538 1079 1862 1149 εἰρημένοις,

255 1161 328 1229 ὡς
363 1157 450 1217 ἐπ’
485 1158 806 1228 ἀκολάστοις
830 1163 921 1217 καὶ
943 1163 1081 1238 μηδὲ
1106 1160 1391 1236 σώφροσιν
1413 1159 1732 1234 ἀνθρώποις
1763 1160 1864 1234 ἀρ-

202 1278 220 1300 e
254 1245 478 1319 μόζουσι
519 1259 755 1318 φρονεῖν
796 1240 828 1317 ἢ
869 1247 1051 1317 λέγειν
1080 1244 1146 1302 τὰ
1175 1251 1430 1316 τοιαῦτα,
1473 1243 1862 1317 ἀγανακτήσας

251 1337 525 1402 φαίνεται.
592 1333 671 1385 18.
708 1332 800 1385 καὶ
831 1336 888 1385 τί
913 1354 981 1402 με
1012 1328 1114 1402 χρὴ
1149 1335 1554 1401 διατείνεσθαι,
1597 1328 1776 1402 παρὸν
1809 1331 1860 1397 ἐξ

254 1415 376 1479 ἑνὸς
405 1416 503 1470 τοῦ
534 1420 794 1485 μεγίστου
826 1419 1266 1487 παραδείγματος
1297 1414 1357 1470 τὸ
1379 1412 1530 1486 ὠμὸν
1560 1415 1652 1470 καὶ
1681 1411 1862 1470 ἀπάν-
1886 1438 1926 1471 15

250 1508 485 1571 θρωπον
516 1500 608 1553 καὶ
640 1493 712 1563 ὦς
736 1496 960 1570 ἀληθῶς
983 1497 1184 1572 μιαρὸν
1207 1501 1318 1555 τῶν
1341 1501 1699 1571 δηλουμένων
1725 1516 1862 1554 συν-

251 1585 415 1655 ορᾶν;
467 1584 608 1652 λέγω
651 1582 711 1638 δὲ
752 1585 811 1638 ἐκ
851 1587 946 1655 τῆς
986 1580 1476 1654 ἀνθρωποθυσίας.
1542 1587 1622 1639 19.
1655 1581 1715 1638 τὸ
1755 1579 1860 1656 γὰρ

251 1666 325 1739 μὴ
356 1665 528 1738 μόνον
551 1662 769 1737 ἀλόγων
793 1665 947 1741 ζῴων
969 1679 1210 1740 σφαγαῖς
1231 1673 1464 1740 χαίρειν,
1490 1663 1628 1722 ἀλλά
1649 1668 1741 1722 καὶ
1760 1665 1861 1722 ἀν-

251 1749 501 1823 θρώπων
544 1749 868 1822 ἀπωλείαις,
912 1758 1072 1817 ποίας
1105 1749 1381 1823 ὠμότητος
1411 1749 1729 1822 ὑπερβολὴν
1758 1748 1858 1822 οὐχ

248 1833 677 1907 ὑπερηκόντισες
719 1839 891 1892 ταῦτα
930 1833 1035 1907 γὰρ
1065 1828 1163 1906 ἦν,
1211 1829 1283 1899 ὠς
1323 1840 1491 1906 ἔφην,
1535 1835 1601 1889 τὰ
1645 1831 1734 1890 δια
1764 1839 1858 1908 τῆς
1882 1860 1924 1892 20

251 1921 731 1992 Προπαρασκευῆς
764 1921 817 1985 ἐξ
841 1916 1026 1975 αὐτῶν
1045 1920 1157 1974 τῶν
1179 1916 1514 1989 Ἑλληνικῶν
1534 1916 1859 1990 φιλοσόφων

202 2023 225 2055 <1
249 2025 308 2058 τε
349 2004 441 2058 καὶ
480 2003 854 2075 συγγραφέων
890 2003 1376 2074 μεμαρτυρημένα,
1421 2004 1472 2069 ἐξ
1515 1993 1593 2058 οἶν
1633 2004 1725 2058 καὶ
1754 2000 1860 2075 μά-

251 2093 407 2140 λιστα
441 2090 699 2156 δαίμονες
729 2083 884 2150 ὄντες
915 2087 1146 2158 πονηροὶ
1171 2085 1539 2153 πολυπλόκοις
1568 2099 1857 2158 μηχαναῖς,

249 2169 366 2225 τοτὲ
398 2169 498 2240 μὲν
527 2181 645 2234 ταῖς
678 2166 770 2224 διὰ
799 2175 1100 2242 μαντειῶν,
1135 2170 1254 2226 τοτὲ
1286 2169 1347 2226 δὲ
1377 2184 1496 2236 ταῖς
1530 2169 1603 2226 δι’
1641 2174 1858 2227 οἰωνῶν

249 2248 283 2324 ἢ
315 2250 612 2325 συμβόλων
642 2248 675 2324 ἢ
705 2251 975 2325 θυμάτων
1004 2250 1039 2325 ἢ
1069 2259 1182 2310 τῶν
1212 2261 1632 2327 παραπλησίων,
1664 2252 1726 2310 τὸ
1757 2250 1857 2311 ἀν-
1880 2280 1922 2312 25

249 2335 534 2408 θρώπειον
565 2339 987 2408 διαστρέφοντες
1018 2339 1175 2409 γένος
1207 2343 1540 2395 δείκνυνται.
1623 2342 1706 2394 20.
1746 2335 1856 2394 διό-

250 2443 352 2493 περ
383 2417 734 2492 ἀποφαντέον
766 2419 952 2476 αὐτῶν
972 2419 1038 2477 τά
1067 2419 1368 2493 χρηστήρια
1389 2419 1462 2494 μὴ
1482 2425 1579 2478 τοῦ
1606 2422 1692 2477 ἐπὶ
1715 2420 1852 2478 πάν-

139 2528 225 2568 1131]
251 2529 363 2560 των
393 2506 682 2576 γεγονέναι
721 2509 876 2561 θεοῦ.
949 2502 1155 2562 οὐκοῦν
1193 2503 1325 2563 οὐδὲ
1366 2512 1688 2578 συγκρίνειν
1718 2502 1858 2562 αὐτὰ

249 2601 362 2654 τοῖς
385 2587 658 2660 Ἑβραίων
687 2587 992 2662 προφήταις
1022 2588 1252 2660 θεμιτὸν
1282 2585 1351 2645 ἀν
1383 2599 1466 2661 εἴη
1484 2634 1497 2660 ,
1536 2581 1615 2647 (ἦν
1644 2585 1672 2646 ὁ
1703 2595 1855 2663 πρῶ-

249 2696 339 2737 τος
392 2671 719 2745 ἱεροφάντης
765 2675 856 2730 καὶ
907 2671 1169 2744 θεολόγος
1218 2674 1411 2744 γέγονε
1454 2677 1690 2746 Μωσῆς·
1747 2674 1853 2731 θέα
1875 2699 1917 2732 30

248 2753 397 2812 ὅσων
435 2754 668 2826 ἀγαθῶν
719 2762 794 2832 τῷ
835 2763 939 2834 βίω
979 2763 1261 2826 παραίτιος
1314 2759 1569 2829 κατέστη·
1634 2759 1853 2829 πρῶτον

148 2863 224 2903 207)
249 2838 351 2910 μὲν
385 2838 673 2911 δογμάτων
705 2839 1078 2913 εὐαγγελικῶν
1099 2843 1190 2897 καὶ
1222 2839 1452 2913 ἀληθῶν
1473 2844 1598 2915 περὶ
1619 2844 1717 2898 τοῦ
1736 2863 1851 2898 ποι-
