1946 3158
241 127 305 178 18
916 128 1167 170 EUSEBII

233 242 262 301 5
290 244 350 301 δὲ
381 243 588 318 καρπὸς
617 249 731 301 τῶν
759 241 1120 316 γεννημάτων
1149 243 1348 316 πολὺς,
1379 247 1494 311 πῶς
1527 247 1642 302 δέοι
1671 268 1845 319 παρα-

234 335 474 402 κομίζειν
503 337 732 386 οἰκοθεν
763 334 840 394 εἰς
869 326 966 385 τὸν
995 330 1096 385 τοῦ
1123 331 1265 386 θεοῦ
1281 327 1453 386 τόπον
1481 327 1609 395 τούς
1642 333 1846 388 ἐπετεί-

234 437 331 479 ους
381 412 628 487 καρποὺς
678 418 774 484 τῆς
825 410 1279 485 ὁλοκαυτώσεως,
1333 415 1425 470 καὶ
1473 415 1602 486 περὶ
1641 412 1844 472 τούτου

233 496 397 555 τόνδε
426 503 617 570 τίθησι
650 495 745 554 τὸν
774 494 947 570 νόμον
988 495 1107 553 18.
1111 492 1231 554 ἐὰν
1273 498 1334 554 δε
1373 495 1592 571 μακράν
1621 500 1846 571 γένηται

235 579 342 638 ἀπὸ
373 584 476 639 σοῦ
505 578 539 653 ἡ
570 578 730 653 ὁδὸς,
762 583 853 638 καὶ
885 579 959 654 μὴ
991 579 1205 656 δυνήσῃ
1237 578 1540 655 ἀναφέρειν
1570 580 1729 654 αὐτοὶ,
1761 579 1846 640 ὅτι
1888 608 1910 640 ⁵

234 666 453 740 μακρὰν
494 664 602 722 ἀπὸ
643 667 746 722 σοῦ
784 661 812 723 5
855 663 1018 732 τόπος
1058 663 1125 723 ὃν
1163 663 1233 722 άν
1276 669 1552 739 ἐκλέξηται
1596 665 1787 740 κύριος
1817 665 1846 724 ὁ

233 748 367 816 θεός
399 770 535 822 σου,
570 752 937 823 ἐπικληθῆναι
967 749 1026 808 τὸ
1055 748 1229 823 ὄνομα
1261 747 1434 808 αὐτοῦ
1477 753 1608 822 ἐκεῖ,
1640 749 1724 807 ὅτι
1755 747 1850 808 εὐ-

236 833 458 906 λογήσει
499 853 562 892 σε
601 832 791 908 κύριος
829 833 858 891 ὁ
889 833 1021 901 θεός
1065 854 1196 906 σου,
1238 837 1329 891 καὶ
1369 832 1678 902 ἀποδώσεις
1709 833 1849 892 αὐτοὶ

237 918 539 992 ἀργυρίου,
588 921 681 975 καὶ
711 917 861 992 λήψῃ
892 917 952 976 τὸ
994 916 1266 992 ἀργύριον
1298 922 1358 976 ἐν
1387 934 1506 986 ταῖς
1537 926 1695 994 χερσί
1723 937 1845 992 σου,

236 1006 328 1061 καὶ
358 1002 605 1078 πορεύσῃ
648 1009 725 1069 εἰς
769 1001 865 1061 τὸν
903 1002 1073 1061 τόπον
1114 1001 1180 1062 ὂν
1223 1001 1293 1060 ἂν
1339 1006 1617 1077 ἐκλέξηται
1661 1002 1848 1078 κύριος
1873 1032 1914 1063 10

235 1084 263 1144 5
296 1086 428 1154 θεός
460 1105 562 1145 σου
594 1086 795 1160 αὐτὸν,
837 1089 925 1144 καὶ
961 1087 1155 1155 δώσεις
1185 1087 1245 1144 τὸ
1289 1086 1557 1162 ἀργύριον
1589 1091 1678 1146 ἐπὶ
1706 1110 1851 1146 παν-

234 1170 324 1238 τὸς
365 1164 433 1229 οὗ
471 1168 541 1229 ἂν
572 1175 819 1246 ἐπιθυμῇ
850 1168 884 1244 ἡ
915 1171 1065 1245 ψυχή
1106 1191 1236 1245 σου,
1280 1175 1370 1230 ἐπὶ
1411 1175 1639 1244 βουσὶν,
1680 1169 1715 1245 ἢ
1759 1174 1849 1230 ἐπὶ

235 1255 562 1328 προβάτοις,
605 1253 759 1328 ἢέπὶ
799 1266 960 1333 οἴνῳ,
992 1253 1026 1329 ἢ
1054 1259 1141 1314 ἐπὶ
1173 1259 1394 1332 σικέρᾳ,
1437 1253 1470 1330 ἢ
1514 1258 1602 1314 ἐπὶ
1643 1254 1850 1324 παντὸς

236 1333 306 1399 οὗ
336 1338 407 1398 ἂν
439 1343 686 1414 ἐπιθυμῇ
717 1336 751 1413 ἡ
785 1340 934 1414 ψυχή
966 1359 1096 1413 σου,
1136 1343 1228 1398 καὶ
1270 1345 1422 1415 φαγῇ
1454 1345 1570 1399 ἐκεῖ
1598 1344 1852 1400 ἐναντίον

238 1433 437 1499 κυρίου
467 1429 564 1483 τοῦ
595 1431 736 1483 θεοῦ
767 1423 925 1482 σου.”
1872 1451 1914 1484 15

367 1515 448 1566 19.
481 1512 594 1567 Καὶ
624 1502 790 1577 αὖθις
816 1509 914 1566 τὸν
942 1508 1114 1567 τόπον
1135 1512 1583 1585 ἐπισφραγίζεται
1605 1501 1720 1567 οἶδέ
1736 1533 1852 1577 πως

235 1592 469 1667 φάσκων
490 1593 645 1652 “miv
674 1592 1024 1669 πρωτότοκον
1053 1591 1084 1652 ὃ
1114 1592 1211 1653 ἐὰν
1239 1596 1414 1668 τεχθῇ
1444 1597 1504 1652 ἐν
1542 1607 1655 1661 τοῖς
1685 1600 1855 1666 βουσί

238 1698 370 1753 σου,
402 1680 494 1736 καὶ
527 1682 588 1736 ἐν
627 1693 741 1745 τοῖς
782 1677 1078 1752 προβάτοις
1118 1698 1248 1751 σου,
1289 1678 1355 1735 τὰ
1394 1675 1657 1752 ἀρσενικὰ
1687 1676 1852 1735 άποί-

201 1794 217 1814 e
237 1783 350 1829 σεις
382 1768 558 1840 κυρίῳ
589 1768 664 1839 τῷ
695 1766 813 1839 θεῷ
845 1781 962 1820 σου.
1025 1755 1128 1819 οὐκ
1160 1765 1291 1837 ἐργᾷ
1325 1765 1384 1819 ἐν
1413 1766 1487 1838 τῷ
1519 1761 1849 1839 πρωτοτόκῳ

236 1846 422 1923 μόσχῳ
454 1865 556 1903 σου
575 1891 590 1918 ,
632 1849 725 1903 καὶ
763 1846 837 1919 μὴ
869 1852 1058 1920 κείρῃς
1096 1844 1156 1903 τὸ
1197 1844 1548 1919 πρωτότοκον
1576 1850 1689 1904 τῶν
1718 1871 1848 1922 προ·
1872 1873 1915 1905 20

239 1927 428 2003 βάτων
459 1946 585 1988 σου’
636 1933 890 1988 ἐναντίον
913 1935 1112 2005 κυρίου
1135 1933 1386 1988 τοῦθεοῦ
1397 1951 1500 1989 σου
1530 1938 1682 2006 φαγῇ
1714 1928 1850 1989 αὐτὸ

238 2013 494 2073 ἐνιαυτὸν
549 2017 603 2083 ἐξ
651 2017 930 2087 ἐνιαυτοῦ,
986 2018 1046 2072 ἐν
1087 2021 1163 2092 τῷ
1203 2013 1352 2092 τόπῳ
1386 2007 1430 2091 ᾦ
1470 2011 1540 2074 ἂν
1572 2019 1851 2089 ἐκλέξηται

237 2098 427 2174 κύριος
457 2098 486 2156 5
518 2098 650 2166 θεός
682 2117 812 2172 σου,
845 2097 917 2156 σύ
947 2101 1038 2156 καὶ
1069 2098 1097 2156 5
1128 2098 1277 2166 οἶκός
1308 2098 1462 2157 σου.”

361 2188 445 2242 20.
480 2183 643 2242 Μετὰ
684 2187 856 2241 ταῦτα
895 2182 1063 2241 πάλιν
1101 2185 1208 2241 θέα
1247 2189 1373 2240 τίνα
1410 2183 1616 2258 τρόπον
1661 2184 1850 2242 καὶτὰ

240 2270 369 2343 περὶ
389 2292 501 2327 των
526 2271 736 2342 ἑορτων
763 2270 1071 2326 διαστέλλει
1095 2292 1196 2325 ουκ
1220 2265 1419 2326 ἄλλοθι
1443 2272 1542 2341 γῆς
1573 2267 1695 2326 ἀλλ’
1725 2265 1759 2342 ἦ
1785 2272 1847 2327 ἐν
1870 2294 1912 2327 25

239 2352 392 2439 μόνῳ
430 2377 506 2430 τῳ
549 2356 872 2430 δηλουμένῳ
911 2351 1061 2430 τόπῳ
1102 2358 1513 2426 πανηγυρίζειν.
1597 2355 1745 2425 λέγει
1790 2349 1847 2410 δ’

238 2430 385 2495 οὖν
390 2434 651 2511 φύλαξαι
689 2436 786 2495 τὸν
828 2441 977 2511 μῆνα
1014 2441 1126 2495 τῶν
1162 2439 1337 2509 νέων,
1377 2439 1470 2493 καὶ
1510 2436 1757 2509 ποιήσεις
1787 2436 1848 2494 τὸ

238 2522 423 2597 πάσχα
453 2530 629 2610 κυρίῳ
669 2546 745 2599 τῳ
787 2524 907 2599 θεῳ
934 2539 1065 2594 σου,
1106 2519 1354 2596 πρόβατα
1394 2523 1485 2578 καὶ
1516 2518 1650 2593 βόας
1682 2524 1743 2579 ἐν
1771 2545 1848 2597 τῳ

238 2605 389 2684 τόπῳ
443 2632 485 2684 ῳ
537 2632 607 2665 αν
649 2608 927 2681 ἐκλέξηται
978 2605 1168 2681 κύριος
1217 2605 1246 2663 5
1288 2604 1419 2672 θεός
1461 2625 1563 2662 σου
1615 2601 1802 2663 αυτόν
1811 2602 1844 2625 ”

1251 2686 1283 2710 (θ
1341 2689 1353 2709 2

241 2695 325 2748 21.
347 2694 438 2748 και
450 2691 618 2750 παλιν
639 2688 1043 2767 υπομιμνήσκει
1060 2693 1237 2764 λέγων
1291 2714 1358 2748 ου
1374 2691 1588 2765 δυνήση
1601 2693 1777 2747 θῦσαι
1787 2687 1848 2747 τό
1868 2714 1911 2748 30

352 2831 379 2868 4
409 2831 546 2872 Deut.
570 2831 636 2882 14,
661 2832 728 2873 ‘24
907 2833 955 2871 17
980 2831 1300 2882 Deut.15‚19.
1475 2829 1843 2878 27Deut.16,1

243 2887 297 2926 30
327 2886 463 2926 Dent.
492 2887 557 2938 16,
583 2888 620 2927 5.
