1992 3186
246 103 352 154 280
919 104 1167 146 EUSEBH

247 217 513 292 ἀληθείας
548 216 620 276 δι’
654 217 840 276 αὐτῶν
873 222 1358 294 ε’πενηνεγμένους.
1423 225 1502 279 14.
1537 219 1657 278 ἀλλ’
1693 221 1721 278 6
1753 223 1855 295 μὲν

240 303 479 376 Ἀαρῶν,
512 300 540 360 6
574 301 722 378 παρὰ
753 311 956 361 Μωσεῖ
985 303 1248 379 Χριστὸς,
1281 308 1376 377 τῆς
1406 303 1553 377 παρὰ
1585 311 1853 378 Αἰγυπτί-

246 413 326 455 οις
358 386 669 455 ἀπαλλάξας
710 387 807 444 τὸν
847 386 983 444 λαὸν
1025 393 1308 461 δουλείας,
1352 386 1438 446 ἐπ’
1474 393 1766 466 ἐλευθερία
1796 415 1854 448 τε

247 475 336 529 καὶ
378 478 650 547 θεραπεία
689 478 788 529 τοῦ
826 475 921 544 τῆς
960 470 1058 529 ἀπ’
1092 471 1382 546 Αἰγύπτου
1413 481 1637 548 πορείας
1669 471 1855 532 αὐτῶν

246 554 608 628 ἡγησάμενος,
640 554 742 629 τὴν
764 555 951 614 εἰκόνα
973 555 1131 626 σώζοι
1154 555 1223 614 ἂν
1243 560 1341 615 τοῦ
1363 556 1610 630 ἀληθοῦς
1633 566 1851 632 κυρίου,
1875 583 1896 615 5

133 662 218 704 [128]
244 637 301 706 ὃς
332 645 425 714 τῆς
452 644 833 713 Αἰγυπτιακῆς
865 646 1289 715 εἰδωλολατρίας
1319 640 1527 709 πάντας
1556 638 1699 716 ἡμᾶς»
1725 641 1854 710 τούς

197 749 217 780 b
247 727 298 793 ἐξ
333 728 520 782 ἐθνῶν
552 724 923 799 ε’λυτρῶσατο·
959 724 1092 783 15.ὁ
1128 723 1180 783 δ’
1206 731 1266 784 ἐν
1284 729 1361 803 τῷ
1377 724 1630 800 προφήτῃ
1647 724 1853 799 Ἰησοῦς

242 808 270 865 6
307 808 484 881 ἱερεὺς
515 805 544 866 ὁ
584 812 751 883 μέγας
782 814 875 883 τῆς
906 808 1014 867 ἀπὸ
1044 814 1380 881 Βαβυλῶνος
1417 813 1506 867 ἐπὶ
1533 810 1635 884 τὴν
1658 807 1852 883 Ἰερου-

244 892 423 966 σαλὴμ
466 893 741 951 ἐπανόδου
781 897 1049 995 προέστη,
1094 900 1290 968 δεῖγμα
1329 897 1519 967 φέρων
1558 897 1649 952 καὶ
1690 892 1854 961 αὐτὸς

240 975 416 1050 Ιησοῦ
455 981 554 1035 τοῦ
593 982 835 1053 σωτῆρος
888 974 1071 1052 ημῶν,
1123 977 1190 1037 ὃν
1243 986 1436 1052 έχομεν
1489 983 1639 1052 ἱερέα
1678 1003 1852 1052 μεγαν
1873 1005 1916 1036 10

244 1062 613 1134 διεληλυθότα
643 1061 772 1130 τούς
803 1061 1106 1136 οὐρανούς,
1142 1060 1219 1120 δι’
1253 1055 1319 1121 οὗ
1356 1066 1448 1120 καὶ
1479 1060 1636 1120 αυτοὶ
1667 1062 1851 1135 ῶσπερ

244 1150 302 1203 ἐκ
333 1151 669 1218 Βαβυλῶνος
699 1151 794 1220 τῆς
818 1147 955 1204 κατὰ
975 1146 1072 1205 τὸν
1098 1150 1367 1205 ἐνεστῶτα
1389 1153 1515 1219 βίον
1534 1146 1851 1221 συγχύσεώς

241 1254 300 1287 τε
330 1234 421 1287 καὶ
453 1237 826 1305 αἰχμαλωσίας
857 1229 1347 1305 ἀπολυτρωθέντες
1379 1238 1455 1299 εἰς
1485 1230 1587 1304 τὴν
1617 1229 1854 1307 οὐρανό-

241 1323 422 1388 πολιν,
455 1315 556 1389 τὴν
585 1314 810 1388 ἀληθῶς
835 1312 1218 1389 Ἰερουσαλὴμ,
1252 1314 1518 1374 σπεύδειν
1551 1315 1853 1389 ἐδιδάχθη-

181 1434 186 1440 ·
240 1423 357 1472 μεν.
427 1404 504 1456 16.
541 1399 766 1466 εἰκότως
809 1401 870 1458 δὲ
899 1399 928 1457 6
959 1400 1061 1472 τὴν
1101 1399 1288 1457 εἰκόνα
1331 1403 1428 1472 τῆς
1471 1397 1737 1472 ἀληθείας
1771 1399 1843 1457 δι’
1874 1423 1914 1455 15

193 1523 208 1543 e
241 1486 441 1540 ἑαυτοῦ
491 1485 679 1557 φέρων
714 1483 921 1557 Ἰησοῦς
971 1486 1062 1541 καὶ
1108 1483 1332 1559 ῥυπαρὰ
1371 1483 1555 1558 ἱμάτια
1597 1487 1852 1558 περιεβέ-

240 1575 441 1640 βλητο,
482 1571 574 1625 καὶ
614 1567 640 1626 6
688 1567 944 1640 διάβολος
985 1572 1046 1626 ἐκ
1086 1570 1284 1637 δεξιῶν
1325 1567 1496 1626 αὐτοῦ
1539 1567 1707 1635 ἑστῶς
1758 1571 1849 1625 καὶ

239 1649 614 1726 ἀντικείμενος
645 1651 797 1729 αὐτῷ
827 1655 1060 1726 λέγεται,
1096 1656 1212 1711 ἐπεὶ
1238 1655 1330 1710 καὶ
1350 1652 1378 1710 6
1409 1650 1635 1725 ἀληθῶς
1666 1653 1848 1724 σωτὴρ

240 1739 331 1794 καὶ
377 1736 568 1811 κύριος
608 1733 766 1810 ἡμῶν
800 1736 1010 1811 Ἰησοῦς
1053 1743 1129 1803 εἰς
1161 1737 1263 1809 τὴν
1307 1735 1579 1810 ἡμετέραν
1609 1735 1848 1808 καταβάς

240 1827 620 1894 αἰχμαλωσίαν
648 1821 742 1888 τὰς
773 1818 1039 1895 ἁμαρτίας
1069 1817 1228 1894 ἡμῶν
1257 1818 1587 1892 ἀνείληφεν,
1630 1823 1722 1876 καὶ
1752 1820 1848 1877 τὸν
1870 1844 1910 1876 20

239 1902 597 1979 ἀνθρώπειον
638 1904 818 1979 ῥύπον
849 1903 1180 1978 ἀνεμάξατο,
1222 1903 1289 1961 τά
1319 1927 1378 1961 τε
1408 1903 1545 1961 κατὰ
1575 1902 1634 1960 τό
1666 1903 1846 1971 πάθος

239 1998 399 2062 αἴσχη
443 1989 534 2045 διὰ
573 1987 675 2061 τὴν
713 1987 848 2059 πρὸς
888 1988 1028 2062 ἡμᾶς
1059 1994 1493 2062 φιλανθρωπίαν
1530 1986 1843 2062 ὑπέμεινεν.

240 2077 318 2128 17.
364 2071 449 2128 διό
489 2090 663 2144 φησιν
703 2071 732 2130 ὁ
758 2069 982 2140 Ἡσαΐας
1006 2064 1202 2139 “ofitog
1247 2071 1341 2139 τάς
1383 2069 1649 2145 ἁμαρτίας
1688 2072 1846 2146 ἡμῶν

193 2184 213 2214 «ι
238 2160 424 2229 φέρει,
465 2158 556 2212 καὶ
598 2159 726 2228 περὶ
764 2153 922 2229 ἡμῶν
951 2156 1247 2229 ὀδυνάται,
1290 2159 1382 2214 καὶ
1412 2153 1567 2230 ἡμεῖς
1600 2155 1843 2228 ἐλογισά-

236 2250 385 2313 μεθα
416 2237 588 2297 αὐτὸν
628 2241 768 2298 εἶναι
814 2244 874 2298 ἐν
903 2240 1059 2318 πόνῳ
1090 2244 1182 2298 καὶ
1214 2245 1274 2299 ἐν
1313 2244 1496 2315 πληγῇ
1534 2243 1625 2296 καὶ
1658 2244 1717 2296 έν
1747 2264 1839 2296 κα·
1865 2263 1905 2295 25

237 2323 428 2381 κῶσει·
507 2323 671 2392 αὐτὸς
724 2326 784 2382 δὲ
836 2329 1248 2398 ἐτραυματίσθη
1293 2323 1383 2382 διὰ
1432 2324 1527 2388 τὰς
1577 2320 1842 2397 ἁμαρτίας

237 2405 420 2482 ἡμῶν,
473 2411 565 2466 καὶ
619 2408 1017 2483 μεμαλάκισται
1075 2407 1166 2467 διὰ
1213 2407 1308 2474 τάς
1359 2405 1588 2480 ἀνομίας
1627 2403 1837 2481 ἡμῶν.”

238 2492 374 2550 ἀλλά
407 2497 498 2551 καὶ
524 2491 778 2566 Ἰωάννης
810 2490 838 2551 6
870 2492 1169 2566 βαπτιστὴς
1195 2491 1332 2550 ἰδῶν
1354 2490 1450 2549 τὸν
1470 2490 1664 2565 κύριον
1688 2492 1842 2549 εἶπεν

229 2573 354 2634 “ἰ’δε
397 2574 425 2635 6
467 2575 636 2650 ἀμνὸς
676 2582 775 2635 τοῦ
813 2582 981 2649 θεοῦ,
1027 2577 1056 2635 6
1098 2587 1274 2650 αἴρων
1311 2574 1407 2642 τάς
1437 2574 1702 2649 ἁμαρτίας
1744 2580 1841 2632 τοῦ

237 2660 457 2734 κόσμου.
523 2666 603 2719 18.
639 2659 775 2719 καὶὸ
801 2665 1025 2728 Παῦλος
1054 2660 1266 2726 τούτοις
1288 2667 1683 2734 παραπλησίως
1714 2661 1839 2731 περὶ
1862 2683 1903 2717 30

349 2855 402 2894 ‘23
435 2854 510 2896 Es.
534 2856 600 2905 53,
625 2856 664 2894 4.
841 2856 892 2895 29
923 2854 994 2894 Jo.
1019 2854 1057 2903 1,
1079 2854 1147 2894 229.
