1946 3158
564 135 1296 178 DEMONffnEVANQJn35
1640 133 1741 186 175

119 250 303 327 “μεθα
342 251 630 326 τάπίχειρα
678 253 773 324 τῆς
812 249 1025 324 πλάνης
1067 248 1200 310 καθ’
1245 254 1458 310 ἑαυτῶν
1510 251 1742 325 ἐφελκό-

121 336 330 412 “μενοι.
343 333 372 356 ”

254 427 337 480 60.
353 415 488 495 ῗΑρά
510 439 597 478 σοι
618 418 833 478 πιθανά
847 423 1035 493 ταῦτα,
1061 417 1094 494 ἢ
1117 423 1208 478 καὶ
1235 417 1480 494 άληθοῦς
1506 419 1738 494 ἐχόμενα

126 506 293 580 λόγου
323 507 389 564 τὰ
420 508 644 563 τοιαῦτα
670 505 811 562 εἶναι
844 510 1015 576 δοκεῖς
1047 508 1139 563 καὶ
1170 509 1381 564 πείσειέ
1400 530 1480 573 τις
1505 501 1573 562 ἂν
1605 508 1738 563 ἑαυ-

80 617 100 649 5
125 591 220 649 τὸν
261 615 334 658 ως
357 590 422 649 τὰ
444 596 670 648 τοιαῦτα
700 588 1042 663 πλασάμενοι
1074 592 1165 647 καὶ
1197 592 1534 663 συνθέμενοι
1565 588 1736 661 ἀλλή-

112 674 238 744 λοις
284 674 521 741 εὐτελεῖς
561 673 763 745 ἄνδρες
803 676 895 731 καὶ
937 677 1153 731 ἰδιῶται
1184 672 1473 748 παρῄεσαν
1514 677 1602 732 ε’πὶ
1634 674 1738 747 τὴν

114 759 396 834 Ῥωμαίων
425 756 630 834 ἀρχὴν,
664 754 698 831 ἢ
730 754 801 824 ὥς
832 757 1159 830 ἀνθρωπεία
1183 757 1350 832 φύσις
1374 757 1433 816 τὸ
1464 758 1737 833 φιλόζωον

123 850 330 903 οἰκεῖον
360 845 664 917 κεκτημένη
696 840 911 900 δύναιτ’
947 840 1016 900 ἅν
1041 840 1176 901 ποθ’
1208 839 1348 917 ὑπὲρ
1372 846 1470 901 τοῦ
1496 840 1736 916 μηδενὸς

123 926 462 1001 αὐθαίρετον
500 924 797 1001 ὑπομεῖναι
836 925 1127 1001 τελευτὴν,
1171 922 1204 1000 ἢ
1237 926 1311 995 ὥς
1343 932 1400 984 oc
1425 932 1523 986 τοῦ
1555 932 1732 1001 σωτῆ-

57 1039 98 1071 10
121 1038 214 1088 ρος
252 1012 410 1087 ἡμῶν
448 1014 692 1086 μαθηταὶ
736 1018 812 1078 εἰς
853 1010 1130 1085 τοσαύτην
1168 1010 1489 1086 ὑπερβολὴν
1529 1016 1734 1086 ἐκπλη-

121 1103 236 1166 ξίας
287 1095 500 1171 ἤλασαν
552 1093 626 1162 ὡς
675 1097 850 1170 μηδὲν
891 1097 993 1170 μὲν
1043 1095 1145 1154 ὑπ’
1203 1093 1376 1155 αὐτοῦ
1416 1095 1731 1170 παράδοξον

118 1183 373 1257 πραχθὲν
405 1183 736 1256 ἑωρακέναι,
778 1179 981 1248 αὐτοὺς
1023 1178 1075 1238 δ’
1113 1185 1172 1239 ἐκ
1203 1180 1560 1255 συνθήματος
1591 1180 1730 1255 ὁμοῦ
1756 1205 1777 1237 d

119 1266 299 1324 πάντα
338 1265 403 1324 τὰ
442 1270 669 1323 τοιαῦτα
710 1264 1064 1339 πεπλάσθαι,
1108 1271 1294 1324 ἔπειτα
1336 1265 1571 1341 ρ”ημάτια
1602 1269 1730 1341 περὶ

120 1348 294 1408 αὐτοῦ
326 1355 506 1423 ψευδῆ
550 1353 996 1424 συνταξαμένους
1038 1347 1182 1425 ὑπὲρ
1213 1349 1427 1409 τούτων
1456 1350 1730 1425 θνήσκειν

60 1459 98 1492 15
123 1433 421 1508 ὑπομένειν
461 1437 686 1508 ἑτοίμως
728 1441 898 1508 ἔχειν;
940 1429 1078 1492 ἄλλα
1120 1442 1178 1492 τί
1202 1434 1338 1510 φῄς;
1381 1434 1455 1509 μὴ
1486 1441 1729 1510 προσδο-

119 1522 283 1592 κῆσαι
324 1516 526 1586 αὐτούς
567 1519 706 1592 μηδὲ
749 1523 967 1576 ἐλπίσαι
1014 1518 1201 1577 δεινόν
1239 1544 1290 1577 τι
1329 1526 1625 1578 πείσεσθαι
1670 1525 1731 1578 ἐκ

123 1607 217 1678 τῆς
248 1606 374 1676 περὶ
405 1606 506 1661 τοῦ
530 1602 708 1676 Ἰησοῦ
737 1613 1072 1677 μαρτυριάς,
1108 1602 1308 1661 διὸκαὶ
1339 1600 1515 1670 άδεῶς
1549 1606 1636 1661 ἐπὶ
1667 1602 1728 1662 τὸ

117 1690 242 1762 περὶ
283 1685 456 1745 αὐτοῦ
495 1686 752 1761 κήρυγμα
792 1697 1121 1761 προελθεῖνς
1162 1686 1282 1745 ἀλλ’
1331 1686 1435 1746 οὐκ
1478 1687 1622 1756 εἰκὸς
1655 1680 1727 1761 ἦν

115 1770 413 1831 άπελπίσαι
445 1771 509 1829 τά
539 1770 719 1830 πάντα
748 1771 890 1848 ὑπὲρ
923 1771 1096 1830 αὐτοῦ
1121 1779 1416 1831 πείσεσθαι
1447 1772 1574 1839 τούς
1598 1771 1727 1830 Ῥω-

51 1885 93 1918 20
115 1863 296 1931 μαίοις
325 1853 464 1931 ὁμοῦ
494 1859 586 1914 καὶ
604 1853 829 1930 Ἕλλησι
859 1859 951 1915 καὶ
982 1856 1285 1932 βαρβάροις
1315 1863 1473 1915 θεῶν
1495 1854 1725 1931 άνατρο-

115 1942 226 2015 πὴν
258 1945 741 2016 εἰσηγησαμένους.
814 1947 894 1999 61.
929 1938 962 2014 ἡ
997 1944 1063 2000 δέ
1089 1966 1150 2015 γε
1190 1943 1316 2016 περὶ
1359 1941 1546 2000 αὐτῶν
1578 1947 1726 1999 ίστο-
1776 1969 1785 1978 ·

115 2034 206 2101 ριά
245 2031 435 2100 σαφῶς
476 2032 765 2084 δείκνυσιν
807 2025 879 2094 ὡς
927 2027 1062 2100 μετὰ
1102 2026 1203 2100 τὴν
1243 2029 1342 2084 τοῦ
1382 2025 1722 2084 διδασκάλου
1749 2047 1839 2088 (116)

113 2111 375 2186 τελευτὴν
407 2114 697 2184 ἐπίβουλοί
718 2136 864 2179 τινες
894 2111 1266 2184 συλλαβόντες
1301 2109 1503 2179 αὐτούς
1534 2116 1725 2187 πρῶτα

112 2197 214 2269 μὲν
243 2197 574 2269 παρέδωκαν
596 2199 851 2270 φυλακῇ,
885 2203 1073 2267 ἔπειτα
1109 2197 1168 2254 δὲ
1192 2194 1478 2254 ἀπέλυσαν
1508 2220 1724 2269 παραγ-

50 2307 90 2339 25
113 2287 390 2353 γείλαντες
431 2282 630 2354 μηδενὶ
670 2288 860 2339 λαλεῖν
901 2283 989 2338 ἐπὶ
1019 2287 1094 2358 τῷ
1125 2279 1351 2355 ὀνόματι
1391 2285 1492 2339 τοῦ
1513 2279 1720 2354 Ἰησοῦ·

112 2365 338 2438 γνόντες
382 2366 442 2422 δὲ
484 2363 688 2433 αὐτούς
727 2365 862 2439 μετὰ
900 2369 1075 2423 ταῦτα
1123 2372 1358 2441 δημοσία
1400 2369 1478 2443 τςὸ
1516 2365 1721 2437 πλήθει

111 2448 175 2506 τά
214 2452 340 2524 περὶ
392 2447 563 2507 αὐτοῦ
617 2452 1068 2524 διαλεγομένους,
1119 2448 1537 2525 ἀναρπάσαντες
1593 2448 1720 2522 ἐμά-

112 2541 318 2606 στιζον,
353 2537 706 2609 ἐπιτιμῶντες
738 2537 826 2592 ἐπὶ
857 2539 922 2609 τῇ
958 2540 1304 2610 διδασκαλία.
1349 2539 1433 2591 62.
1466 2532 1556 2590 ὅτε
1586 2532 1720 2591 ἀπο-

112 2621 326 2692 κριθεὶς
358 2612 523 2686 αὗθις
554 2618 741 2686 αὐτοῖς
765 2618 793 2676 ὁ
819 2622 1030 2693 Πέτρος
1056 2619 1210 2677 εἶπεν
1234 2615 1601 2691 “πειθαρχεῖν
1635 2623 1721 2675 δεῖ

48 2730 89 2762 30
114 2706 229 2780 θεῷ
246 2707 455 2776 μᾶλλον
478 2701 510 2777 ἢ
534 2701 901 2779 άνθρώποις.”
944 2702 1078 2778 μετά
1105 2705 1164 2761 δὲ
1188 2709 1360 2761 ταῦτα
1384 2708 1563 2769 λίθοις
1588 2709 1718 2775 βλη-

225 2898 277 2937 29
308 2897 564 2950 Act.5‚29.
