1992 3186
588 133 893 174 DEMONST.
931 132 1150 173 EVANG.
1183 135 1237 174 V.
1270 135 1312 173 4.
1347 136 1385 172 ὃ.
1642 132 1743 183 317

139 255 386 322 βασιλεῖς
421 244 671 322 Ἀράβων
711 250 802 303 καὶ
844 245 1006 320 Σαβὰ
1047 251 1199 322 δῶρα
1243 246 1607 319 προσάξουσι,
1654 250 1745 303 καὶ

140 330 626 406 προσκυνήσουσιν
666 328 876 408 αὐτῷ.”
950 334 1121 404 δῆλον
1161 334 1221 388 ἐκ
1253 337 1348 405 τῆς
1380 330 1746 405 συμφράσεως
1772 366 1788 387 c

138 415 220 473 ὅτι
251 418 344 472 καὶ
373 419 448 493 τῷ
481 419 539 472 ἐν
572 419 801 482 ἐκείνοις
832 418 1300 492 προφητευομένῳ
1326 419 1546 492 Χριστῷ
1575 434 1747 488 προσ-

139 499 494 573 κυνήσουσιν.

97 713 118 745 5
761 685 992 755 Ψαλμοῦ
1023 681 1132 754 λβ’.

134 786 216 855 ιῼς
238 789 358 831 θεοῦ
391 785 532 844 λόγον
562 783 771 856 οὗσιώὸη
801 784 908 831 κατ’
942 785 1239 831 ε’πικὲλευσιν
1267 788 1351 830 τοῦ
1373 783 1551 846 πατρρς
1575 783 1748 854 ὁμοίως

140 842 258 910 ἡμῖν
279 842 385 887 οἶδε
410 842 702 910 δημιουργὸν
725 845 817 887 τῶν
839 841 1065 887 ἁπάντων
1094 841 1118 886 ὁ
1144 845 1330 916 Λαβίὸ·
1371 841 1454 886 καὶ
1476 848 1535 893 ως
1557 840 1640 886 τὸν
1662 839 1750 886 αὖ·

142 899 224 943 τὸν
247 901 330 942 τοῦ
354 901 475 943 θεοῦ
500 895 640 955 λόγον
670 895 693 942 6
724 897 868 949 αὐτὸς
896 895 1144 966 προφήτης
1177 896 1253 942 ἐπὶ
1284 902 1525 966 θεραπείᾳ
1555 901 1648 942 τῶν
1669 896 1750 942 οἷν-

141 952 348 1022 θρώπων
371 952 420 999 ἐκ
444 957 528 998 τοῦ
550 951 728 1021 πατρὸς
750 952 1055 999 ἅπεσταλθαι
1076 961 1325 1022 μαρτυρεῖ
1369 955 1449 998 καὶ
1473 953 1533 1004 ὡς
1564 952 1614 998 ἐν
1637 956 1750 1010 βρα-

79 1028 119 1060 10
142 1017 222 1067 χεῖ
233 1008 382 1067 χρόνῳ
400 1008 486 1067 τὴν
503 1008 756 1067 σύμπασαν
773 1009 1147 1121 γῆέπληςὲώσειν
1162 1013 1245 1067 τῆς
1263 1007 1412 1055 αὐτοῦ
1430 1013 1751 1061 διδασκαλίας

878 1070 989 1111 εσπί
1015 1083 1052 1110 ει

268 1171 338 1228 V.
374 1169 510 1248 “T93
550 1169 695 1248 λόγῳ
736 1177 934 1245 κυρίου
965 1176 1021 1228 οἱ
1048 1167 1278 1244 οὐρανοὶ
1310 1168 1749 1243 ἐστερεώθησαν,
1779 1194 1801 1225 d

143 1258 234 1312 καὶ
265 1258 343 1333 '⁶95
370 1254 641 1328 πνεύματι
672 1261 769 1313 τοῦ
793 1254 1056 1329 στόματος
1083 1253 1255 1312 αὐτοῦ
1279 1258 1427 1312 πᾶσα
1451 1253 1484 1327 ἡ
1519 1253 1752 1327 δύναμις

277 1343 298 1353 ⁶·
355 1338 385 1359 22

147 1339 348 1397 αὐτῶν·

1429 1419 1458 1440 (ε
1481 1421 1494 1442 2

82 1447 123 1479 15
272 1425 384 1482 Καὶ
423 1427 484 1480 ἐν
523 1421 579 1495 ρ’
620 1423 682 1479 δε
722 1425 810 1479 καὶ
845 1422 899 1491 ς’
942 1428 1152 1500 Ψαλμῶ
1195 1433 1404 1524 εἴρηται
1466 1424 1754 1480 απέστειλε

145 1506 244 1565 τὸν
283 1507 449 1614 λόγον
489 1505 688 1579 αὑτοῦ,
730 1509 821 1564 καὶ
874 1506 1063 1564 ιάσατο
1107 1505 1308 1574 αυτούς
1349 1509 1440 1563 καὶ
1484 1505 1753 1612 ἐρρύσατο

146 1589 351 1658 αὐτοὺς
393 1595 452 1648 ἐκ
501 1593 612 1647 τῶν
662 1597 994 1665 ὃιαφθορῶν
1034 1588 1255 1648 αὐτῶν.’
1349 1593 1442 1647 καὶ
1483 1590 1651 1647 παλιν
1695 1593 1754 1646 ἐν

146 1675 267 1749 ρμζ
300 1672 366 1732 “6
398 1673 750 1732 ἀποστέλλων
787 1673 847 1732 τὸ
878 1676 1066 1747 λόγιον
1097 1673 1271 1732 αὐτου
1310 1680 1376 1749 τῇ
1415 1680 1485 1749 γῇ
1528 1677 1628 1740 ε’ως
1659 1698 1756 1730 τα-

147 1784 276 1832 χους
309 1765 596 1832 ὃραμειται
626 1756 654 1815 6
686 1758 845 1831 λόγος
878 1759 1063 1817 αὐτοῦ.
1076 1756 1103 1779 ''

85 1865 127 1898 20
275 1848 323 1901 2.
359 1842 523 1901 ’,Αλλα
565 1867 669 1950 γαρ
710 1849 786 1919 τῷ
826 1842 961 1917 μετὰ
1001 1857 1185 1918 χεῖρας
1235 1845 1449 1918 Ψαλμω
1488 1859 1755 1914 φασκοντι

140 1924 253 2004 κτῷ
282 1926 427 2004 λόγω
451 1934 650 2002 κυρίου
682 1952 734 1985 οι
764 1926 995 2002 οὐρανοὶ
1029 1922 1485 2003 ἐστερεώθησαν
1521 1924 1755 1984 συναδει

146 2009 207 2068 τὸ
241 2010 390 2086 ἱερὸν
429 2009 752 2084 εὐαγγέλιον
784 2011 1096 2116 διαρρήδην
1135 2011 1332 2084 λέγον
1337 2010 1422 2068 ἐν
1451 2006 1593 2084 αρχῇ
1623 2035 1694 2082 ην
1724 2009 1753 2066 ὁ
1779 2035 1810 2074 (2
1814 2034 1867 2074 29)

149 2094 338 2169 λόγος,
371 2098 463 2152 καὶ
493 2095 521 2152 ὁ
553 2095 711 2167 λόγος
741 2089 812 2168 ἦν
843 2095 979 2170 πρὸς
1009 2097 1106 2154 τὸν
1135 2095 1302 2168 θεὸν,
1344 2098 1434 2152 καὶ
1466 2095 1597 2161 θεὸς
1627 2096 1699 2167 ἡν
1729 2090 1757 2150 ὁ

150 2179 324 2252 λόγος
386 2171 544 2246 οὗτος
574 2182 644 2252 ἦν
676 2185 736 2237 ἐν
776 2177 916 2255 ἀρχῇ
957 2179 1092 2254 πρὸς
1122 2179 1218 2237 τὸν
1247 2179 1400 2238 θεόν
1464 2202 1644 2237 παντα
1677 2176 1752 2234 δι’

87 2284 129 2317 25
153 2262 324 2322 αὐτοῦ
365 2266 607 2337 ἐγένετο,
648 2266 741 2321 καὶ
779 2267 945 2339 χωρὶς
988 2262 1158 2322 αυτοῦ
1210 2267 1424 2336 ἐγένετο
1465 2262 1599 2320 οὐδε
1639 2266 1714 2319 ἕν.
1725 2259 1755 2280 ”

151 2347 289 2405 θεὸν
329 2347 551 2415 εἰκότως
596 2346 656 2405 τὸ
699 2346 1021 2421 εὐαγγέλιον
1062 2348 1341 2422 ὀνομάζει,
1387 2350 1503 2405 ἐπεὶ
1535 2348 1627 2403 καὶ
1668 2343 1759 2402 δια

153 2435 263 2487 τῶν
288 2431 538 2506 πρόσθεν
563 2431 725 2498 αὐτὸς
758 2433 916 2499 οὗτος
939 2432 967 2490 ὁ
1001 2438 1108 2490 νῦν
1130 2431 1568 2504 θεολογούμενος
1600 2428 1758 2501 λόγος

156 2516 247 2569 καὶ
279 2523 446 2588 σοφία
477 2518 567 2573 καὶ
609 2519 854 2589 γέννημα
892 2523 1032 2574 θεοῦ
1064 2519 1154 2573 καὶ
1188 2515 1368 2587 ιερεὺς
1410 2517 1501 2571 καὶ
1524 2511 1758 2586 Χριστὸς

157 2598 416 2667 βασιλεὺς
466 2603 558 2656 καὶ
619 2599 808 2673 κύριος
858 2604 949 2658 καὶ
1001 2599 1132 2666 θεὸς
1185 2602 1275 2656 καὶ
1328 2596 1494 2655 εἰκών
1554 2594 1759 2669 ἀνηγό-

94 2701 136 2732 30
160 2705 320 2752 ρευτο
349 2685 450 2738 τοῦ
478 2689 631 2741 θεοῦ.
687 2689 735 2742 3.
768 2687 860 2741 καὶ
890 2684 972 2742 ὅτι
1003 2709 1065 2756 γε
1099 2687 1281 2756 ἕτερος
1314 2679 1394 2739 ὢν
1423 2687 1522 2739 τοῦ
1555 2679 1758 2753 πατρὸς

274 2875 324 2912 12
346 2873 421 2914 Ps.
445 2876 512 2916 32.
631 2876 680 2915 15
702 2877 777 2917 Ps.
802 2878 895 2929 106,
920 2879 986 2918 20.
1097 2877 1147 2916 18
1170 2877 1244 2917 Ps.
1271 2877 1364 2918 147.
1484 2877 1535 2914 22
1557 2875 1628 2915 JO.
1656 2876 1691 2923 1,
1720 2876 1757 2916 1.
