1992 3186
4 2589 13 2668 νυν--

609 121 916 165 DEMONST.
947 120 1168 165 EVANG.
1200 122 1325 163 vm.
1347 122 1387 161 2.
1687 118 1789 170 521

182 237 343 310 τερόν
386 261 478 311 μοι
526 242 681 294 δοκεῖ
722 237 1100 345 πεποιηκέναι
1122 232 1150 293 ὁ
1186 232 1415 302 Ἀκύλας
1458 234 1673 294 εἰπών’
1679 236 1794 294 ‘mxl

182 325 282 379 τοῦ
325 324 540 379 τελέσαι
585 319 959 394 ὁραματισμόν
1014 323 1104 378 καὶ
1150 317 1478 395 προφήτηνῖ
1581 319 1647 378 οὗ
1688 319 1793 394 γάρ

183 404 508 463 ἀποκλεῖσαι
531 408 623 462 καὶ
648 403 834 478 ω’σπερ
857 413 1158 479 σφραγίσαι
1179 404 1274 472 τάς
1290 404 1631 479 προφητικάς
1661 403 1795 479 ὁρά-

183 510 297 558 σεις
343 489 747 592 ἐπιδεδήμηκεν
787 486 816 547 5
848 488 1029 599 σωτὴρ
1071 492 1163 548 καὶ
1194 488 1382 563 κύριος
1412 486 1598 563 ἡμων,
1641 487 1701 557 ὅς
1731 513 1794 563 γε

138 599 159 632 5
183 577 276 633 καὶ
296 574 463 633 πάλαι
488 572 902 648 οὕσαςάσαφεῖς
929 577 1020 631 καὶ
1039 577 1585 647 κατεσφραγισμένας
1609 594 1794 648 ωσπερ

182 662 527 732 ἐπικειμένας
558 658 830 733 περιελών
861 664 1200 732 σφραγῖδας,
1225 655 1430 734 ἀνέωξέ
1451 683 1509 716 τε
1540 662 1631 716 καὶ
1662 657 1793 731 ἀνή-

182 753 395 815 πλωσε,
436 759 550 811 τοῖς
593 747 794 801 ἑαυτοῦ
834 754 1109 816 μαθηταῖς
1150 740 1245 799 τὸν
1285 746 1424 800 νοῦν
1464 747 1576 800 τῶν
1617 750 1795 801 θείων

181 827 526 901 παραδιδούς
557 826 906 902 γραμμάτων.
970 832 1052 884 31.
1077 822 1245 884 ὅθεν
1249 822 1424 899 ἰδοὺ,
1462 830 1652 902 φησὶν,
1688 831 1795 885 ἐνί-

182 932 354 985 κησεν
376 912 403 970 ὀ
430 916 573 970 λέων
594 909 622 969 5
649 917 709 969 ἐκ
739 915 921 1017 φυλῆς
938 909 1150 983 Ἰούδα,
1177 914 1268 968 καὶ
1294 909 1456 979 αὐτὸς
1486 910 1671 984 ἤνοιξε
1700 911 1796 978 τὰς

118 1019 160 1051 10
184 1003 496 1070 σφραγῖδας
517 995 612 1064 τάς
637 998 980 1069 ἐπικειμένας
997 1001 1072 1071 τῷ
1094 993 1342 1072 βιβλίω,”
1367 995 1503 1054 κατά
1514 995 1617 1068 τὴν
1630 995 1796 1054 Ἀπο-

181 1081 424 1148 κάλυψιν
449 1079 725 1139 Ἰωάννου.
788 1085 948 1147 ποίας
991 1080 1053 1136 δε
1094 1086 1406 1152 σφραγῖδας
1448 1077 1481 1153 ἢ
1513 1085 1626 1137 τῶν
1661 1104 1798 1153 προ-

182 1170 376 1239 φητῶν
406 1164 501 1234 τάς
532 1162 829 1238 ἀσαφείας;
879 1189 942 1230 ας
977 1157 1040 1220 εὖ
1073 1163 1219 1238 μάλα
1252 1163 1609 1238 ἐπιστάμενος
1641 1163 1799 1238 ἀκρι-

181 1254 292 1323 βοῦς
335 1253 426 1307 καὶ
468 1250 497 1307 ὁ
533 1249 760 1315 “Ησα”ιάς
793 1246 995 1321 ἔλεγε“
1004 1251 1096 1306 καὶ
1128 1256 1346 1306 ἐσονται
1376 1255 1433 1306 οι
1459 1248 1609 1321 λόγοι
1646 1250 1800 1306 οὑτοι

183 1359 256 1400 ως
287 1359 339 1392 οι
371 1334 523 1408 λόγοι
545 1337 642 1391 τοῦ
671 1340 894 1406 βιβλίου
917 1338 1014 1391 τοῦ
1047 1333 1523 1407 ἐσφραγισμένου.’
1591 1338 1674 1391 32.
1696 1333 1800 1391 οὐκ

120 1437 161 1470 15
184 1417 290 1492 ἄρα
335 1425 432 1476 τοῦ
477 1418 802 1476 ἀποκλεῖσαι
854 1415 1049 1490 ὅρασιν
1105 1420 1198 1474 καὶ
1255 1417 1546 1491 προφήτην
1601 1417 1799 1490 ἐλήλυ-

183 1514 289 1561 θεν
320 1500 347 1560 5
380 1503 612 1577 Χριστὸς
642 1506 742 1560 τοῦ
770 1505 940 1574 θεοῦ,
983 1506 1194 1576 μᾶλλον
1227 1503 1288 1559 δὲ
1323 1500 1664 1560 ἀναπετάσαι
1706 1505 1798 1558 καὶ

187 1595 264 1653 εἰς
316 1591 435 1660 φῶς
487 1587 733 1660 ἀγαγεῖν.
824 1586 962 1644 ὅθεν
1024 1592 1180 1643 δοκεῖ
1228 1610 1320 1659 μοι
1381 1586 1718 1660 κυριώτερον
1769 1585 1797 1643 5

177 1670 411 1738 Ἀκύλας
442 1671 617 1744 φάναι
640 1668 778 1728 “tofi
808 1674 1022 1728 τελέσαι
1052 1669 1426 1743 ὃραματισμόν
1455 1674 1548 1746 καὶ
1579 1668 1799 1743 προφή-

184 1753 341 1828 την.”
382 1760 464 1813 33.
491 1754 520 1813 ὃ
544 1758 636 1813 καὶ
661 1754 892 1830 συνᾴδει
914 1760 989 1832 τῷ
1010 1752 1151 1812 “οὗκ
1174 1746 1355 1827 ἦλθον
1378 1758 1682 1813 καταλῦσαι
1703 1754 1800 1812 τὸν

122 1859 164 1892 20
186 1838 359 1914 νόμον
390 1837 423 1912 ἢ
453 1839 582 1906 τοὺς
614 1838 917 1914 προφήτας,
949 1837 1088 1896 ἀλλά
1118 1843 1424 1912 πληρῶσαι,
1458 1838 1593 1914 πρὸς
1625 1835 1800 1896 αὐτοῦ
1869 1836 1877 1843 ’

186 1929 284 1982 τοῦ
315 1928 559 1998 σωτῆρος
602 1927 888 2001 εἰρημένῳ.
953 1920 1142 1990 “τέλος
1183 1923 1289 1999 γάρ
1336 1923 1511 1998 νόμου
1543 1922 1794 1997 Χριστὸς,
1820 1946 1908 1987 (38η

188 2011 280 2065 καὶ
321 2012 500 2067 πάσαί
537 2034 600 2082 γε
641 2014 702 2066 αἱ
737 2012 864 2083 περὶ
904 2006 1077 2066 αὐτοῦ
1114 2023 1446 2082 προφητεῖαι
1486 2006 1800 2082 ἀπλήρωτοι

189 2095 281 2150 καὶ
318 2090 530 2160 ἀτελεῖς
563 2100 760 2167 ἔμενον
807 2099 883 2161 εἰς
925 2091 1004 2150 ὅτ’
1050 2091 1214 2160 αὐτὸς
1261 2092 1481 2159 ἐπιστὰς
1526 2097 1801 2150 ἐπιτέθει-

189 2200 286 2234 κεν
310 2176 480 2234 ἅπασι
503 2181 654 2245 τέλος
666 2192 780 2245 τοῖς
804 2180 929 2250 περὶ
947 2175 1119 2235 αὐτοῦ
1143 2179 1798 2254 προαναπεφωνημένοις.

124 2279 166 2312 25
189 2266 271 2319 34.
310 2261 540 2319 δύναται
572 2263 635 2320 δὲ
664 2264 753 2319 καὶ
790 2262 926 2319 κατὰ
955 2262 1057 2335 τὴν
1085 2266 1197 2319 τῶν
1229 2261 1606 2335 ἑβδομήκοντα
1639 2265 1799 2334 ἑρμη-

189 2352 346 2403 νείαν
362 2345 624 2419 τοιαύτην
648 2353 793 2420 ἔχειν
818 2347 1072 2404 διάνοιαν
1094 2345 1154 2404 τὸ
1174 2345 1311 2404 “ταῦ
1335 2352 1639 2420 σφραγίσαι
1668 2343 1802 2417 ὅρα-

192 2448 282 2486 σιν
322 2433 413 2487 καὶ
453 2429 799 2504 προφήτην,”
874 2435 991 2488 ἐπεὶ
1032 2430 1059 2488 ὁ
1092 2429 1256 2504 νόμος
1289 2433 1380 2487 καὶ
1425 2435 1482 2487 oc
1522 2432 1800 2502 προφῆται

192 2515 377 2586 μέχρις
403 2511 664 2572 Ἰωάννου
708 2514 1040 2588 διήρκεσαν,
1089 2517 1141 2581 ἐξ
1188 2519 1404 2571 ἐκείνου
1435 2538 1493 2570 τε
1526 2518 1802 2570 διαλελοί-

193 2615 364 2655 πασιν
393 2603 450 2654 οὗ
487 2597 655 2655 πάλαι
698 2599 846 2672 παρὰ
876 2602 954 2674 τῷ
976 2598 1271 2656 Ἰουδαίων
1303 2604 1457 2655 ἔθνει
1489 2620 1801 2670 πνευματο-

310 2821 359 2859 10
392 2818 532 2871 Apoe.
557 2821 596 2869 ὃ,
620 2822 658 2859 5.
855 2822 906 2860 13
937 2819 1015 2858 Es.
1041 2821 1109 2870 29,
1137 2821 1203 2858 11.
1399 2822 1447 2859 19
1479 2819 1643 2859 Matth.
1668 2820 1707 2871 5,
1733 2820 1797 2860 17.

195 2877 245 2914 21
277 2875 403 2915 Rom.
430 2877 494 2927 10,
518 2876 558 2916 4.
