1992 3186
594 126 1286 168 DEMONST.EVANG.V11.
1322 128 1358 166 1.
1660 123 1764 175 423

154 246 214 302 δὲ
243 250 385 320 θείῳ
416 241 560 320 λόγῳ
591 240 900 315 τοῦμπαλιν
929 240 988 299 τὸ
1030 239 1762 349 oe3a9v6v5ffl6136xevdgst

151 332 243 386 καὶ
272 326 430 401 ἅγιόν
459 351 518 385 τε
548 328 639 383 καὶ
671 323 983 399 ἀθάνατον,
1027 323 1122 383 ἅτε
1153 327 1243 383 καὶ
1275 326 1344 398 ἠν
1376 323 1526 402 αὐτῷ
1556 331 1813 398 βουλή-(ι

151 411 273 485 τὸν,
305 410 644 469 ἆπετελεῐτο
692 413 784 468 ναὶ
810 410 921 484 μὴν
951 413 1043 468 καὶ
1074 424 1193 477 ταῖς
1219 413 1434 477 ἐνθέοις
1457 414 1556 467 τοῦ
1588 409 1763 467 πνεύ-

151 521 316 571 ματος
348 502 577 568 βουλαῖς
607 519 666 552 τε
697 498 787 552 καὶ
819 494 1049 569 πράξεσι
1081 501 1405 568 διηκονεῖτο.
1478 499 1562 551 26.
1597 498 1760 551 τοῦτο

106 604 128 638 5
151 605 255 639 ουν
282 578 413 638 ὅλον
443 605 518 656 τῳ
549 579 1065 657 φιλανθρωποτάτῳ
1094 584 1211 656 θεῷ
1242 603 1301 636 τε
1325 581 1417 636 καὶ
1446 581 1590 636 θεοῦ
1618 578 1764 655 λόγῳ

148 664 288 740 ὑπερ
320 669 415 737 τῆς
445 663 671 721 πάντων
694 663 1016 737 ἀνθρώπων
1039 670 1343 736 θεραπείας
1373 687 1432 720 τε
1463 665 1553 720 καὶ
1586 682 1761 735 σωτη-

100 788 106 794 ·
151 756 272 823 ρίας
312 762 430 815 ταῖς
469 753 581 806 τῶν
622 753 925 822 προφητῶν
964 746 1287 814 ἀκολούθως
1330 751 1612 822 ἐνηργεῖτο
1643 771 1764 820 φω-

150 847 302 906 ναῖς,
334 831 560 890 ανωθεν
592 835 652 889 ἐκ
681 836 936 890 παλαιῶν
964 831 1182 907 χρόνων
1213 831 1315 904 τὴν
1345 838 1672 905 θαυμασίαν
1704 836 1763 889 ἐκ

150 919 439 990 παρθένου
462 919 725 990 γέννησιν
749 913 922 973 αὐτοῦ
943 918 1507 991 προμαρτυρομέναις.
1542 915 1763 990 σφόδρα

87 1025 128 1056 ιο
155 1003 213 1058 δε
244 999 556 1073 αναγκαίως
586 999 614 1057 ὁ
646 998 932 1074 προφήτης
955 1024 1241 1074 προταττει
1263 1004 1357 1074 τῆς
1392 1004 1450 1057 ἐκ
1474 1002 1764 1073 παρθένου

149 1089 418 1158 γενέσεως
448 1109 546 1142 του
528 1087 801 1158 Χριστοῦ
822 1084 882 1142 τὸ
907 1085 1250 1158 ἐπιστρεφες,
1286 1088 1585 1157 ἐπιφωνων
1609 1109 1763 1141 αντι-

137 1194 284 1244 κρυς
315 1184 429 1236 τοῖς
451 1168 666 1226 τούτων
688 1167 1058 1243 ἀκροωμένοις
1082 1167 1141 1226 τὸ
1154 1165 1290 1227 “ἐο“εν
1312 1168 1388 1241 μὴ
1413 1166 1760 1241 πιστεύσητε,
1788 1192 1873 1235 (315)

574 1258 596 1269 m
681 1250 713 1272 55

150 1251 284 1311 οὐδε
327 1252 400 1327 μὴ
454 1275 671 1324 συνητε.
785 1257 869 1311 27.
914 1277 956 1329 ῳ
1001 1255 1253 1326 ἐπιφέρει
1298 1255 1420 1326 εξῆς
1460 1254 1527 1310 τὰ
1565 1259 1764 1310 τοῦτον

152 1345 345 1411 ἔχοντα
365 1337 462 1396 τὸν
487 1337 692 1411 τρόπον
714 1334 853 1395 “ἐο“ιν
881 1338 954 1411 μὴ
979 1336 1328 1411 πιστεύσητε,
1360 1336 1494 1394 οὐδὲ
1525 1337 1597 1410 μὴ
1632 1355 1763 1394 συν-

46 1463 51 1469 -
88 1443 128 1476 15
152 1425 261 1494 ἦτε.
319 1424 410 1478 καὶ
443 1423 750 1494 προσέθετο
774 1420 963 1495 κύριος
986 1425 1220 1495 λαλῆσαι
1244 1420 1531 1498 τῷ’Ἁχαζ,
1564 1425 1760 1494 λέγων,

151 1517 372 1578 αἰτησαι
412 1510 626 1583 σεαυτῷ
666 1519 896 1578 σημεῖον
936 1507 1084 1575 παρὰ
1125 1512 1322 1580 κυρίου
1361 1509 1461 1563 τοῦ
1488 1509 1629 1563 θεοῦ
1660 1526 1763 1563 σου

153 1597 230 1656 εἰς
260 1588 438 1662 βάθος
469 1587 502 1662 ἢ
534 1596 611 1655 εἰς
641 1588 797 1658 ὕψος.
841 1592 933 1646 καὶ
959 1588 1311 1663 εἶπεν’Ἁχαζ,
1344 1587 1411 1647 οὐ
1429 1588 1503 1662 μὴ
1535 1589 1761 1661 αἰτήσω,

150 1673 284 1731 οὐδὲ
323 1672 395 1747 μὴ
438 1673 683 1748 πειράσω
723 1673 931 1746 κύριον.
1014 1677 1106 1731 καὶ
1153 1674 1336 1747 εἶπεν,
1377 1672 1651 1732 ἀκούσατε
1695 1673 1763 1746 δὴ

150 1758 299 1824 οἶκος
340 1761 558 1830 Δαβὶδ,
599 1757 673 1832 μὴ
712 1758 910 1831 μικρὸν
960 1757 1097 1832 ὑμῖν
1139 1756 1460 1832 ἀνθρώποις
1502 1760 1762 1830 παρέχειν

86 1840 342 1915 εοᾶγῶνα
384 1844 475 1899 καὶ
515 1846 631 1910 πῶς
673 1849 850 1919 κυρίῳ
890 1846 1154 1916 παρέχετε
1194 1840 1411 1915 ἀγῶνα;
1466 1841 1557 1899 δια
1599 1848 1759 1898 τοῦτο

154 1925 322 1983 δώσει
351 1925 541 2001 κύριος
572 1925 738 1993 αὐτὸς
768 1928 904 2000 ὑμῖν
937 1942 1181 2001 σημεῖον.
1254 1926 1378 1984 ἰδοὺ
1417 1925 1450 1999 ἡ
1483 1929 1761 2000 παρθένος

153 2014 213 2068 ἐν
242 2013 438 2085 γαστρὶ
467 2009 728 2084 λήψεται,
761 2014 853 2068 καὶ
875 2014 1082 2079 τέξεται
1109 2009 1265 2084 υἱὸν,
1298 2013 1390 2068 καὶ
1422 2014 1670 2077 καλέσεις
1701 2009 1760 2067 τὸ

150 2092 324 2168 ὄνομα
363 2092 536 2152 αὐτοῦ
560 2093 931 2169 Ἐμμανουήλ·
986 2095 1265 2171 βούτυρον
1303 2098 1394 2152 καὶ
1439 2097 1563 2168 μέλι
1592 2093 1760 2168 φάγε-

149 2202 257 2251 ται,
289 2181 424 2252 πρὶν
446 2175 480 2251 ἢ
503 2185 714 2251 γνῶναι
745 2178 914 2237 αὐτὸν
937 2176 971 2252 ἢ
995 2183 1332 2253 προελέσθαι
1355 2179 1589 2281 πονηρὰ,
1616 2181 1760 2236 ἐκλέ-

89 2285 130 2318 25
153 2265 298 2330 ξεται
338 2262 397 2320 τὸ
437 2260 679 2335 ἀγαθόν
752 2263 891 2321 διότι
942 2267 1076 2338 πρὶν
1117 2262 1151 2336 ἢ
1192 2289 1402 2336 γνωναι
1442 2262 1500 2321 τό
1533 2269 1760 2331 παιδίον

151 2343 368 2418 αγαθὸν
399 2344 432 2418 ἢ
462 2347 652 2421 κακὸν,
683 2346 913 2406 ἆπειθει
930 2355 1190 2424 πονηρίᾳ,
1219 2354 1319 2406 τοῦ
1344 2350 1668 2416 ἐκλέξασθαι
1699 2345 1760 2402 τὸ

151 2428 384 2500 ἀγαθόν.
457 2434 549 2488 καὶ
589 2431 1092 2505 καταλειφθήσεται
1133 2429 1166 2504 ἡ
1213 2439 1312 2504 γῆ,
1365 2429 1438 2503 ἢν
1477 2430 1547 2487 σύ
1587 2433 1759 2503 φοβῇ,

152 2510 259 2569 ἀπὸ
290 2513 589 2585 προσώπου
619 2540 732 2573 των
765 2515 866 2574 δύο
899 2513 1231 2588 βασιλέων.”

279 2601 363 2653 28.
409 2601 519 2655 Καὶ
556 2599 622 2655 τὰ
659 2601 762 2672 μὲν
802 2605 897 2672 τῆς
937 2605 1274 2673 προφητείας
1315 2590 1429 2654 ὧδέ
1466 2620 1541 2669 πη
1596 2597 1758 2671 εἶχεν.

88 2704 131 2736 30
156 2681 442 2751 ἐπιστῆσαι
474 2683 536 2738 δὲ
565 2681 718 2750 ἅξιον
747 2689 822 2760 τῷ
853 2687 952 2741 τοῦ
984 2683 1151 2755 λόγου
1181 2688 1451 2758 προοιμίῳ
1482 2706 1759 2756 μαρτυρα-

267 2875 320 2912 14
351 2874 430 2913 Es.
453 2875 492 2925 7,
518 2875 557 2916 9.
