1992 3186
232 106 337 159 586
911 105 1158 146 EUSEBH

173 218 178 222 ’
236 221 425 295 ἐπειδὴ
463 221 563 294 ὅλη
606 220 834 295 μυριὰς,
891 215 1031 292 ὁμοῦ
1077 221 1138 276 δὲ
1188 224 1278 278 καὶ
1327 220 1503 294 χιλιὰς
1545 228 1605 280 ἔκ
1643 248 1701 281 τε
1741 228 1846 280 τοῦ.

234 315 454 373 κλίτους
485 303 655 363 αὐτοῦ
685 306 775 361 καὶ
807 301 914 361 ἆπὸ
944 306 1058 361 τῶν
1089 307 1286 372 δεξιῶν
1314 317 1608 364 πεσεῖσθαι
1648 310 1843 380 λέγον-

188 415 210 446 b
233 417 349 464 ται,
405 388 626 456 εἰκότως
678 391 765 446 ἐπὶ
815 386 1026 454 τούτοις
1067 390 1189 462 ἑξῆς
1243 398 1453 463 εἴρηται
1494 387 1678 465 τεπλὴν
1727 406 1843 459 τοῖς

233 473 546 549 ὀφθαλμοῖς
577 493 681 531 σου
711 471 1099 545 κατανοήσεις,
1142 476 1232 530 καὶ
1265 470 1694 534 ἀνταπόδοσιν
1667 501 1839 550 αμαρ-

232 565 426 616 τωλῶν
463 556 604 627 όψει.
616 554 645 575 ”
720 563 799 616 11.
843 560 933 614 καὶ
977 562 1129 614 ἔσται
1168 562 1367 630 ταῦτα,
1407 561 1572 631 φησὶ,
1614 562 1739 634 περὶ
1781 562 1843 618 σὲ
1867 584 1887 617 5

230 644 328 700 τὸν
349 641 588 716 Χριστὸν
616 649 715 700 τοῦ
744 641 938 715 θεοῦ,
943 640 1263 717 “ἐπειδήπερ
1295 642 1365 698 σὺ
1389 639 1572 715 αὐτὸς,
1598 636 1640 700 ῶ
1670 643 1846 717 κύριε,

231 724 290 795 ὃς
319 750 609 801 τυγχανεις
634 723 713 804 ῶν
737 725 770 799 ἡ
804 726 903 800 ἐμὴ
937 728 1109 798 ἐλπὶς,
1140 726 1237 784 τὸν
1259 725 1497 794 υψιστον
1522 733 1660 785 ἔθου
1683 752 1846 785 κατα-

232 811 421 886 φυγήν
464 809 621 868 σου.”
647 809 657 819 ’
698 816 779 867 12.
814 818 956 868 ἔνθα
996 814 1088 867 καὶ
1132 810 1441 884 ἐπιστήσεις
1485 819 1610 870 τίνα
1641 811 1846 886 τρόπον

230 893 259 953 ὁ
284 894 571 971 προφήτης
594 893 730 970 πρὸς
753 894 924 953 αὐτὸν
953 893 1049 953 τὸν
1071 894 1267 968 κύριόν
1283 916 1455 969 φησιν
1478 891 1597 953 (εὸτι
1629 896 1719 969 σὺ,
1751 896 1847 954 κύ·

233 1004 345 1054 ριε,
389 985 542 1046 ἐλπίς
571 1004 707 1053 μου,
749 978 847 1038 τὸν
875 978 1112 1049 ὕψιστον
1144 986 1282 1037 ε”θου
1314 980 1642 1054 καταφυγήν
1683 979 1841 1054 σου,”
1867 1005 1907 1037 ιο

234 1069 468 1139 διαιρῶν
498 1061 740 1139 ἀκριβῶς
781 1068 971 1138 ἕτερον
1014 1070 1169 1131 ἰδίως
1210 1063 1407 1135 κύριον
1445 1067 1536 1121 καὶ
1581 1065 1678 1122 τὸν
1717 1063 1847 1123 τού-

231 1173 331 1207 του
362 1152 570 1222 πατέρα
599 1149 738 1206 θεὸν
778 1148 1029 1218 ὕψιστον.
1110 1153 1189 1204 13.
1227 1148 1312 1205 διὸ
1345 1149 1641 1223 ἐπειδήπερ
1674 1147 1846 1207 αὐτὸν

124 1229 311 1302 [2711ὦς
350 1238 557 1307 πατέρα
600 1235 690 1290 καὶ
731 1231 870 1291 θεὸν
917 1232 1155 1302 ύψιστον
1203 1232 1532 1306 καταφυγὴν
1573 1236 1774 1290 ἑαυτοῦ
1814 1230 1844 1290 ὁ

185 1354 204 1377 c
235 1316 468 1392 Χριστὸς
511 1319 780 1390 τέθειται,
823 1319 1072 1375 λέλεκται
1113 1315 1264 1394 αὐτῷ
1300 1317 1361 1374 τὸ
1390 1313 1498 1374 “οὐ
1544 1316 1847 1418 προσελεύ-

234 1423 384 1459 σεται
415 1401 549 1476 πρὸς
581 1402 641 1458 σε
672 1426 832 1473 κακα,
866 1404 957 1459 καὶ
982 1401 1176 1475 μαστιξ
1200 1398 1303 1458 ούκ
1328 1405 1502 1474 ἐγγιεῖ
1528 1405 1606 1478 τῷ
1627 1399 1846 1475 σκηνῶ-
1870 1423 1910 1456 15

233 1493 368 1560 ματί
386 1505 508 1558 σου,
539 1485 621 1542 ὅτι
646 1499 759 1553 τοῖς
778 1483 1031 1559 ἀγγέλοις
1055 1485 1229 1544 αὑτοῦ
1254 1490 1549 1544 ἐντελεῖται
1574 1488 1699 1559 περὶ
1724 1489 1846 1558 σοῦ,

231 1575 330 1629 τοῦ
376 1569 712 1643 διαφυλάξαι
752 1589 814 1627 σε
869 1575 929 1628 ἐν
968 1569 1166 1637 πάσαις
1217 1585 1337 1638 ταῖς
1375 1566 1527 1637 ὁδοῖς
1565 1590 1682 1628 σου.
1757 1574 1845 1628 ἐπὶ

231 1662 433 1729 χειρῶν
461 1653 667 1728 ἆροῦσί
691 1674 778 1728 σε,
810 1653 1021 1728 μήποτε
1050 1653 1370 1730 προσκόψῃς
1399 1654 1534 1729 πρὸς
1557 1661 1722 1713 λίθον
1750 1655 1849 1712 τὸν

233 1738 377 1797 πόδα
408 1758 526 1796 σου.
537 1737 568 1758 ”
644 1743 722 1796 14.
757 1741 849 1796 καὶ
897 1743 1165 1812 ἐπιμελῶς
1197 1764 1259 1812 γε
1303 1737 1476 1840 τήρει
1487 1746 1610 1796 τίνα
1641 1738 1846 1812 τρόπον

235 1829 295 1881 ἐν
324 1828 402 1881 τῶ
423 1821 543 1881 “dn
575 1844 674 1895 συ,
706 1823 892 1899 κύριε,
941 1828 1092 1890 ἐλπίς
1123 1848 1260 1896 μου,
1301 1823 1400 1880 τὸν
1438 1822 1674 1888 ὕψιστον
1705 1829 1844 1880 ἔθου
1867 1843 1908 1875 20

233 1907 562 1982 καταφυγήν
593 1907 715 1966 σου’
723 1906 828 1965 ’τὸ
859 1907 1015 1983 κύριε
1043 1907 1133 1964 δια
1156 1911 1255 1963 τοῦ
1277 1929 1694 1979 τετραγραμμου
1717 1903 1846 1963 6216-

232 2016 398 2065 ματος
445 1995 505 2049 ἐν
549 1991 920 2068 τῷἙβραϊκῶ
960 1990 1218 2064 φέρεται,
1265 1987 1399 2061 ὅπερ
1445 1989 1846 2064 ἄνεκφῶνητον

189 2100 211 2131 d
235 2076 379 2133 εἶναι
419 2077 672 2147 λέγοντες
693 2075 966 2148 Ἑβραίων
1007 2079 1201 2141 παῖδες
1246 2076 1333 2131 ἐπὶ
1372 2073 1546 2147 μόνου
1576 2079 1673 2132 τοῦ
1703 2078 1846 2132 θεοῦ

234 2157 691 2232 παραλαμβάνειν
731 2157 1028 2230 εἰώθασιν,
1074 2154 1232 2231 ἡμεῖς
1264 2160 1323 2215 δὲ
1362 2162 1452 2216 καὶ
1499 2161 1587 2216 ἐπὶ
1618 2163 1714 2231 τῆς
1744 2165 1844 2216 τοῦ

235 2243 401 2316 λόγου
431 2241 692 2315 θεότητος
725 2245 784 2300 ἐν
813 2249 1093 2310 πλείσταις
1124 2249 1377 2315 κείμενον
1405 2257 1645 2315 γραφαῖς
1669 2266 1845 2317 προα-
1866 2262 1908 2295 25

235 2330 593 2400 πεδείξαμεν,
636 2326 821 2400 ῶσπερ
862 2330 951 2384 καὶ
999 2331 1060 2385 ἐν
1097 2332 1173 2383 τῶ
1213 2351 1348 2399 μετα
1389 2340 1572 2434 χεῖρας
1611 2332 1841 2402 Ψαλμῶ,

233 2411 293 2479 ός
333 2431 506 2486 φησιν
550 2418 628 2478 εἰς
667 2411 965 2486 πρόσωπον
1007 2410 1182 2468 αὐτου
1218 2413 1318 2468 τοῦ
1357 2417 1556 2485 κυρίου
1588 2408 1711 2467 “ὃ’τι
1753 2409 1842 2511 σύ,

234 2495 411 2570 κύριε,
445 2500 597 2562 ἐλπίς
627 2521 754 2570 μου,
786 2493 882 2553 τὸν
901 2495 1138 2563 ὕψιστον
1155 2501 1294 2552 ἔθου
1318 2493 1647 2602 καταφυγήν
1678 2490 1823 2567 6ov‚'

233 2582 531 2653 μονονουχὶ
562 2579 788 2653 λέγων
769 2580 851 2638 ότι
881 2579 952 2637 σύ
983 2577 1176 2651 αὐτὸς,
1209 2571 1254 2635 ῶ
1283 2578 1460 2652 κύριε,
1491 2575 1550 2646 ὃς
1582 2582 1714 2651 ἐμοῦ
1743 2583 1842 2635 τοῦ

234 2668 405 2721 ταῦτα
447 2663 894 2739 προφητεύοντος
937 2667 1089 2732 ἐλπὶς
1132 2660 1210 2721 ῶν
1254 2662 1572 2736 τυγχάνεις,
1622 2669 1905 2734 μείζοναῧο

237 2751 445 2805 σαυτοῦ
489 2746 586 2804 τὸν
625 2746 765 2805 θεὸν
803 2748 900 2806 τὸν
928 2746 1165 2817 ὕψιστον
1197 2745 1356 2814 εἰδῶς
1390 2751 1628 2817 ἐκεῖνον,
1671 2743 1842 2802 αὐτὸν

236 2838 374 2888 ἔθου
404 2831 734 2904 καταφυγήν
762 2852 880 2890 σου.
956 2838 1034 2890 15.
1067 2830 1204 2890 ὅθεν
1235 2832 1323 2888 καὶ
1368 2835 1427 2888 ἐν
1457 2830 1601 2906 ἀρχῇ
1630 2831 1841 2903 ἐλέγετο
