1992 3186
593 127 900 168 DEMONST.
931 127 1153 169 EVANG.
1177 128 1279 168 VII.
1315 130 1350 167 1.
1658 125 1763 178 419

147 241 176 301 ὁ
209 243 367 317 λόγος
386 241 744 317 προφητεύει,
775 241 877 313 τὴν
903 246 961 299 ἐκ
985 244 1273 316 παρθένου
1295 244 1517 313 γένεσιν
1540 245 1631 299 καὶ
1661 242 1763 315 τὴν

151 327 243 386 διὰ
273 326 471 431 ταύτης
515 334 593 394 εἰς
634 331 820 385 πᾶσαν
850 325 950 399 τὴν
991 331 1096 399 γῆν
1138 330 1573 399 ε’φαπλωθεῖσαν
1607 331 1811 395 δοξο-(1

150 419 343 485 λογίαν
374 411 545 469 αὐτοῦ
577 411 877 485 κηρύττων.
927 415 1005 468 13.
1032 410 1219 485 κύριος
1246 409 1627 483 δεΣαβαώθ
1600 435 1762 486 ερμη-

148 496 366 555 νεύεται
408 495 596 569 κύριος
639 500 753 553 τῶν
795 494 1103 569 δυνάμεων.
1187 493 1349 562 αὐτος
1393 494 1444 552 δ’
1491 491 1563 554 ἂν
1605 506 1690 569 εἴη
1732 495 1760 553 ὁ

103 607 124 640 5
148 580 575 657 ἀρχιστράτηγος
642 580 930 654 δυνάμεως
993 587 1222 651 κυρίου,
1290 577 1357 637 ὃν
1407 582 1500 637 καὶ
1554 583 1613 637 ἐν
1666 580 1764 653 κγ’

154 670 365 742 Ψαλμῷ
406 665 599 740 κύριον
630 663 886 736 Σαβαωθ
926 670 988 721 αἰ
1018 675 1170 722 θεῖαι
1210 664 1379 722 πάλιν
1420 663 1763 722 ἀποκαλοῦσι

147 750 441 824 δυνάμεις,
483 749 584 822 τὴν
624 747 732 807 ἀπὸ
771 756 871 822 γῆς
913 756 988 815 εἰς
1030 748 1306 822 οὐρανοὺς
1346 747 1551 807 ἄνοδον
1592 750 1764 807 αὐτοῦ

147 842 509 904 θεσπίζουσαι
551 832 628 891 δι’
673 826 753 891 ὦν
795 852 968 907 φασιν
993 829 1196 907 “ἅρατε
1227 831 1405 899 πύλας
1429 839 1484 890 οἱ
1500 831 1762 907 ἄρχοντες

144 919 334 991 ὑμῶν,
368 922 459 976 καὶ
491 918 770 992 ἐπαρθητε
800 917 969 974 πύλαι
995 916 1231 990 αἰώνιοι,
1265 920 1357 974 καὶ
1391 918 1762 976 εἰσελεύσεται

85 1000 175 1062 1οὸ
218 1004 480 1076 βασιλεὺς
519 1006 614 1074 τῆς
658 1002 834 1075 δόξης.
907 1009 990 1068 τίς
1033 1004 1184 1058 ἐστὶν
1226 994 1386 1067 οὗτος
1426 1001 1454 1058 ὁ
1500 1003 1762 1074 βασιλεὺς

144 1091 238 1161 τῆς
273 1087 463 1160 δόξης;
495 1086 684 1161 κύριος
707 1091 820 1143 τῶν
851 1085 1146 1159 δυνάμεων
1178 1084 1342 1153 αὐτός
1372 1090 1521 1144 ἐστιν
1546 1085 1574 1143 ὁ
1605 1093 1761 1158 βασι-

145 1171 272 1239 λεὺς
303 1175 397 1245 τῆς
431 1168 646 1244 δόξης.”
717 1171 777 1228 τὸ
808 1173 946 1244 γοῦν
969 1169 1263 1244 Ἑβραϊκὸν
1302 1169 1471 1228 πάλιν
1513 1175 1758 1229 ἐνταῦθα
1784 1189 1874 1231 (312)

144 1256 341 1331 κύριον
372 1254 630 1328 Σαβαωθ
661 1254 830 1313 αὐτὸν
861 1263 1032 1312 καλεῖ.
1093 1260 1171 1312 14.
1207 1257 1298 1312 καὶ
1327 1254 1625 1329 ἐπειδήπερ
1659 1255 1763 1313 αὐ-

143 1341 233 1408 τός
267 1337 463 1398 ἐστινὸ
497 1339 759 1412 βασιλεὺς
789 1344 884 1412 τῆς
917 1340 1098 1412 δόξης,
1132 1340 1220 1396 δια
1245 1363 1303 1396 τε
1327 1339 1429 1413 τὴν
1462 1344 1762 1414 ἐπιδημίαν

81 1452 121 1484 15
144 1423 318 1483 αὐτοῦ
360 1431 552 1498 ἔμελλε
582 1428 730 1481 πᾶσα
769 1421 802 1497 ἡ
834 1430 904 1497 γῆ
935 1428 1290 1498 πληροῦσθαι
1331 1428 1426 1496 τῆς
1466 1424 1626 1498 δόξης
1659 1423 1758 1481 αύ-

143 1513 269 1582 τοῦ,
313 1508 535 1575 εἰκότως
574 1507 635 1566 τὸ
674 1511 877 1582 μέλλον
917 1514 1144 1566 ἔσεσθαι
1188 1514 1248 1565 ἒν
1287 1531 1346 1564 τε
1385 1514 1461 1585 τῷ
1503 1508 1761 1583 προφήτῃ

144 1596 392 1652 λε’λεκται
423 1595 512 1650 καὶ
547 1596 608 1650 ἐν
645 1598 720 1670 τῷ
759 1596 995 1669 Ψαλμῷ·
1047 1596 1108 1650 ἐν
1136 1593 1238 1665 μὲν
1271 1598 1346 1669 τῷ
1370 1592 1624 1667 προφήτῃ
1670 1591 1762 1649 διὰ

74 1734 79 1735 ⁷
142 1681 243 1736 τοῦ
264 1675 513 1751 “πλήρης
545 1684 694 1735 πᾶσα
726 1675 759 1750 ἡ
791 1681 860 1751 γῆ
891 1681 987 1750 τῆς
1020 1676 1180 1750 δόξης
1215 1674 1443 1749 αὐτοῦ,”
1489 1680 1548 1733 ἐν
1592 1677 1653 1733 δὲ
1684 1680 1763 1752 τῷ

0 1826 1 1830 ¹
150 1769 362 1839 Ψαλμῷ
397 1763 488 1818 διὰ
521 1768 614 1834 τῆς
659 1761 831 1837 ἀρχῆς
871 1760 1191 1835 φασκούσης
1217 1757 1351 1818 “tofi
1393 1767 1593 1835 κυρίου
1624 1760 1657 1834 ἡ
1691 1767 1760 1834 γῆ

79 1874 120 1908 20
143 1850 235 1905 καὶ
265 1847 325 1904 τὸ
356 1845 625 1924 πλήρωμα
670 1843 869 1920 αὐτῆς,
910 1845 943 1920 ἡ
985 1849 1310 1919 οἰκουμένη,
1350 1847 1442 1902 καὶ
1475 1844 1677 1912 πάντες
1709 1851 1766 1902 οὗ

143 1935 527 1997 κατοικοῦντες
561 1934 621 1988 ἐν
651 1929 850 2005 αὐτῇ.”
930 1935 1008 1988 15.
1053 1931 1264 1988 τούτων
1303 1932 1761 2003 τεθεσπισμένων

143 2019 266 2088 ἑξῆς
306 2012 522 2088 ὑποβὰς
566 2015 594 2073 ὁ
638 2014 923 2090 προφήτης
963 2013 1297 2090 μαρτύρεται
1338 2013 1421 2071 ὅτι
1465 2014 1533 2087 δὴ
1578 2021 1628 2072 εἰ
1667 2016 1760 2070 καὶ

143 2099 356 2174 πλήρης
397 2106 548 2157 ἔσται
589 2104 739 2158 πᾶσα
778 2099 812 2172 ἡ
852 2103 924 2173 γῆ
963 2103 1059 2172 τῆς
1092 2099 1252 2172 δόξης
1285 2096 1485 2172 αὐτοῦ,
1528 2097 1667 2155 ἀλλά
1697 2124 1760 2171 γε
1790 2117 1810 2147 b

142 2184 201 2241 τὸ
227 2183 516 2242 Ἰουδαίων
558 2191 723 2252 ἔθνος
763 2182 829 2242 οὐ
861 2183 1195 2258 προσήσεται
1227 2182 1423 2255 αὐτὸν,
1469 2182 1555 2240 διό
1587 2202 1761 2256 φησιν

80 2265 266 2327 affluo&
298 2269 418 2326 εἷπε
457 2267 650 2344 κύριος
682 2267 872 2343 (αὐτὸς
906 2269 1121 2341 δηλαδὴ
1151 2265 1180 2324 ὅ
1212 2270 1630 2342 τεθεωρημένος
1661 2267 1761 2323 κύ-

145 2377 259 2426 ριος
301 2352 610 2427 Σαβαώθ,)
651 2361 776 2411 τίνα
818 2350 1123 2410 ἀποστείλω
1166 2356 1258 2409 καὶ
1296 2360 1377 2418 τίς
1430 2351 1761 2425 πορεύσεται

145 2435 279 2508 πρὸς
308 2437 404 2495 τὸν
434 2437 568 2494 λαὸν
599 2442 822 2508 τοῦτον;
855 2440 946 2495 καὶ
979 2437 1135 2508 εἶπα,
1172 2435 1296 2493 ἰδού
1321 2443 1431 2508 εἰμι
1464 2435 1589 2508 ἐγώ,
1621 2432 1760 2491 οἳπό-

145 2520 361 2577 στειλόν
391 2546 475 2594 με.
535 2525 628 2578 καὶ
660 2522 809 2594 εἷπε,
842 2521 1176 2594 πορεύθητι,
1219 2523 1312 2576 καὶ
1345 2519 1502 2576 εἷπον
1531 2523 1606 2595 τῷ
1638 2521 1756 2596 λαῷ
1783 2545 1871 2587 [193]

146 2603 350 2680 τούτῳ,
391 2603 528 2678 ἀκοῇ
560 2604 855 2678 ἀκούσετε,
902 2608 992 2662 καὶ
1025 2603 1091 2662 οὐ
1122 2602 1196 2677 μὴ
1227 2607 1456 2674 συνῆτε·
1505 2606 1596 2659 καὶ
1628 2605 1758 2675 βλέ-

82 2714 122 2747 30
146 2710 342 2755 ποντες
372 2691 628 2762 βλέψετε,
671 2693 760 2747 καὶ
804 2688 870 2747 οὐ
914 2688 987 2762 μὴ
1020 2694 1189 2761 ἴδητε.
1265 2685 1555 2761 ἐπαχύνθη
1587 2686 1691 2762 γάρ
1723 2712 1757 2759 η

1365 2949 1474 3000 27*
