1992 3186
233 102 339 154 570
902 101 1151 143 EUSEBH

195 255 212 276 c
236 221 326 276 καὶ
366 214 728 290 ὑψωθήσεται
767 213 800 288 ἡ
834 214 961 288 Γῶγ
1002 222 1282 290 βασιλεία,
1334 220 1427 275 καὶ
1467 214 1840 291 αὐξηθήσεται

234 300 268 376 ἡ
300 308 552 375 βασιλεία
582 299 769 357 αὐτοῦ.
830 299 962 367 θεὸς
1003 296 1293 373 ῶδήγησεν
1335 299 1504 360 αὐτὸν
1558 305 1610 370 ἐξ
1665 301 1838 375 Αἰγύ-

236 411 414 458 πτου,
459 381 533 451 ῶς
594 382 725 453 δόξα
783 387 1160 459 μονοκέρωτος
1212 381 1380 461 αὐτῷ.
1450 391 1632 444 ἔδεται
1695 393 1835 460 ἔθνη

238 474 454 544 ἐχθρῶν
497 468 695 541 αὑτοῦ,
747 471 840 526 καὶ
881 468 946 526 τὰ
999 467 1144 542 πάχη
1197 466 1382 526 αὐτῶν
1429 472 1703 544 ἐκμυλιεῖ,
1747 473 1839 528 καὶ

235 569 353 620 ταῖς
393 559 611 624 βολίσιν
651 549 821 610 αὑτοῦ
869 551 1254 621 κατατοξεύσει
1295 551 1514 627 ἐχθρόν.
1583 564 1836 613 κατακλι-
1860 576 1880 610 5

171 635 173 637 ¹
234 640 358 704 θεὶς
388 635 741 695 ἀνεπαύσατο
774 633 847 704 ῶς
887 641 1030 695 λέων
1070 640 1163 695 καὶ
1194 634 1266 704 ῶς
1298 637 1568 712 σκύμνος,
1612 645 1693 706 τίς
1726 643 1838 712 ἐγε-

238 736 323 794 ρεῖ
374 720 573 793 αῦτόν;
621 727 679 779 οἱ
727 719 1086 796 εῦλογοῦντές
1138 744 1200 780 σε
1253 719 1580 796 εῦλόγηνται
1643 726 1736 780 καὶ
1788 729 1845 781 oi

236 804 621 881 καταρῶμενοί
646 823 708 864 σε
739 803 1186 880 κεκατήρανται.”

363 896 411 949 2.
453 890 735 965 Ἀνωτέρω
769 889 860 948 διά
899 896 992 964 τῆς
1032 893 1473 964 προτεταγμένης
1503 899 1842 966 προφητείας

185 998 190 1004 ·
237 974 420 1048 φήσας
472 971 500 1032 ὁ
554 974 793 1050 χρησμὸς
845 975 941 1034 τὸν
992 974 1187 1050 κύριον
1237 973 1390 1048 ἥξειν
1433 981 1508 1042 εἰς
1551 985 1840 1048 Αἴγυπτον
1863 997 1903 1029 10

191 1085 213 1117 d
238 1058 440 1133 ἐδήλου
468 1059 571 1132 τὴν
601 1064 698 1117 τοῦ
723 1065 966 1135 σωτῆρος
989 1055 1146 1133 ἡμῶν
1169 1058 1347 1133 Ἰησοῦ
1379 1063 1621 1135 Χριστοῦ
1653 1065 1843 1119 διακο-

236 1144 436 1217 μιδὴν,
480 1143 582 1216 τήν
622 1143 732 1218 ἅμα
765 1159 879 1211 τοῖς
922 1148 1184 1217 γονεῦσιν
1239 1150 1316 1212 εἰς
1358 1153 1647 1217 Αἴγυπτον
1691 1142 1843 1222 αὐτῷ

237 1230 640 1302 γενησομένην·
689 1233 749 1286 ἐν
792 1227 1006 1295 τούτοις
1039 1229 1101 1286 δὲ
1130 1228 1233 1301 τὴν
1266 1228 1541 1286 ἐπάνοδον
1584 1231 1705 1301 ἑξῆς
1748 1231 1841 1286 καὶ

237 1309 560 1380 ἀκολούθως
590 1312 693 1386 τὴν
717 1311 814 1370 ἀπ’
853 1312 1174 1385 Αἰγύπτου,
1207 1309 1278 1384 ἣν
1301 1337 1412 1386 αμα
1435 1327 1547 1379 τοις
1578 1316 1841 1385 γονεῦσιν

239 1403 316 1464 εἰς
346 1421 448 1469 την
478 1403 583 1468 γῆν
614 1400 714 1454 τοῦ
751 1393 967 1472 Ἰσραὴλ
999 1395 1319 1470 ἐποιήσατο,
1342 1403 1611 1507 θεσπίζει
1663 1399 1840 1470 λέγων
1865 1418 1906 1451 15

227 1479 396 1548 “θεὸς
429 1479 720 1554 ὡδήγησεν
744 1479 915 1539 αὐτὸν
941 1484 993 1550 ἐξ
1019 1478 1355 1555 Assyvssn‘vovf'
1416 1486 1462 1538 3
1496 1481 1661 1555 μόνος
1689 1482 1797 1538 δε
1772 1506 1842 1554 ην

236 1564 264 1621 ὁ
307 1562 488 1638 σωτὴρ
541 1569 634 1623 καὶ
684 1565 877 1640 κύριος
929 1565 1086 1640 ημῶν
1132 1565 1344 1640 Ἰησοῦς
1395 1564 1424 1623 ὁ
1465 1566 1697 1639 Χριστὸς
1737 1571 1838 1623 τοῦ

232 1653 374 1706 θεοῦ
404 1651 496 1707 καὶ
528 1646 659 1707 οῦδὲ
691 1648 855 1717 ἄλλος
886 1649 915 1708 ὁ
954 1653 1012 1708 ἐκ
1043 1654 1141 1708 τοῦ
1162 1652 1470 1724 σπέρματος
1498 1647 1717 1726 Ἰσραὴλ
1749 1651 1840 1708 καὶ

235 1740 334 1790 τοῦ
354 1731 642 1793 Ἰουδαίων
665 1742 868 1801 ἔθνους
894 1733 1210 1810 προελθῶν,
1237 1736 1328 1792 καὶ
1354 1738 1576 1793 πολλῶν
1600 1758 1842 1792 κατακυ-

237 1816 457 1890 ριεύσας
522 1822 762 1892 ἐθνῶν,’
812 1817 951 1876 ῶστε
1003 1818 1393 1892 ἀναμφιλόγως
1445 1815 1837 1891 ὁμολογεῖσθαι
1860 1840 1902 1871 20

235 1905 404 1976 πέρας
438 1909 582 1977 ἔχειν
616 1900 704 1960 ἐπ’
749 1900 898 1980 αὐτῷ
937 1906 1029 1960 καὶ
1069 1901 1170 1975 τὴν
1211 1905 1501 1975 παροῦσαν
1531 1902 1841 1977 πρόρρησιν

237 1986 546 2062 διαρρήδην
599 1990 962 2059 ἐκφωνοῦσαν
1012 1984 1095 2043 ὅτι
1159 1983 1227 2059 δὴ
1281 1989 1341 2042 ἐκ
1406 1990 1504 2042 τοῦ
1552 1983 1840 2044 Ἰουδαίων

123 2093 214 2134 (424)
240 2076 443 2136 ἔθνους
496 2068 842 2138 ἐξελεύσεταί
900 2094 980 2136 τις
1040 2068 1339 2144 ἅνθρωπος
1410 2072 1501 2127 καὶ
1556 2069 1840 2143 κυριεύσει

239 2156 423 2211 ἐθνῶν
463 2156 699 2211 πολλῶν.
770 2158 818 2211 4.
863 2150 896 2227 ἢ
938 2155 1139 2226 λεγέτω
1185 2150 1214 2211 ὁ
1260 2152 1596 2227 βουλόμενος
1641 2159 1692 2212 εἰ
1727 2160 1840 2228 ἔχοι

237 2235 405 2294 ἄλλον
435 2241 702 2310 συστῆσαι
732 2241 844 2295 τῶν
873 2237 1094 2294 πῶποτε
1124 2234 1256 2312 παρ’
1291 2234 1563 2312 Ἑβραίοις
1597 2236 1839 2306 ἐνδόξων
1861 2258 1902 2291 25

238 2327 462 2379 πολλῶν
495 2324 683 2380 ἐθνῶν
714 2319 981 2396 ἄρξαντα·
1025 2319 1147 2379 ἀλλ’
1195 2318 1298 2379 οῦκ
1328 2319 1397 2378 ἂν
1439 2330 1582 2379 εἴποι
1613 2346 1724 2394 τις,
1755 2319 1838 2378 ὅτι

237 2406 378 2478 μηδὲ
424 2408 667 2479 γέγονεν.
748 2409 836 2464 ἐπὶ
879 2409 944 2464 δέ
979 2430 1043 2479 γε
1082 2409 1181 2463 τοῦ
1220 2410 1464 2478 σωτῆρος
1507 2402 1691 2479 ἡμῶν,
1734 2402 1838 2462 κᾶν

238 2491 394 2562 ἡμεῖς
435 2490 509 2564 μὴ
550 2493 828 2564 λέγωμεν,
870 2487 1012 2564 αῦτή
1052 2515 1114 2563 γε
1155 2486 1188 2562 ἡ
1231 2488 1468 2562 ἀλήθεια
1510 2489 1703 2562 βοήσει
1746 2491 1838 2546 καὶ

237 2575 374 2646 μέγα
406 2573 751 2649 κεκράξεται,
785 2573 1044 2650 ἄντικρυς
1065 2578 1383 2649 παριστῶσα
1407 2571 1554 2642 ὅπως
1585 2570 1618 2647 ἡ
1645 2581 1838 2639 ἔνθεος

238 2655 412 2716 αὐτοῦ
443 2658 673 2732 δύναμις
709 2658 799 2715 διά
830 2658 925 2717 τοῦ
949 2656 1370 2732 ἀναληφθέντος
1402 2655 1549 2735 αὐτῷ
1584 2662 1643 2715 ἐκ
1673 2660 1835 2730 σπέρ-
1859 2681 1901 2714 30

236 2766 402 2812 ματος
428 2739 642 2816 Ἰσραὴλ
673 2749 773 2800 τοῦ
805 2741 940 2800 κατὰ
970 2743 1148 2817 σάρκα
1179 2741 1485 2817 άνθρῶπου
1528 2745 1835 2815 ἐκυρίευσε,

237 2827 329 2880 καὶ
373 2829 538 2883 εἰσέτι
589 2831 695 2883 νῦν
735 2826 981 2902 κυριεύει
1024 2831 1211 2885 ἐθνῶν
1252 2831 1488 2885 πολλῶν.
1571 2831 1618 2883 ἶ).
1673 2824 1836 2892 αὐτὸς
