1992 3186
238 94 344 146 566
914 94 1165 136 EUSEBII

241 214 505 283 φωστῆρα
539 207 921 282 ἐπιλάμψαντα
950 215 1026 285 τῷ
1066 212 1231 268 παντὶ
1261 209 1448 288 κόσμῳ
1479 211 1575 269 τὸν
1606 210 1847 285 Χριστὸν

241 297 341 351 τοῦ
377 297 518 351 θεοῦ
554 297 724 350 πᾶσιν
767 291 1155 367 αἰνιττόμενος.
1231 298 1310 352 15.
1354 293 1491 353 κατὰ
1529 293 1588 354 τὸ
1620 290 1752 354 αὐτὸ
1787 297 1848 354 δὲ

241 375 275 451 ἡ
315 384 625 451 προφητεία
673 375 978 450 ἄνθρωπον
1028 374 1168 452 ὁμοῦ
1215 381 1306 436 καὶ
1345 376 1548 454 ἀστέρα
1597 388 1845 450 θεσπίζει

247 461 322 519 δι’
360 454 438 518 ῶν
468 482 643 535 φησιν
665 457 964 520 “ἄνατελεῖ
989 459 1193 537 ἄστρον
1235 466 1288 531 ἐξ
1323 459 1549 537 Ἰακὼβ,
1591 467 1684 522 καὶ
1715 463 1846 523 ἀνα·

243 544 495 619 στήσεται
545 545 844 619 ἅνθρωπος
877 549 930 614 ἐξ
966 543 1209 620 Ἰσραήλ”
1229 592 1244 620 ,
1297 545 1394 605 τόν
1444 549 1547 620 μὲν
1577 547 1845 623 οὐράνιον
1869 573 1889 606 5

241 633 508 704 φωστῆρα
531 629 627 688 τὸν
657 629 795 688 θεὸν
827 628 992 703 λόγον
1019 632 1160 689 εἶναι
1179 677 1194 705 ,
1225 629 1322 690 τὸν
1338 630 1511 690 αὐτὸν
1543 633 1602 690 δὲ
1626 631 1846 708 ἅνθρω-

241 736 348 772 πον
378 711 736 789 ὄνομάζουσα.
802 713 1083 790 διαφόρως
1115 716 1177 773 δὲ
1221 713 1389 774 αὐτὸν
1428 719 1520 774 καὶ
1554 721 1613 774 ἐν
1645 719 1848 791 ἑτέροις

241 794 521 872 ἀνατολὴν
551 800 691 873 ὁμοῦ
723 801 814 856 καὶ
856 803 974 873 φῶς
1005 802 1098 858 καὶ
1138 799 1297 874 ἥλιον
1329 799 1684 875 δικαιοσύνης
1715 798 1848 860 ἄπο-

128 911 133 938 ·.
201 915 220 938 e
241 891 425 956 καλεῖ,
459 882 533 950 ῶς
564 889 623 942 ἐν
653 897 766 951 τοῖς
797 882 1034 960 πρῶτοις
1064 883 1450 959 ἀπεδείξαμεν.
1515 891 1596 943 16.
1643 886 1760 944 εἶτα
1789 883 1849 943 τὸ

239 968 342 1040 μὲν
382 967 669 1044 θειότερον
710 967 913 1041 αὐτοῦ,
952 965 1088 1026 “ἁ’τε
1128 976 1366 1043 φωτίζον
1410 969 1588 1029 πάντα
1627 967 1847 1045 ἅνθρω-
1873 994 1914 1026 10

242 1075 349 1109 πον
382 1052 681 1128 ἐρχόμενον
735 1059 812 1120 εἰς
863 1051 959 1110 τὸν
999 1051 1277 1127 κόσμον,”
1331 1057 1408 1131 τῷ
1453 1061 1547 1127 τῆς
1577 1051 1848 1128 ἀνατολῆς
1907 1085 1909 1087 ’

244 1136 549 1211 ἐπεφήμισε
591 1137 938 1213 προσρήματι
978 1137 1161 1211 φήσας
1208 1134 1504 1196 “ἆνατελεῖ
1548 1137 1751 1213 ἄστρον
1794 1141 1847 1207 ἐξ

237 1216 486 1293 Ἰακώβ.”
563 1220 660 1279 τὸν
701 1223 764 1279 δὲ
804 1219 1139 1296 ἄνθρωπον,
1199 1220 1291 1279 διὰ
1343 1221 1403 1279 τό
1452 1220 1674 1296 συμβὰν
1722 1225 1849 1298 περὶ

243 1303 415 1362 αὐτὸν
455 1305 666 1378 πάθος,
711 1304 783 1373 ῶς
832 1302 903 1363 ὂὶν
933 1305 1254 1364 πεπτωκότα
1296 1302 1713 1379 ἀναστήσεσθαι
1753 1318 1847 1364 θε-

244 1397 450 1462 σπίζει,
483 1386 686 1464 ὁμοίως
718 1387 800 1458 οἷς
830 1392 921 1447 καὶ
946 1387 1174 1459 Ἠσαίας
1204 1393 1329 1465 περὶ
1355 1389 1527 1449 αὐτοῦ
1558 1409 1694 1464 φησι
1719 1387 1845 1448 “nal
1871 1414 1912 1446 15

244 1480 397 1531 ἔσται
428 1470 460 1546 ἡ
506 1479 626 1549 ῥίζα
665 1479 766 1532 τοῦ
808 1471 1034 1548 Ἰεσσαὶ,
1075 1478 1167 1533 καὶ
1197 1474 1225 1533 ὁ
1256 1474 1620 1549 ἀνιστάμενος
1659 1473 1850 1549 ἄρχειν

243 1561 457 1632 ἐθνῶν,
514 1556 599 1617 ἐπ’
657 1557 810 1636 αὐτῷ
861 1565 1001 1632 ἔθνη
1049 1558 1353 1618 ἐλπιοῦσι.”
1439 1562 1531 1618 καὶ
1574 1562 1746 1633 σαφές
1787 1584 1849 1632 γε

240 1649 367 1699 τίνα
399 1642 605 1716 τρόπον
635 1643 694 1701 τὸ
726 1645 846 1717 φῶς
876 1648 975 1702 τοῦ
998 1650 1243 1720 σωτῆρος
1267 1643 1425 1718 ἡμῶν
1449 1648 1510 1702 ἐκ
1533 1650 1629 1702 τοῦ
1655 1641 1849 1716 Ἰακώβ

242 1725 570 1801 ἆνατεῖλαν,
603 1725 755 1786 τοῦτ’
800 1734 950 1786 ἔστιν
980 1726 1087 1786 ἀπὸ
1120 1733 1217 1787 τοῦ
1261 1733 1322 1786 ἐκ
1363 1732 1657 1803 περιτομῆς
1689 1731 1846 1800 λαοῦ,

129 1870 132 1874 ,
195 1834 217 1866 d
245 1814 379 1868 πᾶσι
418 1826 532 1879 τοῖς
573 1818 822 1886 ἔθνεσιν,
864 1811 983 1870 ἀλλ’
1021 1810 1146 1886 οὐχὶ
1177 1816 1254 1890 τῷ
1300 1810 1521 1884 Ἰακώβ,
1573 1811 1711 1869 ὅθεν
1752 1812 1844 1868 καὶ
1869 1834 1911 1866 20

244 1899 558 1970 προῆλθεν,
593 1898 874 1971 ἐξέλαμψε.
940 1902 1019 1954 17.
1053 1900 1212 1954 τοῦτο
1238 1897 1300 1953 δὲ
1323 1898 1414 1952 καὶ
1439 1894 1546 1953 ἀπὸ
1569 1902 1849 1953 πλείστων

245 1982 449 2054 ἐτέρων
481 1980 745 2055 πάρεστιν
778 1984 1034 2052 ἐκλαβεῖν
1066 1984 1446 2054 προφητειῶν,
1482 1979 1554 2047 ῶς
1585 1981 1719 2054 πρὸς
1751 1978 1849 2036 αὐ-

244 2061 340 2119 τόν
393 2067 732 2136 φασκουσῶν
779 2062 877 2121 τὸν
916 2063 1157 2137 Χριστὸν
1197 2062 1364 2122 “ίδοῦ
1402 2063 1627 2122 τέθεικά
1666 2085 1728 2122 σε
1772 2069 1849 2130 εἰς

247 2146 525 2220 διαθήκην
555 2149 779 2221 γένους,
814 2153 889 2215 εἰς
921 2153 1037 2220 φῶς
1064 2145 1317 2206 ἐθνῶν“”
1350 2145 1417 2206 οὐ
1447 2149 1557 2221 μὴν
1587 2145 1726 2205 ἀλλὰ
1756 2149 1848 2205 καὶ

244 2233 305 2287 ἐκ
335 2235 447 2288 τῶν
477 2238 574 2290 τοῦ
604 2231 834 2306 Βαλαὰμ
866 2230 1075 2305 λόγων,
1109 2230 1181 2289 δι’
1220 2224 1300 2290 ῶν
1334 2251 1506 2306 φησιν
1531 2228 1845 2301 “ἐξελεύσε-
1869 2251 1911 2284 25

128 2342 218 2384 [262]
243 2339 331 2372 ται
364 2319 423 2373 ἐκ
453 2320 552 2374 τοῦ
583 2319 891 2391 σπέρματος
931 2313 1106 2374 αὐτοῦ
1127 2317 1455 2388 ἅνθρωπος,
1496 2318 1588 2373 καὶ
1621 2313 1848 2389 κυριεύ-

243 2418 327 2457 σει
372 2403 557 2459 ἐθνῶν
597 2397 874 2458 πολλῶν.”
939 2406 1019 2457 18.
1065 2407 1212 2468 τίνος
1255 2402 1313 2458 δὲ
1359 2405 1418 2458 ἐκ
1458 2403 1767 2474 σπέρματος
1813 2394 1846 2471 ἢ

240 2488 341 2542 τοῦ
364 2483 611 2559 Ἰσραὴλ,
645 2486 717 2552 ὡς
747 2482 780 2558 ἡ
813 2483 1126 2560 σύμφρασις
1156 2487 1495 2559 παρέστησε;
1529 2487 1621 2542 καὶ
1653 2482 1721 2556 δὴ
1754 2508 1848 2541 κυ-

243 2568 467 2641 ριεύσας
501 2572 686 2628 ἐθνῶν
731 2569 757 2627 ὁ
794 2573 893 2628 τοῦ
925 2574 1170 2644 σωτῆρος
1212 2568 1371 2643 ἡμῶν
1412 2568 1572 2642 λόγος
1613 2564 1850 2625 ἀκολού-

243 2662 362 2720 θως
393 2656 460 2728 τῇ
483 2641 791 2731 π’ροφητείᾳ
814 2653 907 2722 τὰς
932 2653 1101 2712 πάλαι
1132 2653 1402 2727 πρότερον
1432 2652 1620 2710 αὐτῶν
1649 2649 1848 2726 ἀρχού-
1871 2672 1913 2704 30

359 2848 410 2886 10
440 2847 511 2886 σο.
537 2849 577 2898 1,
601 2849 643 2888 9.
