1992 3186
540 122 850 165 DEMONST.
881 121 1101 165 EVANG.
1133 123 1212 163 IX.
1249 124 1313 164 13.
1348 124 1413 165 14.
1669 121 1770 174 607

720 291 848 352 Ἀπὸ
879 299 978 351 τοῦ
1010 292 1198 351 αὐτοῦ.

287 419 407 469 XIV.
444 405 475 426 “
493 405 626 464 Τότε
648 407 884 480 φανεροὶ
909 412 1127 464 ἔσονται
1151 410 1208 463 οἱ
1227 405 1652 481 σφραγιζόμενοι
1675 408 1773 466 τὸν

160 492 331 567 νόμον
360 498 459 550 τοῦ
489 492 562 565 μὴ
594 501 813 565 μαθεῖν.
876 491 968 547 καὶ
1012 494 1154 564 ἐρεῖ,
1197 494 1349 564 μενῶ
1377 490 1474 549 τὸν
1506 491 1645 550 θεὸν
1674 490 1771 550 τὸν

159 575 580 650 ἀποστρέψαντα
611 575 670 633 τὸ
700 573 1002 649 πρόσωπον
1033 573 1209 632 αὑτοῦ
1230 573 1337 632 ἀπὸ
1361 579 1460 633 τοῦ
1487 585 1646 634 οἴκου
1671 573 1770 634 Ἰα-

1800 320 1818 351 b

159 663 306 734 κωβ,
339 662 431 717 καὶ
461 658 746 727 πεποιθώς
777 665 972 732 ἔσομαι
1004 656 1091 716 ἐπ’
1125 656 1291 736 αὐτῷ.
1353 660 1470 718 moi
1510 659 1646 734 ἐγώ,
1678 663 1809 718 καὶο

115 773 136 806 5
158 743 225 802 τοὶ
257 750 453 803 παιδία
483 741 519 801 ἅ
547 769 640 818 μοι
671 749 882 801 ἔδωκεν
904 739 932 800 ὁ
956 742 1103 811 θεός.
1160 746 1252 800 καὶ
1279 751 1431 802 ε”σται
1456 758 1655 818 σημεῖα
1681 747 1772 803 καὶ

157 833 356 905 τέρατα
389 832 449 886 ἐν
477 833 552 906 τῷ
578 826 794 903 Ἰσραὴλ
816 826 965 902 παρὰ
987 833 1186 902 κυρίου
1204 828 1476 901 Σαβαὼθ,
1507 823 1567 896 ὃς
1591 854 1770 888 κατοι-

158 929 247 972 κεῖ
284 918 345 972 ἐν
394 917 468 991 τῷ
510 913 628 986 ὄρει
667 911 839 970 Σιών.
918 915 1011 969 καὶ
1054 911 1152 970 ἐὰν
1192 922 1389 971 εἴπωσι
1428 912 1566 987 πρὸς
1605 913 1768 988 ὑμᾶς,

158 998 422 1072 ζητήσατε
451 995 578 1063 τοῦς
611 996 1106 1072 ἐγγαστριμύθους,
1139 996 1382 1064 καὶτοὺς
1407 997 1513 1055 ἀπὸ
1544 1005 1638 1072 τῆς
1669 1003 1770 1072 γῆς

157 1085 515 1156 φωνοῦντας,
563 1082 691 1149 τοὺς
732 1085 1195 1155 κενολογοῦντας,
1235 1090 1294 1139 οἳ
1335 1087 1394 1139 ἐκ
1434 1089 1529 1156 τῆς
1560 1090 1769 1151 κοιλίας

86 1195 132 1227 10
156 1170 470 1241 φωνοῦσιν·
530 1165 632 1224 οὐκ
676 1173 842 1233 ἔθνος
890 1166 1025 1240 πρὸς
1074 1166 1214 1224 θεὸν
1264 1163 1465 1237 αῦτοῦς
1515 1173 1575 1224 τί
1617 1171 1771 1240 ἐκζη-

155 1254 310 1308 τοῦσι
340 1253 466 1324 περὶ
497 1254 608 1308 τῶν
639 1250 858 1320 ζώντων
887 1250 1016 1318 τούς
1049 1249 1309 1326 νεκρούς;
1350 1250 1524 1325 νόμον
1554 1249 1658 1326 γὰρ
1693 1258 1769 1320 εἰς

155 1335 427 1409 βοήθειαν
458 1334 721 1393 ἔδωκεν.”

283 1425 330 1477 2.
366 1419 459 1478 Ἐν
497 1423 564 1495 τῇ
603 1418 738 1494 πρὸς
771 1418 1062 1495 Ἐβραίους
1113 1422 1372 1494 ἐπιστολῇ
1424 1423 1699 1494 παραθεὶς
1740 1417 1768 1478 ὁ

156 1501 459 1571 ἀπόστολος
500 1503 600 1578 τὴν
642 1503 975 1577 φάσκουσαν
1015 1506 1163 1572 λέξιν
1187 1500 1354 1561 τεἰδοῦ
1402 1504 1542 1576 ἐγώ,
1582 1504 1768 1562 καὶτὰ

946 1587 959 1605 Ι
1019 1585 1045 1607 92

92 1615 132 1647 15
157 1594 353 1645 παιδία
384 1587 418 1645 ἅ
448 1613 539 1662 μοι
571 1594 781 1646 ἔδωκεν
805 1587 833 1646 ὁ
857 1599 1007 1661 θεος,
1085 1587 1493 1662 ἐπεξεργάζεται
1511 1591 1637 1661 περὶ
1668 1593 1767 1646 τοῦ
1791 1613 1814 1646 d

156 1676 399 1747 Χριστοῦ
449 1675 628 1745 λέγων
660 1669 818 1731 “ε’πεὶ
871 1664 974 1730 οῦν
1018 1670 1083 1730 τά
1123 1678 1320 1730 παιδία
1362 1672 1769 1746 κεκοινώνηκεν

155 1763 380 1831 αἵματος
411 1759 502 1814 καὶ
534 1756 766 1831 σαρκὸς,
799 1759 890 1814 καὶ
922 1754 1086 1824 αὐτὸς
1118 1763 1515 1832 παραπλησίως
1544 1760 1770 1831 μετέσχε

154 1845 266 1899 τῶν
298 1840 510 1915 αὐτῶν,
543 1846 637 1899 ἵνα
671 1842 762 1898 διὰ
802 1844 902 1899 τοῦ
930 1840 1182 1899 θανάτου
1231 1840 1550 1917 καταργήσῃ
1581 1840 1678 1914 τὸν
1708 1840 1768 1900 τὸ

155 1925 350 2000 κράτος
381 1932 575 1999 ἔχοντα
605 1929 705 1984 τοῦ
733 1924 1037 1984 θανάτου.”
1100 1930 1149 1983 3.
1185 1931 1388 1993 παῖδας
1415 1927 1477 1983 δὲ
1500 1923 1675 1984 αὐτοῦ
1710 1929 1770 1984 ἐν

91 2035 132 2068 20
155 2009 366 2078 τούτοις
395 2009 523 2077 τοὺς
553 2007 892 2078 ἀποστόλους
916 2008 1198 2085 ὀνομάζει,
1232 2009 1322 2084 ἐφ’
1351 2003 1430 2068 οἷν
1454 2025 1652 2084 σημεῖα
1677 2013 1768 2068 καὶ

155 2097 351 2169 τέρατα
385 2097 443 2151 ἐν
474 2097 550 2172 τῷ
578 2104 713 2172 οἴκῳ
739 2092 955 2169 Ἰσραὴλ
988 2094 1243 2169 ποιήσειν
1282 2093 1379 2154 τὸν
1419 2095 1617 2171 κύριον
1648 2106 1769 2154 Σα-

156 2179 350 2253 βαὼθ,
390 2177 486 2236 τὸν
524 2183 884 2238 κατοικοῦντα
916 2182 975 2237 ἐν
1004 2186 1080 2257 τῷ
1119 2178 1235 2255 ὄρει
1268 2178 1452 2253 Σιών,
1497 2178 1766 2252 διδάσκει,

155 2262 383 2330 τούτους
431 2265 492 2321 δὲ
535 2262 736 2331 αὐτοῦς
767 2264 1049 2339 φανεροὺς
1079 2271 1309 2322 ἔσεσθαι
1340 2263 1603 2337 συνήθως
1634 2263 1768 2336 ἡμῖν

155 2348 221 2404 τὰ
263 2347 533 2422 πρόσωπα
577 2351 1046 2423 σφραγιζομένους
1076 2353 1142 2423 τῇ
1187 2352 1285 2406 τοῦ
1316 2352 1558 2422 Χριστοῦ
1590 2369 1765 2421 σφρα-

92 2459 133 2491 25
158 2437 302 2504 γῖδι,
345 2435 782 2506 παιδευομένους
821 2457 879 2490 τε
921 2435 1112 2506 μηκέτι
1151 2432 1248 2489 τὸν
1286 2433 1540 2498 Μωσέως
1591 2430 1767 2504 νόμον

156 2514 495 2589 μανθάνειν,
525 2522 601 2593 τῷ
631 2518 822 2590 μηκέτι
853 2514 1188 2574 συνεστάναι
1219 2510 1408 2588 αὐτὸν,
1443 2517 1534 2573 καὶ
1565 2520 1641 2592 τῷ
1670 2514 1768 2573 τὸν

157 2599 498 2673 καλούμενον
520 2601 675 2658 οἷκον
690 2599 882 2674 Ἰακωβ
906 2608 1338 2674 καταλελεῖφθαι
1351 2595 1462 2657 ὑπὸ
1487 2602 1585 2657 τοῦ
1606 2601 1764 2657 θεοῦ.

157 2688 214 2748 4„
238 2682 466 2757 ἀσαφῶς
493 2686 552 2742 δὲ
575 2683 723 2759 παρὰ
747 2700 858 2752 τοῖς
884 2683 1264 2759 ἑβδομήκοντα
1290 2687 1582 2759 εἰρημένον
1602 2681 1765 2741 “τότε

274 2880 297 2918 2
328 2880 406 2919 Es.
430 2879 468 2929 8,
496 2881 561 2921 16.
740 2881 790 2919 16
823 2880 938 2921 Heb.
962 2881 1003 2931 2,
1029 2881 1094 2921 13.
