<?xml version="1.0" encoding="UTF-8"?>
<!DOCTYPE html PUBLIC "-//W3C//DTD XHTML 1.0 Transitional//EN"
    "http://www.w3.org/TR/xhtml1/DTD/xhtml1-transitional.dtd">
<html xmlns="http://www.w3.org/1999/xhtml" xml:lang="en" lang="en">
 <head>
  <title>
</title>
<meta http-equiv="Content-Type" content="text/html;charset=utf-8" />
  <meta name='ocr-system' content='tesseract 3.04.00' />
  <meta name='ocr-capabilities' content='ocr_page ocr_carea ocr_par ocr_line ocrx_word'/>
</head>
<body>
  <div class='ocr_page' id='page_1' title='image "./operaeusebius03euseuoft_0207.png"; bbox 0 0 1946 3158; ppageno 0'>
   <div class='ocr_carea' id='block_1_1' title="bbox 575 105 1765 158">
    <p class='ocr_par' dir='ltr' id='par_1_1' title="bbox 575 105 1765 158">
     <span class='ocr_line' id='line_1_1' title="bbox 575 105 1765 158; baseline 0.01 -11"><span class='ocrx_word' id='word_1_1' title='bbox 575 105 884 150; x_wconf 83' lang='lat' dir='ltr'>DEMONST.</span> <span class='ocrx_word' id='word_1_2' title='bbox 913 106 1133 151; x_wconf 79' lang='lat' dir='ltr'>EVANG.</span> <span class='ocrx_word' id='word_1_3' title='bbox 1166 106 1248 148; x_wconf 91' lang='lat'>111.</span> <span class='ocrx_word' id='word_1_4' title='bbox 1283 109 1324 148; x_wconf 81' lang='lat'><em>5.</em></span> <span class='ocrx_word' id='word_1_5' title='bbox 1665 105 1765 158; x_wconf 82' lang='lat'><em>183</em></span> 
     </span>
    </p>
   </div>
   <div class='ocr_carea' id='block_1_2' title="bbox 79 214 1853 2746">
    <p class='ocr_par' dir='ltr' id='par_1_2' title="bbox 152 214 1812 551">
     <span class='ocr_line' id='line_1_2' title="bbox 152 214 1764 298; baseline -0.001 -16"><span class='ocrx_word' id='word_1_6' title='bbox 152 225 456 298; x_wconf 77' lang='grc' dir='ltr'><em>προφέρειν</em></span> <span class='ocrx_word' id='word_1_7' title='bbox 504 228 826 297; x_wconf 88' lang='grc' dir='ltr'><em>μαρτυρίας.</em></span> <span class='ocrx_word' id='word_1_8' title='bbox 909 229 1035 280; x_wconf 89' lang='grc' dir='ltr'><em>τίνα</em></span> <span class='ocrx_word' id='word_1_9' title='bbox 1076 223 1137 280; x_wconf 75' lang='grc' dir='ltr'><em>δὲ</em></span> <span class='ocrx_word' id='word_1_10' title='bbox 1178 214 1251 295; x_wconf 79' lang='grc' dir='ltr'><em>ἦν</em></span> <span class='ocrx_word' id='word_1_11' title='bbox 1290 221 1356 279; x_wconf 77' lang='grc' dir='ltr'><em>τὰ</em></span> <span class='ocrx_word' id='word_1_12' title='bbox 1406 222 1541 296; x_wconf 87' lang='grc' dir='ltr'><em>πρὸς</em></span> <span class='ocrx_word' id='word_1_13' title='bbox 1593 220 1764 280; x_wconf 84' lang='grc' dir='ltr'><em>αὐτὸν</em></span> 
     </span>
     <span class='ocr_line' id='line_1_3' title="bbox 156 303 1766 383; baseline -0.002 -17"><span class='ocrx_word' id='word_1_14' title='bbox 156 310 423 383; x_wconf 82' lang='grc' dir='ltr'><strong><em>λεχθέντα</em></strong></span> <span class='ocrx_word' id='word_1_15' title='bbox 455 316 752 374; x_wconf 82' lang='grc' dir='ltr'><em>Ματθαῖος</em></span> <span class='ocrx_word' id='word_1_16' title='bbox 787 311 948 379; x_wconf 81' lang='grc' dir='ltr'><em>δηλοῖ</em></span> <span class='ocrx_word' id='word_1_17' title='bbox 978 305 1067 364; x_wconf 74' lang='grc' dir='ltr'><em>διὰ</em></span> <span class='ocrx_word' id='word_1_18' title='bbox 1098 306 1311 364; x_wconf 86' lang='grc' dir='ltr'><em>τούτων</em></span> <span class='ocrx_word' id='word_1_19' title='bbox 1333 303 1528 380; x_wconf 54' lang='lat' dir='ltr'><em>“finecs</em></span> <span class='ocrx_word' id='word_1_20' title='bbox 1554 308 1614 364; x_wconf 76' lang='grc' dir='ltr'><em>δὲ</em></span> <span class='ocrx_word' id='word_1_21' title='bbox 1641 315 1766 364; x_wconf 85' lang='grc' dir='ltr'><em>τίνα</em></span> 
     </span>
     <span class='ocr_line' id='line_1_4' title="bbox 158 391 1812 466; baseline -0.002 -15"><span class='ocrx_word' id='word_1_22' title='bbox 158 417 225 466; x_wconf 90' lang='grc' dir='ltr'><em>με</em></span> <span class='ocrx_word' id='word_1_23' title='bbox 257 395 440 465; x_wconf 82' lang='grc' dir='ltr'><em>λέγετε</em></span> <span class='ocrx_word' id='word_1_24' title='bbox 473 393 640 462; x_wconf 80' lang='grc' dir='ltr'><em>εἷναι;</em></span> <span class='ocrx_word' id='word_1_25' title='bbox 674 391 997 463; x_wconf 79' lang='grc' dir='ltr'><em>ἀποκριθεὶς</em></span> <span class='ocrx_word' id='word_1_26' title='bbox 1024 393 1083 449; x_wconf 74' lang='grc' dir='ltr'><em>δὲ</em></span> <span class='ocrx_word' id='word_1_27' title='bbox 1115 398 1313 465; x_wconf 87' lang='grc' dir='ltr'><em>Σίμων</em></span> <span class='ocrx_word' id='word_1_28' title='bbox 1342 394 1553 464; x_wconf 83' lang='grc' dir='ltr'><em>Πέτρος</em></span> <span class='ocrx_word' id='word_1_29' title='bbox 1588 392 1763 465; x_wconf 80' lang='grc' dir='ltr'><em>εἶπεν,</em></span> <span class='ocrx_word' id='word_1_30' title='bbox 1791 417 1812 448; x_wconf 69' lang='grc' dir='ltr'><em>ι»</em></span> 
     </span>
     <span class='ocr_line' id='line_1_5' title="bbox 154 474 1766 551; baseline -0.001 -16"><span class='ocrx_word' id='word_1_31' title='bbox 154 481 224 535; x_wconf 80' lang='grc' dir='ltr'><em>σὺ</em></span> <span class='ocrx_word' id='word_1_32' title='bbox 259 477 308 534; x_wconf 83' lang='grc' dir='ltr'><em>εἷ</em></span> <span class='ocrx_word' id='word_1_33' title='bbox 335 476 364 534; x_wconf 92' lang='lat'><em>5</em></span> <span class='ocrx_word' id='word_1_34' title='bbox 397 475 631 551; x_wconf 81' lang='grc' dir='ltr'><em>Χριστὸς</em></span> <span class='ocrx_word' id='word_1_35' title='bbox 662 476 690 533; x_wconf 88' lang='grc' dir='ltr'>ὁ</span> <span class='ocrx_word' id='word_1_36' title='bbox 731 474 850 542; x_wconf 81' lang='grc' dir='ltr'><em>υίὸς</em></span> <span class='ocrx_word' id='word_1_37' title='bbox 881 481 979 534; x_wconf 87' lang='grc' dir='ltr'><em>τοῦ</em></span> <span class='ocrx_word' id='word_1_38' title='bbox 1021 481 1161 535; x_wconf 83' lang='grc' dir='ltr'><em>θεοῦ</em></span> <span class='ocrx_word' id='word_1_39' title='bbox 1201 479 1301 535; x_wconf 85' lang='grc' dir='ltr'><em>τοῦ</em></span> <span class='ocrx_word' id='word_1_40' title='bbox 1338 481 1550 546; x_wconf 81' lang='grc' dir='ltr'><em>ζῶντος.</em></span> <span class='ocrx_word' id='word_1_41' title='bbox 1625 475 1766 534; x_wconf 71' lang='grc' dir='ltr'><em>ἀπο-</em></span> 
     </span>
    </p>

    <p class='ocr_par' dir='ltr' id='par_1_3' title="bbox 86 558 1765 973">
     <span class='ocr_line' id='line_1_6' title="bbox 86 558 1765 663; baseline -0.001 -44"><span class='ocrx_word' id='word_1_42' title='bbox 86 586 107 619; x_wconf 83' lang='lat'><em>5</em></span> <span class='ocrx_word' id='word_1_43' title='bbox 153 564 369 635; x_wconf 88' lang='grc' dir='ltr'><em>κριθεὶς</em></span> <span class='ocrx_word' id='word_1_44' title='bbox 404 558 519 619; x_wconf 61' lang='grc' dir='ltr'><em>δε“</em></span> <span class='ocrx_word' id='word_1_45' title='bbox 494 587 522 619; x_wconf 93' lang='grc' dir='ltr'><em>ο</em></span> <span class='ocrx_word' id='word_1_46' title='bbox 548 561 756 635; x_wconf 82' lang='grc' dir='ltr'><em>Ιησοῦς</em></span> <span class='ocrx_word' id='word_1_47' title='bbox 789 561 944 620; x_wconf 82' lang='grc' dir='ltr'><em>εἶπεν</em></span> <span class='ocrx_word' id='word_1_48' title='bbox 975 560 1153 638; x_wconf 77' lang='grc' dir='ltr'><em>αὐτῷ,</em></span> <span class='ocrx_word' id='word_1_49' title='bbox 1186 585 1451 663; x_wconf 78' lang='grc' dir='ltr'><em>μακαριος</em></span> <span class='ocrx_word' id='word_1_50' title='bbox 1486 561 1536 618; x_wconf 84' lang='grc' dir='ltr'><em>εἶ</em></span> <span class='ocrx_word' id='word_1_51' title='bbox 1568 567 1765 634; x_wconf 84' lang='grc' dir='ltr'><em>Σίμων</em></span> 
     </span>
     <span class='ocr_line' id='line_1_7' title="bbox 152 643 1764 719; baseline -0.001 -15"><span class='ocrx_word' id='word_1_52' title='bbox 152 645 270 719; x_wconf 81' lang='grc' dir='ltr'><em>Βὰρ</em></span> <span class='ocrx_word' id='word_1_53' title='bbox 308 643 488 719; x_wconf 81' lang='grc' dir='ltr'><em>Ἰωνᾶ,</em></span> <span class='ocrx_word' id='word_1_54' title='bbox 531 645 611 704; x_wconf 82' lang='grc' dir='ltr'><em>ὅτι</em></span> <span class='ocrx_word' id='word_1_55' title='bbox 653 644 786 719; x_wconf 74' lang='grc' dir='ltr'><em>σὰρξ</em></span> <span class='ocrx_word' id='word_1_56' title='bbox 830 648 920 703; x_wconf 85' lang='grc' dir='ltr'><em>καὶ</em></span> <span class='ocrx_word' id='word_1_57' title='bbox 965 643 1098 719; x_wconf 82' lang='grc' dir='ltr'><em>αἷμα</em></span> <span class='ocrx_word' id='word_1_58' title='bbox 1139 645 1242 704; x_wconf 82' lang='grc' dir='ltr'><em>οὐκ</em></span> <span class='ocrx_word' id='word_1_59' title='bbox 1282 644 1609 714; x_wconf 75' lang='grc' dir='ltr'><em>απεκοὲλυψέ</em></span> <span class='ocrx_word' id='word_1_60' title='bbox 1658 664 1764 717; x_wconf 90' lang='grc' dir='ltr'><em>σοι,</em></span> 
     </span>
     <span class='ocr_line' id='line_1_8' title="bbox 151 726 1764 805; baseline -0.001 -17"><span class='ocrx_word' id='word_1_61' title='bbox 151 728 277 788; x_wconf 78' lang='grc' dir='ltr'><em>ἀλλ’</em></span> <span class='ocrx_word' id='word_1_62' title='bbox 310 729 339 788; x_wconf 86' lang='lat'><em>5</em></span> <span class='ocrx_word' id='word_1_63' title='bbox 381 730 560 805; x_wconf 84' lang='grc' dir='ltr'><em>πατήρ</em></span> <span class='ocrx_word' id='word_1_64' title='bbox 590 755 698 804; x_wconf 90' lang='grc' dir='ltr'><em>μου</em></span> <span class='ocrx_word' id='word_1_65' title='bbox 741 726 768 787; x_wconf 88' lang='grc' dir='ltr'>ὁ</span> <span class='ocrx_word' id='word_1_66' title='bbox 814 734 874 788; x_wconf 84' lang='grc' dir='ltr'><em>ἐν</em></span> <span class='ocrx_word' id='word_1_67' title='bbox 915 743 1028 797; x_wconf 80' lang='grc' dir='ltr'><em>τοῖς</em></span> <span class='ocrx_word' id='word_1_68' title='bbox 1070 726 1350 803; x_wconf 76' lang='grc' dir='ltr'><em>οὐρανοῖς,</em></span> <span class='ocrx_word' id='word_1_69' title='bbox 1393 733 1483 787; x_wconf 83' lang='grc' dir='ltr'><em>καὶ</em></span> <span class='ocrx_word' id='word_1_70' title='bbox 1530 729 1636 802; x_wconf 79' lang='grc' dir='ltr'><em>ἐγώ</em></span> <span class='ocrx_word' id='word_1_71' title='bbox 1677 749 1764 788; x_wconf 91' lang='grc' dir='ltr'><em>σοι</em></span> 
     </span>
     <span class='ocr_line' id='line_1_9' title="bbox 152 812 1765 888; baseline 0 -16"><span class='ocrx_word' id='word_1_72' title='bbox 152 818 313 888; x_wconf 83' lang='grc' dir='ltr'><em>λέγω,</em></span> <span class='ocrx_word' id='word_1_73' title='bbox 346 813 416 871; x_wconf 80' lang='grc' dir='ltr'><em>σύ</em></span> <span class='ocrx_word' id='word_1_74' title='bbox 451 816 503 872; x_wconf 83' lang='grc' dir='ltr'><em>εἴ</em></span> <span class='ocrx_word' id='word_1_75' title='bbox 523 817 753 887; x_wconf 88' lang='grc' dir='ltr'><em>Πέτρος,</em></span> <span class='ocrx_word' id='word_1_76' title='bbox 788 817 878 871; x_wconf 85' lang='grc' dir='ltr'><em>καὶ</em></span> <span class='ocrx_word' id='word_1_77' title='bbox 912 817 1000 872; x_wconf 84' lang='grc' dir='ltr'><em>ε’πὶ</em></span> <span class='ocrx_word' id='word_1_78' title='bbox 1035 813 1240 887; x_wconf 89' lang='grc' dir='ltr'><em>ταύτην</em></span> <span class='ocrx_word' id='word_1_79' title='bbox 1279 812 1381 887; x_wconf 87' lang='grc' dir='ltr'><em>τὴν</em></span> <span class='ocrx_word' id='word_1_80' title='bbox 1421 817 1632 886; x_wconf 89' lang='grc' dir='ltr'><em>πέτραν</em></span> <span class='ocrx_word' id='word_1_81' title='bbox 1681 820 1765 872; x_wconf 84' lang='grc' dir='ltr'><em>οἰ-</em></span> 
     </span>
     <span class='ocr_line' id='line_1_10' title="bbox 152 896 1764 973; baseline -0.001 -17"><span class='ocrx_word' id='word_1_82' title='bbox 152 898 442 972; x_wconf 83' lang='grc' dir='ltr'><em>κοδομήσω</em></span> <span class='ocrx_word' id='word_1_83' title='bbox 471 924 579 973; x_wconf 91' lang='grc' dir='ltr'><em>μου</em></span> <span class='ocrx_word' id='word_1_84' title='bbox 618 898 720 971; x_wconf 84' lang='grc' dir='ltr'><em>τὴν</em></span> <span class='ocrx_word' id='word_1_85' title='bbox 758 903 1082 972; x_wconf 81' lang='grc' dir='ltr'><strong><em>ἐκκλησίαν,</em></strong></span> <span class='ocrx_word' id='word_1_86' title='bbox 1125 901 1216 956; x_wconf 85' lang='grc' dir='ltr'><em>καὶ</em></span> <span class='ocrx_word' id='word_1_87' title='bbox 1262 898 1432 956; x_wconf 95' lang='grc' dir='ltr'><em>πύλαι</em></span> <span class='ocrx_word' id='word_1_88' title='bbox 1461 896 1656 956; x_wconf 64' lang='grc' dir='ltr'><em>’Ἅιδου</em></span> <span class='ocrx_word' id='word_1_89' title='bbox 1699 897 1764 956; x_wconf 84' lang='grc' dir='ltr'><em>οὐ</em></span> 
     </span>
    </p>

    <p class='ocr_par' dir='ltr' id='par_1_4' title="bbox 86 982 1853 1395">
     <span class='ocr_line' id='line_1_11' title="bbox 86 982 1770 1057; baseline 0.001 -18"><span class='ocrx_word' id='word_1_90' title='bbox 86 1009 129 1041; x_wconf 82' lang='lat'><em>10</em></span> <span class='ocrx_word' id='word_1_91' title='bbox 154 983 582 1057; x_wconf 83' lang='grc' dir='ltr'><em>κατισχύσουσιν</em></span> <span class='ocrx_word' id='word_1_92' title='bbox 625 982 820 1057; x_wconf 81' lang='grc' dir='ltr'><em>αὐτῆς,</em></span> <span class='ocrx_word' id='word_1_93' title='bbox 868 986 959 1041; x_wconf 84' lang='grc' dir='ltr'><em>καὶ</em></span> <span class='ocrx_word' id='word_1_94' title='bbox 1011 982 1174 1041; x_wconf 75' lang='grc' dir='ltr'><em>δώσω</em></span> <span class='ocrx_word' id='word_1_95' title='bbox 1218 1003 1303 1042; x_wconf 93' lang='grc' dir='ltr'><em>σοι</em></span> <span class='ocrx_word' id='word_1_96' title='bbox 1345 982 1439 1051; x_wconf 76' lang='grc' dir='ltr'><em>τὰς</em></span> <span class='ocrx_word' id='word_1_97' title='bbox 1482 991 1631 1050; x_wconf 82' lang='grc' dir='ltr'><em>κλεῖς</em></span> <span class='ocrx_word' id='word_1_98' title='bbox 1671 989 1770 1056; x_wconf 78' lang='grc' dir='ltr'><em>τῆς</em></span> 
     </span>
     <span class='ocr_line' id='line_1_12' title="bbox 151 1064 1767 1142; baseline -0.001 -17"><span class='ocrx_word' id='word_1_99' title='bbox 151 1074 432 1140; x_wconf 78' lang='grc' dir='ltr'><em>βασιλείας</em></span> <span class='ocrx_word' id='word_1_100' title='bbox 463 1073 574 1126; x_wconf 78' lang='grc' dir='ltr'><em>τῶν</em></span> <span class='ocrx_word' id='word_1_101' title='bbox 604 1066 892 1142; x_wconf 71' lang='grc' dir='ltr'><em>οὐρανῶν,</em></span> <span class='ocrx_word' id='word_1_102' title='bbox 933 1070 1024 1125; x_wconf 88' lang='grc' dir='ltr'><em>καὶ</em></span> <span class='ocrx_word' id='word_1_103' title='bbox 1067 1065 1170 1126; x_wconf 80' lang='grc' dir='ltr'><em>ὅσα</em></span> <span class='ocrx_word' id='word_1_104' title='bbox 1210 1064 1280 1127; x_wconf 70' lang='grc' dir='ltr'><em>ἂν</em></span> <span class='ocrx_word' id='word_1_105' title='bbox 1323 1067 1496 1142; x_wconf 83' lang='grc' dir='ltr'><em>δήσῃς</em></span> <span class='ocrx_word' id='word_1_106' title='bbox 1541 1070 1630 1125; x_wconf 82' lang='grc' dir='ltr'><em>ἐπὶ</em></span> <span class='ocrx_word' id='word_1_107' title='bbox 1670 1071 1767 1140; x_wconf 80' lang='grc' dir='ltr'><em>τῆς</em></span> 
     </span>
     <span class='ocr_line' id='line_1_13' title="bbox 149 1148 1765 1228; baseline -0.002 -17"><span class='ocrx_word' id='word_1_108' title='bbox 149 1157 268 1226; x_wconf 75' lang='grc' dir='ltr'><em>γῆς,</em></span> <span class='ocrx_word' id='word_1_109' title='bbox 302 1159 451 1211; x_wconf 81' lang='grc' dir='ltr'><em>ἔσται</em></span> <span class='ocrx_word' id='word_1_110' title='bbox 501 1156 769 1228; x_wconf 81' lang='grc' dir='ltr'><em>δεδεμένα</em></span> <span class='ocrx_word' id='word_1_111' title='bbox 825 1157 885 1211; x_wconf 83' lang='grc' dir='ltr'><em>ἐν</em></span> <span class='ocrx_word' id='word_1_112' title='bbox 930 1166 1043 1219; x_wconf 77' lang='grc' dir='ltr'><em>τοῖς</em></span> <span class='ocrx_word' id='word_1_113' title='bbox 1084 1150 1378 1226; x_wconf 75' lang='grc' dir='ltr'><em>οὐρανοῖς,</em></span> <span class='ocrx_word' id='word_1_114' title='bbox 1425 1155 1516 1210; x_wconf 86' lang='grc' dir='ltr'><em>καὶ</em></span> <span class='ocrx_word' id='word_1_115' title='bbox 1557 1151 1660 1210; x_wconf 81' lang='grc' dir='ltr'><em>ὅσα</em></span> <span class='ocrx_word' id='word_1_116' title='bbox 1693 1148 1765 1209; x_wconf 74' lang='grc' dir='ltr'><em>ἄν</em></span> 
     </span>
     <span class='ocr_line' id='line_1_14' title="bbox 150 1234 1853 1312; baseline 0 -18"><span class='ocrx_word' id='word_1_117' title='bbox 150 1237 321 1312; x_wconf 80' lang='grc' dir='ltr'><em>λύσῃς</em></span> <span class='ocrx_word' id='word_1_118' title='bbox 383 1240 471 1295; x_wconf 83' lang='grc' dir='ltr'><em>ἐπὶ</em></span> <span class='ocrx_word' id='word_1_119' title='bbox 522 1242 616 1310; x_wconf 82' lang='grc' dir='ltr'><em>τῆς</em></span> <span class='ocrx_word' id='word_1_120' title='bbox 690 1241 806 1312; x_wconf 79' lang='grc' dir='ltr'><em>γῆς,</em></span> <span class='ocrx_word' id='word_1_121' title='bbox 862 1244 1011 1296; x_wconf 83' lang='grc' dir='ltr'><em>ἔσται</em></span> <span class='ocrx_word' id='word_1_122' title='bbox 1071 1241 1344 1312; x_wconf 79' lang='grc' dir='ltr'><em>λελυμένα</em></span> <span class='ocrx_word' id='word_1_123' title='bbox 1399 1242 1459 1296; x_wconf 81' lang='grc' dir='ltr'><em>ἐν</em></span> <span class='ocrx_word' id='word_1_124' title='bbox 1514 1251 1628 1304; x_wconf 75' lang='grc' dir='ltr'><em>τοῖς</em></span> <span class='ocrx_word' id='word_1_125' title='bbox 1669 1234 1853 1302; x_wconf 69' lang='lat'>013-[791</span> 
     </span>
     <span class='ocr_line' id='line_1_15' title="bbox 154 1317 392 1395; baseline 0.004 -17"><span class='ocrx_word' id='word_1_126' title='bbox 154 1317 392 1395; x_wconf 88' lang='grc' dir='ltr'><em>ρανοῑς.”</em></span> 
     </span>
    </p>

    <p class='ocr_par' dir='ltr' id='par_1_5' title="bbox 90 1402 1805 1817">
     <span class='ocr_line' id='line_1_16' title="bbox 90 1402 1768 1484; baseline 0.001 -21"><span class='ocrx_word' id='word_1_127' title='bbox 90 1432 129 1464; x_wconf 83' lang='lat'><em>15</em></span> <span class='ocrx_word' id='word_1_128' title='bbox 280 1410 362 1462; x_wconf 86' lang='lat'><em>91.</em></span> <span class='ocrx_word' id='word_1_129' title='bbox 420 1405 711 1463; x_wconf 86' lang='grc' dir='ltr'><em>Τοσούτων</em></span> <span class='ocrx_word' id='word_1_130' title='bbox 742 1408 1049 1480; x_wconf 80' lang='grc' dir='ltr'><em>εἰρημένων</em></span> <span class='ocrx_word' id='word_1_131' title='bbox 1078 1410 1154 1484; x_wconf 81' lang='grc' dir='ltr'><em>τῷ</em></span> <span class='ocrx_word' id='word_1_132' title='bbox 1186 1409 1383 1484; x_wconf 78' lang='grc' dir='ltr'><em>Πέτρῳ</em></span> <span class='ocrx_word' id='word_1_133' title='bbox 1407 1402 1516 1464; x_wconf 78' lang='grc' dir='ltr'><em>ὑπὸ</em></span> <span class='ocrx_word' id='word_1_134' title='bbox 1547 1409 1647 1464; x_wconf 89' lang='grc' dir='ltr'><em>τοῦ</em></span> <span class='ocrx_word' id='word_1_135' title='bbox 1662 1404 1768 1478; x_wconf 86' lang='grc' dir='ltr'><em>Ἰη-</em></span> 
     </span>
     <span class='ocr_line' id='line_1_17' title="bbox 153 1481 1805 1564; baseline 0.002 -18"><span class='ocrx_word' id='word_1_136' title='bbox 153 1493 274 1562; x_wconf 83' lang='grc' dir='ltr'><em>σοῦ,</em></span> <span class='ocrx_word' id='word_1_137' title='bbox 319 1481 348 1547; x_wconf 82' lang='lat'><em>5</em></span> <span class='ocrx_word' id='word_1_138' title='bbox 391 1488 622 1564; x_wconf 84' lang='grc' dir='ltr'><em>Μαρκος</em></span> <span class='ocrx_word' id='word_1_139' title='bbox 672 1491 931 1564; x_wconf 86' lang='grc' dir='ltr'><em>μηδενὸς</em></span> <span class='ocrx_word' id='word_1_140' title='bbox 950 1490 1163 1548; x_wconf 85' lang='grc' dir='ltr'><em>τούτων</em></span> <span class='ocrx_word' id='word_1_141' title='bbox 1221 1489 1638 1564; x_wconf 84' lang='grc' dir='ltr'><em>μνημονεύσας,</em></span> <span class='ocrx_word' id='word_1_142' title='bbox 1680 1488 1763 1547; x_wconf 87' lang='grc' dir='ltr'><em>ότι</em></span> <span class='ocrx_word' id='word_1_143' title='bbox 1788 1528 1805 1550; x_wconf 81' lang='lat' dir='ltr'>c</span> 
     </span>
     <span class='ocr_line' id='line_1_18' title="bbox 150 1570 1764 1648; baseline 0 -17"><span class='ocrx_word' id='word_1_144' title='bbox 150 1572 279 1647; x_wconf 85' lang='grc' dir='ltr'><em>μηδ’</em></span> <span class='ocrx_word' id='word_1_145' title='bbox 317 1570 345 1632; x_wconf 86' lang='lat'><em>5</em></span> <span class='ocrx_word' id='word_1_146' title='bbox 387 1576 599 1648; x_wconf 84' lang='grc' dir='ltr'><em>Πέτρος</em></span> <span class='ocrx_word' id='word_1_147' title='bbox 638 1573 840 1646; x_wconf 80' lang='grc' dir='ltr'><em>ταῦθ’,</em></span> <span class='ocrx_word' id='word_1_148' title='bbox 877 1573 950 1641; x_wconf 77' lang='grc' dir='ltr'><em>ὡς</em></span> <span class='ocrx_word' id='word_1_149' title='bbox 993 1572 1156 1648; x_wconf 83' lang='grc' dir='ltr'><em>εἰκὸς,</em></span> <span class='ocrx_word' id='word_1_150' title='bbox 1202 1578 1262 1632; x_wconf 87' lang='grc' dir='ltr'><em>έν</em></span> <span class='ocrx_word' id='word_1_151' title='bbox 1302 1589 1422 1640; x_wconf 86' lang='grc' dir='ltr'><em>ταῖς</em></span> <span class='ocrx_word' id='word_1_152' title='bbox 1462 1573 1635 1632; x_wconf 83' lang='grc' dir='ltr'><em>αὐτοῦ</em></span> <span class='ocrx_word' id='word_1_153' title='bbox 1679 1579 1764 1631; x_wconf 86' lang='grc' dir='ltr'><em>δι-</em></span> 
     </span>
     <span class='ocr_line' id='line_1_19' title="bbox 152 1657 1766 1732; baseline 0.001 -17"><span class='ocrx_word' id='word_1_154' title='bbox 152 1663 475 1725; x_wconf 87' lang='grc' dir='ltr'><em>δασκαλίαις</em></span> <span class='ocrx_word' id='word_1_155' title='bbox 510 1658 940 1731; x_wconf 80' lang='grc' dir='ltr'><em>ἐξηγόρευσεν,</em></span> <span class='ocrx_word' id='word_1_156' title='bbox 922 1658 1023 1731; x_wconf 89' lang='grc' dir='ltr'><em>όρα</em></span> <span class='ocrx_word' id='word_1_157' title='bbox 1054 1665 1110 1716; x_wconf 86' lang='grc' dir='ltr'><em>τί</em></span> <span class='ocrx_word' id='word_1_158' title='bbox 1137 1660 1343 1732; x_wconf 87' lang='grc' dir='ltr'><em>φησιν,</em></span> <span class='ocrx_word' id='word_1_159' title='bbox 1386 1657 1766 1731; x_wconf 82' lang='grc' dir='ltr'><em>ἐρωτήσαντος</em></span> 
     </span>
     <span class='ocr_line' id='line_1_20' title="bbox 150 1741 1768 1850; baseline 0.001 -52"><span class='ocrx_word' id='word_1_160' title='bbox 150 1749 248 1801; x_wconf 86' lang='grc' dir='ltr'><em>τοῦ</em></span> <span class='ocrx_word' id='word_1_161' title='bbox 272 1741 469 1816; x_wconf 81' lang='grc' dir='ltr'><em>Ἰησοῦ,</em></span> <span class='ocrx_word' id='word_1_162' title='bbox 494 1741 914 1817; x_wconf 62' lang='grc' dir='ltr'><em>“οἰποκριθεὶς’</em></span> <span class='ocrx_word' id='word_1_163' title='bbox 888 1768 916 1800; x_wconf 94' lang='grc' dir='ltr'><em>ο</em></span> <span class='ocrx_word' id='word_1_164' title='bbox 942 1745 1154 1850; x_wconf 83' lang='grc' dir='ltr'><em>Πέτρος</em></span> <span class='ocrx_word' id='word_1_165' title='bbox 1185 1746 1351 1816; x_wconf 79' lang='grc' dir='ltr'><em>λέγει,</em></span> <span class='ocrx_word' id='word_1_166' title='bbox 1385 1742 1455 1802; x_wconf 79' lang='grc' dir='ltr'><em>σύ</em></span> <span class='ocrx_word' id='word_1_167' title='bbox 1489 1743 1540 1800; x_wconf 78' lang='grc' dir='ltr'><em>εἴ</em></span> <span class='ocrx_word' id='word_1_168' title='bbox 1566 1741 1593 1800; x_wconf 88' lang='lat'><em>5</em></span> <span class='ocrx_word' id='word_1_169' title='bbox 1626 1752 1768 1817; x_wconf 90' lang='grc' dir='ltr'><em>Χρι-</em></span> 
     </span>
    </p>

    <p class='ocr_par' dir='ltr' id='par_1_6' title="bbox 87 1825 1763 2242">
     <span class='ocr_line' id='line_1_21' title="bbox 87 1825 1762 1932; baseline 0 -48"><span class='ocrx_word' id='word_1_170' title='bbox 87 1851 129 1885; x_wconf 78' lang='lat'><em>20</em></span> <span class='ocrx_word' id='word_1_171' title='bbox 153 1826 292 1894; x_wconf 87' lang='grc' dir='ltr'><em>στός.</em></span> <span class='ocrx_word' id='word_1_172' title='bbox 353 1830 446 1885; x_wconf 83' lang='grc' dir='ltr'><em>και</em></span> <span class='ocrx_word' id='word_1_173' title='bbox 481 1830 808 1932; x_wconf 79' lang='grc' dir='ltr'><em>ἐπετίμησεν</em></span> <span class='ocrx_word' id='word_1_174' title='bbox 839 1825 1047 1928; x_wconf 52' lang='grc' dir='ltr'><em>αύτῗοΐς,</em></span> <span class='ocrx_word' id='word_1_175' title='bbox 1071 1832 1164 1885; x_wconf 83' lang='grc' dir='ltr'><em>ἵνα</em></span> <span class='ocrx_word' id='word_1_176' title='bbox 1188 1831 1387 1902; x_wconf 88' lang='grc' dir='ltr'><em>μηδενὶ</em></span> <span class='ocrx_word' id='word_1_177' title='bbox 1413 1829 1621 1901; x_wconf 75' lang='grc' dir='ltr'><em>λέγωσι</em></span> <span class='ocrx_word' id='word_1_178' title='bbox 1636 1830 1762 1900; x_wconf 83' lang='grc' dir='ltr'><em>περὶ</em></span> 
     </span>
     <span class='ocr_line' id='line_1_22' title="bbox 151 1908 1762 1987; baseline -0.001 -18"><span class='ocrx_word' id='word_1_179' title='bbox 151 1908 367 1970; x_wconf 82' lang='grc' dir='ltr'><em>αὐτοῦ.”</em></span> <span class='ocrx_word' id='word_1_180' title='bbox 434 1917 516 1970; x_wconf 71' lang='lat'><em>92.</em></span> <span class='ocrx_word' id='word_1_181' title='bbox 550 1917 723 1970; x_wconf 85' lang='grc' dir='ltr'><em>ταῦτα</em></span> <span class='ocrx_word' id='word_1_182' title='bbox 752 1938 855 1986; x_wconf 87' lang='grc' dir='ltr'><em>μεν</em></span> <span class='ocrx_word' id='word_1_183' title='bbox 885 1913 991 1970; x_wconf 82' lang='grc' dir='ltr'><em>οὐν</em></span> <span class='ocrx_word' id='word_1_184' title='bbox 1021 1908 1049 1970; x_wconf 87' lang='lat'><em>5</em></span> <span class='ocrx_word' id='word_1_185' title='bbox 1087 1914 1295 1987; x_wconf 89' lang='grc' dir='ltr'><em>Πέτρος</em></span> <span class='ocrx_word' id='word_1_186' title='bbox 1327 1912 1549 1979; x_wconf 82' lang='grc' dir='ltr'><em>εικότως</em></span> <span class='ocrx_word' id='word_1_187' title='bbox 1581 1936 1762 1985; x_wconf 44' lang='grc' dir='ltr'><em>παραυ</em></span> 
     </span>
     <span class='ocr_line' id='line_1_23' title="bbox 150 1993 1761 2072; baseline -0.001 -18"><span class='ocrx_word' id='word_1_188' title='bbox 150 2001 469 2055; x_wconf 78' lang='grc' dir='ltr'><em>σιωπᾶσθαι</em></span> <span class='ocrx_word' id='word_1_189' title='bbox 500 1993 682 2070; x_wconf 77' lang='grc' dir='ltr'><em>ἠξίου·</em></span> <span class='ocrx_word' id='word_1_190' title='bbox 729 1998 814 2055; x_wconf 88' lang='grc' dir='ltr'><em>διὸ</em></span> <span class='ocrx_word' id='word_1_191' title='bbox 846 2001 938 2054; x_wconf 79' lang='grc' dir='ltr'><em>καὶ</em></span> <span class='ocrx_word' id='word_1_192' title='bbox 983 1995 1212 2072; x_wconf 87' lang='grc' dir='ltr'><em>Μαρκος</em></span> <span class='ocrx_word' id='word_1_193' title='bbox 1255 1995 1395 2055; x_wconf 78' lang='grc' dir='ltr'><em>αὐτὰ</em></span> <span class='ocrx_word' id='word_1_194' title='bbox 1435 1999 1761 2069; x_wconf 81' lang='grc' dir='ltr'><em>παρέλιπεν,</em></span> 
     </span>
     <span class='ocr_line' id='line_1_24' title="bbox 149 2080 1763 2156; baseline 0 -18"><span class='ocrx_word' id='word_1_195' title='bbox 149 2081 215 2138; x_wconf 81' lang='grc' dir='ltr'><em>τὰ</em></span> <span class='ocrx_word' id='word_1_196' title='bbox 248 2082 309 2139; x_wconf 78' lang='grc' dir='ltr'><em>δὲ</em></span> <span class='ocrx_word' id='word_1_197' title='bbox 339 2106 475 2138; x_wconf 89' lang='grc' dir='ltr'><em>κατα</em></span> <span class='ocrx_word' id='word_1_198' title='bbox 506 2080 608 2155; x_wconf 84' lang='grc' dir='ltr'><em>τὴν</em></span> <span class='ocrx_word' id='word_1_199' title='bbox 637 2101 872 2156; x_wconf 86' lang='grc' dir='ltr'><em>αρνησιν</em></span> <span class='ocrx_word' id='word_1_200' title='bbox 905 2080 1075 2140; x_wconf 81' lang='grc' dir='ltr'><em>αὐτοῦ</em></span> <span class='ocrx_word' id='word_1_201' title='bbox 1122 2089 1199 2149; x_wconf 81' lang='grc' dir='ltr'><em>εἰς</em></span> <span class='ocrx_word' id='word_1_202' title='bbox 1239 2106 1450 2149; x_wconf 87' lang='grc' dir='ltr'><em>παντας</em></span> <span class='ocrx_word' id='word_1_203' title='bbox 1495 2080 1763 2155; x_wconf 80' lang='grc' dir='ltr'><em>ἐκήρυξεν</em></span> 
     </span>
     <span class='ocr_line' id='line_1_25' title="bbox 151 2162 1760 2242; baseline 0.001 -20"><span class='ocrx_word' id='word_1_204' title='bbox 151 2162 514 2239; x_wconf 79' lang='grc' dir='ltr'><em>ανθρώπους,</em></span> <span class='ocrx_word' id='word_1_205' title='bbox 570 2169 688 2224; x_wconf 87' lang='grc' dir='ltr'><em>ἐπεὶ</em></span> <span class='ocrx_word' id='word_1_206' title='bbox 740 2169 831 2224; x_wconf 86' lang='grc' dir='ltr'><em>καὶ</em></span> <span class='ocrx_word' id='word_1_207' title='bbox 877 2173 1148 2225; x_wconf 82' lang='grc' dir='ltr'><em>ἔκλαυσεν</em></span> <span class='ocrx_word' id='word_1_208' title='bbox 1189 2165 1273 2224; x_wconf 84' lang='grc' dir='ltr'><em>ἐπ’</em></span> <span class='ocrx_word' id='word_1_209' title='bbox 1331 2164 1472 2241; x_wconf 79' lang='grc' dir='ltr'><em>αὐτῇ</em></span> <span class='ocrx_word' id='word_1_210' title='bbox 1534 2170 1760 2242; x_wconf 75' lang='grc' dir='ltr'><em>πικρῶς.</em></span> 
     </span>
    </p>

    <p class='ocr_par' dir='ltr' id='par_1_7' title="bbox 79 2244 1809 2662">
     <span class='ocr_line' id='line_1_26' title="bbox 79 2244 1762 2326; baseline -0.001 -17"><span class='ocrx_word' id='word_1_211' title='bbox 79 2277 131 2310; x_wconf 57' lang='lat'><em>25</em></span> <span class='ocrx_word' id='word_1_212' title='bbox 153 2254 235 2308; x_wconf 86' lang='grc'><em>93.</em></span> <span class='ocrx_word' id='word_1_213' title='bbox 285 2248 467 2325; x_wconf 82' lang='grc' dir='ltr'><em>εὕροις</em></span> <span class='ocrx_word' id='word_1_214' title='bbox 501 2247 552 2308; x_wconf 90' lang='grc' dir='ltr'><em>δ’</em></span> <span class='ocrx_word' id='word_1_215' title='bbox 587 2244 690 2308; x_wconf 81' lang='grc' dir='ltr'><em>οὖν</em></span> <span class='ocrx_word' id='word_1_216' title='bbox 719 2250 816 2309; x_wconf 81' lang='grc' dir='ltr'><em>τὸν</em></span> <span class='ocrx_word' id='word_1_217' title='bbox 847 2249 1087 2325; x_wconf 50' lang='grc' dir='ltr'><em>ιΜαρκον</em></span> <span class='ocrx_word' id='word_1_218' title='bbox 1133 2255 1457 2324; x_wconf 76' lang='grc' dir='ltr'><em>ἱστοροῦντα</em></span> <span class='ocrx_word' id='word_1_219' title='bbox 1496 2253 1623 2326; x_wconf 85' lang='grc' dir='ltr'><em>περὶ</em></span> <span class='ocrx_word' id='word_1_220' title='bbox 1665 2249 1762 2307; x_wconf 84' lang='grc' dir='ltr'><em>αὐ-</em></span> 
     </span>
     <span class='ocr_line' id='line_1_27' title="bbox 153 2333 1809 2411; baseline 0.001 -19"><span class='ocrx_word' id='word_1_221' title='bbox 153 2337 253 2392; x_wconf 84' lang='grc' dir='ltr'><em>τοῦ</em></span> <span class='ocrx_word' id='word_1_222' title='bbox 281 2333 466 2393; x_wconf 75' lang='grc' dir='ltr'><em>ταδε“</em></span> <span class='ocrx_word' id='word_1_223' title='bbox 475 2338 567 2393; x_wconf 86' lang='grc' dir='ltr'><em>καὶ</em></span> <span class='ocrx_word' id='word_1_224' title='bbox 596 2333 753 2402; x_wconf 81' lang='grc' dir='ltr'><em>ὄντος</em></span> <span class='ocrx_word' id='word_1_225' title='bbox 783 2339 882 2394; x_wconf 89' lang='grc' dir='ltr'><em>τοῦ</em></span> <span class='ocrx_word' id='word_1_226' title='bbox 913 2339 1134 2410; x_wconf 83' lang='grc' dir='ltr'><em>Πέτρου</em></span> <span class='ocrx_word' id='word_1_227' title='bbox 1165 2338 1226 2394; x_wconf 81' lang='grc' dir='ltr'><em>ἐν</em></span> <span class='ocrx_word' id='word_1_228' title='bbox 1266 2340 1331 2411; x_wconf 77' lang='grc' dir='ltr'><em>τῇ</em></span> <span class='ocrx_word' id='word_1_229' title='bbox 1368 2334 1510 2411; x_wconf 80' lang='grc' dir='ltr'><em>αὐλῇ</em></span> <span class='ocrx_word' id='word_1_230' title='bbox 1548 2342 1762 2409; x_wconf 83' lang='grc' dir='ltr'><em>ἔρχεται</em></span> <span class='ocrx_word' id='word_1_231' title='bbox 1786 2363 1809 2394; x_wconf 82' lang='lat' dir='ltr'>d</span> 
     </span>
     <span class='ocr_line' id='line_1_28' title="bbox 153 2418 1764 2494; baseline -0.001 -18"><span class='ocrx_word' id='word_1_232' title='bbox 153 2418 290 2491; x_wconf 87' lang='grc' dir='ltr'><em>πρὸς</em></span> <span class='ocrx_word' id='word_1_233' title='bbox 335 2418 506 2477; x_wconf 79' lang='grc' dir='ltr'><em>αὐτὸν</em></span> <span class='ocrx_word' id='word_1_234' title='bbox 536 2426 634 2494; x_wconf 90' lang='grc' dir='ltr'><em>μία</em></span> <span class='ocrx_word' id='word_1_235' title='bbox 663 2424 776 2478; x_wconf 82' lang='grc' dir='ltr'><em>τῶν</em></span> <span class='ocrx_word' id='word_1_236' title='bbox 805 2423 1117 2478; x_wconf 78' lang='grc' dir='ltr'><em>παιδισκῶν</em></span> <span class='ocrx_word' id='word_1_237' title='bbox 1156 2423 1256 2478; x_wconf 83' lang='grc' dir='ltr'><em>τοῦ</em></span> <span class='ocrx_word' id='word_1_238' title='bbox 1296 2419 1623 2493; x_wconf 81' lang='grc' dir='ltr'><em>ἀρχιερέως,</em></span> <span class='ocrx_word' id='word_1_239' title='bbox 1670 2423 1764 2476; x_wconf 86' lang='grc' dir='ltr'><em>καὶ</em></span> 
     </span>
     <span class='ocr_line' id='line_1_29' title="bbox 157 2501 1764 2580; baseline 0.001 -21"><span class='ocrx_word' id='word_1_240' title='bbox 157 2506 353 2561; x_wconf 85' lang='grc' dir='ltr'><em>ἰδοῦσα</em></span> <span class='ocrx_word' id='word_1_241' title='bbox 385 2501 554 2562; x_wconf 76' lang='grc' dir='ltr'><em>αὐτὸν</em></span> <span class='ocrx_word' id='word_1_242' title='bbox 582 2504 1045 2578; x_wconf 89' lang='grc' dir='ltr'><em>θερμαινόμενον,</em></span> <span class='ocrx_word' id='word_1_243' title='bbox 1078 2507 1396 2577; x_wconf 81' lang='grc' dir='ltr'><em>ἐμβλέψασα</em></span> <span class='ocrx_word' id='word_1_244' title='bbox 1425 2501 1577 2580; x_wconf 75' lang='grc' dir='ltr'><em>αὐτῷ</em></span> <span class='ocrx_word' id='word_1_245' title='bbox 1599 2505 1764 2575; x_wconf 78' lang='grc' dir='ltr'><em>λέγει,</em></span> 
     </span>
     <span class='ocr_line' id='line_1_30' title="bbox 156 2581 1766 2662; baseline 0.001 -19"><span class='ocrx_word' id='word_1_246' title='bbox 156 2588 246 2643; x_wconf 85' lang='grc' dir='ltr'><em>καὶ</em></span> <span class='ocrx_word' id='word_1_247' title='bbox 279 2587 348 2645; x_wconf 84' lang='grc' dir='ltr'><em>σὺ</em></span> <span class='ocrx_word' id='word_1_248' title='bbox 378 2588 511 2662; x_wconf 79' lang='grc' dir='ltr'><em>μετὰ</em></span> <span class='ocrx_word' id='word_1_249' title='bbox 544 2588 724 2662; x_wconf 85' lang='grc' dir='ltr'><em>Ἰησοῦ</em></span> <span class='ocrx_word' id='word_1_250' title='bbox 763 2594 860 2647; x_wconf 85' lang='grc' dir='ltr'><em>τοῦ</em></span> <span class='ocrx_word' id='word_1_251' title='bbox 892 2595 1224 2661; x_wconf 81' lang='grc' dir='ltr'><em>Ναζωραίου</em></span> <span class='ocrx_word' id='word_1_252' title='bbox 1262 2581 1341 2661; x_wconf 78' lang='grc' dir='ltr'><em>ἧς.</em></span> <span class='ocrx_word' id='word_1_253' title='bbox 1413 2586 1441 2645; x_wconf 88' lang='lat'><em>5</em></span> <span class='ocrx_word' id='word_1_254' title='bbox 1490 2589 1550 2644; x_wconf 78' lang='grc' dir='ltr'><em>δὲ</em></span> <span class='ocrx_word' id='word_1_255' title='bbox 1591 2585 1766 2660; x_wconf 82' lang='grc' dir='ltr'><em>ἠρνή-</em></span> 
     </span>
    </p>

    <p class='ocr_par' dir='ltr' id='par_1_8' title="bbox 91 2670 1761 2746">
     <span class='ocr_line' id='line_1_31' title="bbox 91 2670 1761 2746; baseline -0.002 -14"><span class='ocrx_word' id='word_1_256' title='bbox 91 2698 134 2732; x_wconf 85' lang='lat'><em>30</em></span> <span class='ocrx_word' id='word_1_257' title='bbox 157 2689 286 2729; x_wconf 87' lang='grc' dir='ltr'><em>σατο</em></span> <span class='ocrx_word' id='word_1_258' title='bbox 317 2674 512 2745; x_wconf 81' lang='grc' dir='ltr'><em>λέγων,</em></span> <span class='ocrx_word' id='word_1_259' title='bbox 544 2671 672 2731; x_wconf 75' lang='grc' dir='ltr'><em>οὔτε</em></span> <span class='ocrx_word' id='word_1_260' title='bbox 702 2673 829 2731; x_wconf 79' lang='grc' dir='ltr'><em>οἶδα</em></span> <span class='ocrx_word' id='word_1_261' title='bbox 871 2671 1000 2731; x_wconf 81' lang='grc' dir='ltr'><em>οὕτε</em></span> <span class='ocrx_word' id='word_1_262' title='bbox 1044 2675 1334 2746; x_wconf 84' lang='grc' dir='ltr'><em>ἐπίσταμαι</em></span> <span class='ocrx_word' id='word_1_263' title='bbox 1375 2679 1430 2730; x_wconf 89' lang='grc' dir='ltr'><em>τί</em></span> <span class='ocrx_word' id='word_1_264' title='bbox 1466 2670 1537 2730; x_wconf 78' lang='grc' dir='ltr'><em>σύ</em></span> <span class='ocrx_word' id='word_1_265' title='bbox 1569 2675 1761 2745; x_wconf 79' lang='grc' dir='ltr'><em>λέγεις.</em></span> 
     </span>
    </p>
   </div>
   <div class='ocr_carea' id='block_1_3' title="bbox 256 2858 1773 2920">
    <p class='ocr_par' dir='ltr' id='par_1_9' title="bbox 256 2858 1773 2920">
     <span class='ocr_line' id='line_1_32' title="bbox 256 2858 1773 2920; baseline 0.003 -17"><span class='ocrx_word' id='word_1_266' title='bbox 256 2858 295 2903; x_wconf 69' lang='lat'><em>‘2</em></span> <span class='ocrx_word' id='word_1_267' title='bbox 327 2865 490 2905; x_wconf 80' lang='lat' dir='ltr'><strong>Matth.</strong></span> <span class='ocrx_word' id='word_1_268' title='bbox 516 2866 581 2917; x_wconf 81' lang='lat'><em>16,</em></span> <span class='ocrx_word' id='word_1_269' title='bbox 606 2867 670 2907; x_wconf 85' lang='lat'><em>15.</em></span> <span class='ocrx_word' id='word_1_270' title='bbox 845 2869 896 2908; x_wconf 82' lang='lat'><em>19</em></span> <span class='ocrx_word' id='word_1_271' title='bbox 918 2868 1059 2908; x_wconf 83' lang='lat' dir='ltr'>Marc.</span> <span class='ocrx_word' id='word_1_272' title='bbox 1082 2869 1123 2920; x_wconf 88' lang='grc'><em>8,</em></span> <span class='ocrx_word' id='word_1_273' title='bbox 1148 2868 1213 2907; x_wconf 80' lang='grc'><em>29.</em></span> <span class='ocrx_word' id='word_1_274' title='bbox 1341 2868 1395 2907; x_wconf 80' lang='lat'><em>26</em></span> <span class='ocrx_word' id='word_1_275' title='bbox 1416 2868 1558 2908; x_wconf 83' lang='lat' dir='ltr'><strong>Marc.</strong></span> <span class='ocrx_word' id='word_1_276' title='bbox 1595 2868 1659 2918; x_wconf 79' lang='lat'><em>14,</em></span> <span class='ocrx_word' id='word_1_277' title='bbox 1693 2867 1773 2907; x_wconf 88' lang='grc'><em>66.</em></span> 
     </span>
    </p>
   </div>
  </div>
 </body>
</html>
