1992 3186
251 141 356 194 324
927 143 1175 186 EUSEBII

251 259 391 332 λαδὴ
431 257 529 316 τὸν
571 257 743 315 αὑτοῦ
774 261 982 332 πατέρα
1035 260 1127 315 καὶ
1157 257 1389 334 ποιητὴν
1418 266 1516 317 τοῦ
1546 259 1767 328 παντός.
1828 259 1859 318 ὅ

249 367 312 416 γε
334 342 446 417 μὴν
459 340 721 417 Ἀβραὰμ,
745 339 835 399 οἶα
858 341 1142 416 προφήτης
1166 342 1474 416 κατάληψιν
1492 352 1633 418 ἔχων
1656 341 1858 418 ἀκριβῆ

250 431 350 485 τοῦ
378 433 827 501 χρηματίζοντος,
860 429 982 499 ἑξῆς
1012 441 1127 493 τοῖς
1156 439 1542 499 προεκτεθεῖσι
1572 433 1860 486 ποτνιᾶται

249 514 426 584 λέγων
457 509 569 583 “μὴ
609 515 993 586 συναπολέσῃς
1033 516 1249 569 δίκαιον
1289 511 1407 585 μετ’
1452 511 1719 584 ἀσεβοῦς,
1765 514 1859 570 καὶ

251 603 401 653 ἔσται
439 593 466 652 ὃ
511 600 723 662 δίκαιος
765 593 838 662 ὥς
877 594 906 652 ὃ
947 593 1164 669 ἀσεβής.
1251 596 1346 652 ἐὰν
1386 588 1486 653 ὦσι
1516 596 1900 667 πεντήκονταῑ»

250 685 455 737 δίκαιοι
497 682 556 738 ἐν
594 685 661 753 τῇ
701 678 885 752 πόλει,
939 676 1162 747 ἀπολεῖς
1200 678 1427 750 αὐτοῦς;
1480 678 1584 738 οὐκ
1634 679 1860 753 ἀνήσεις

249 763 429 821 πάντα
467 761 566 821 τὸν
603 763 801 835 τόπον,
846 767 1035 822 ἕνεκεν
1074 768 1187 821 τῶν
1223 763 1566 837 πεντήκοντα
1600 770 1859 835 δικαίων;

208 874 228 906 b
250 851 513 922 μηδαμῶς
545 847 616 904 σὺ
658 847 907 921 ποιήσεις
948 846 1008 905 τὸ
1043 851 1191 922 ῥῆμα
1219 853 1379 906 τοῦτο
1419 854 1517 906 τοῦ
1541 846 1863 907 ἀποκτεῖναι

251 939 469 991 δίκαιον
498 929 633 1006 μετὰ
664 931 934 1005 ἀσεβοῦς,
965 934 1056 989 καὶ
1091 938 1240 989 ἔσται
1270 931 1299 990 ὁ
1332 939 1542 999 δίκαιος
1574 932 1647 1000 ὡς
1677 932 1705 990 ὁ
1737 930 1861 991 ἄσε-

250 1017 367 1090 βής.
428 1019 693 1090 μηδαμῶς
722 1013 751 1073 ὁ
783 1023 993 1090 κρίνων
1023 1020 1208 1075 πᾶσαν
1235 1016 1338 1089 τὴν
1367 1021 1492 1090 γῆν,
1523 1015 1591 1074 οῦ
1615 1015 1861 1089 ποιήσεις
1884 1043 1924 1075 10

250 1098 490 1176 κρίσιν.”

376 1190 423 1242 6.
461 1182 735 1257 Ἀγγέλοις
778 1186 845 1258 δὴ
887 1201 1124 1287 φασκειν
1153 1187 1356 1256 ταῦτα,
1397 1181 1432 1256 ἥ
1470 1208 1582 1242 τινι
1620 1188 1733 1242 των
1762 1187 1863 1242 τοῦ

249 1273 389 1327 θεοῦ
429 1271 795 1343 λειτουργων,
840 1266 943 1342 οὐχ
982 1268 1220 1342 ἡγοῦμαι
1265 1270 1528 1340 λέγεσθαι
1579 1266 1859 1341 ἁρμόζειν·

250 1352 384 1411 οὐδε
414 1351 518 1428 γὰρ
548 1356 648 1410 τοῦ
676 1351 936 1426 τυχόντος
978 1348 1048 1409 ἂν
1089 1363 1175 1425 εἴη
1204 1350 1264 1409 τὸ
1296 1359 1510 1425 κρίνειν
1546 1355 1732 1410 πᾶσαν
1760 1352 1862 1424 τὴν

249 1444 371 1511 γῆν.
443 1435 563 1494 αλλ’
613 1433 734 1494 οὐδ’
771 1435 1002 1509 αγγελος
1031 1435 1059 1493 ὁ
1104 1438 1444 1510 προγραφεὶς
1475 1434 1860 1508 ἀνηγόρευται,
1884 1461 1925 1494 15

250 1527 515 1596 κρείττων
541 1522 605 1577 δέ
623 1546 704 1588 τις
728 1519 965 1594 ἀγγέλου
989 1518 1122 1587 θεὸς
1146 1523 1235 1577 καὶ
1261 1520 1448 1593 κύριος
1474 1520 1609 1594 πρὸς
1632 1527 1698 1593 τῇ
1730 1517 1862 1578 ἄνα-

249 1608 601 1680 γεγραμμένῃ
635 1610 768 1677 δρυῒ
795 1605 930 1677 μετὰ
958 1608 1071 1662 τῶν
1095 1610 1257 1662 δυοῖν
1279 1607 1533 1677 ἀγγέλων
1558 1609 1617 1661 έν
1642 1601 1863 1678 ἀνθρώ-

251 1713 359 1748 που
391 1688 625 1763 σχήματι
654 1685 898 1762 ὁραθείς.
976 1694 1021 1747 7.
1055 1687 1223 1746 πάλιν
1252 1713 1316 1761 γε
1345 1687 1456 1761 μὴν
1485 1686 1618 1745 οῦδὲ
1646 1688 1743 1746 τὸν
1775 1690 1864 1744 ἐπὶ

205 1810 222 1831 c
254 1774 480 1832 πάντων
509 1773 648 1832 θεὸν
677 1772 911 1846 ἡγητέον
944 1771 1035 1830 διὰ
1064 1771 1278 1830 τούτων
1308 1775 1632 1844 δηλοῦσθαι.
1695 1795 1863 1844 μετα-

251 1859 479 1931 βάλλειν
516 1859 621 1931 γὰρ
660 1856 835 1931 φάναι
873 1856 934 1913 τὸ
966 1867 1155 1925 θεῖον,
1196 1858 1288 1912 καὶ
1327 1862 1754 1928 σχηματίζεσθαι
1786 1861 1862 1921 εἰς
1885 1880 1927 1913 20

252 1941 457 2014 ἀνδρὸς
501 1942 646 2007 εἶδος
685 1943 776 1998 καὶ
816 1939 1039 2013 μορφὴν
1077 1938 1180 1996 οὐκ
1222 1936 1430 2010 εὐαγές.
1503 1945 1748 1996 λείπεται
1793 1938 1861 2011 δὴ

254 2025 424 2083 αὐτὸν
456 2025 598 2083 εἶναι
628 2023 724 2081 τὸν
753 2028 850 2080 τοῦ
880 2025 1021 2080 θεοῦ
1049 2021 1215 2094 λόγον
1242 2020 1338 2079 τὸν
1363 2021 1455 2079 διὰ
1472 2025 1583 2079 τῶν
1613 2022 1864 2094 πρόσθεν

254 2110 725 2181 τεθεολογημένον
753 2103 1067 2180 ὁμολογεῖν·
1115 2103 1253 2164 ὅθεν
1277 2108 1442 2163 εἰσέτι
1465 2109 1555 2163 καὶ
1587 2109 1693 2164 νῦν
1716 2105 1864 2175 παρὰ

254 2208 367 2259 τοῖς
399 2190 797 2265 πλησιοχώροις
829 2187 901 2257 ὥς
931 2187 1001 2246 ἂν
1031 2200 1185 2256 θεῖος
1216 2188 1245 2246 ὁ
1276 2189 1440 2255 τόπος
1465 2196 1542 2257 εἰς
1559 2189 1723 2263 τιμὴν
1752 2193 1863 2247 τῶν

258 2275 457 2334 αὐτόθι
508 2282 583 2352 τῷ
616 2274 863 2348 Ἀβραὰμ
917 2276 1301 2346 ἐπιφανέντων
1335 2274 1731 2346 θρησκεῦεται,
1772 2276 1864 2331 καὶ
1886 2297 1928 2331 25

254 2366 557 2470 θεωρεῖταί
580 2384 643 2432 γε
675 2365 751 2425 εἰς
783 2363 950 2429 δεῦρο
983 2361 1320 2430 διαμένουσα
1349 2382 1383 2464 η
1415 2362 1751 2429 τερέβινθος.
1813 2362 1861 2415 8.

257 2451 315 2503 οι
335 2470 441 2519 γαρ
471 2449 546 2522 τῷ
570 2441 816 2517 Ἀβρααμ
850 2444 1304 2511 ἐπιξενωθέντες,
1351 2443 1440 2497 ε’πὶ
1479 2445 1695 2513 γραφῆς
1726 2439 1865 2497 ἀνα-

257 2536 532 2602 κείμενοι,
566 2526 667 2586 δύο
697 2552 800 2600 μεν
832 2529 1210 2599 ἑκατέρωθεν,
1255 2529 1416 2596 μέσος
1451 2525 1512 2581 δε
1541 2521 1569 2581 ὁ
1601 2532 1865 2594 κρείττων

256 2612 544 2686 ὑπερέχων
583 2618 650 2687 τῇ
689 2615 831 2686 τιμῇ.
906 2619 989 2682 εἴη
1037 2606 1095 2665 δ’
1138 2633 1208 2666 αν
1247 2607 1276 2665 ὁ
1320 2611 1699 2682 δεδηλωμένος
1730 2604 1865 2680 ἡμῖν

213 2723 236 2755 d
260 2696 448 2771 κύριος
483 2693 676 2768 αὐτὸς,
717 2692 746 2753 ὁ
779 2691 1038 2769 ἡμέτερος
1069 2691 1279 2766 σωτὴρ,
1321 2689 1386 2750 ὃν
1418 2695 1507 2750 καὶ
1538 2697 1596 2749 οἱ
1621 2692 1864 2765 ἀγνῶτες
1887 2717 1927 2749 30

374 2891 400 2929 4
431 2889 543 2930 Gen.
569 2889 634 2941 18,
660 2891 726 2929 ⁶23.
