1992 3186
247 93 350 146 486
930 96 1175 137 EUSEssn

249 214 309 268 ἐκ
339 215 516 284 φυλῆς
543 207 721 268 Ἰούδα
746 212 959 282 λέγεται
983 212 1418 285 προελεύσεσθαι
1438 211 1566 271 οὐδ’
1601 210 1670 272 ἂν
1702 223 1854 288 ζητη-

246 301 407 368 θείη,
449 300 524 369 τῷ
564 293 695 367 μηδ’
736 297 923 368 ἑτέρας
964 292 997 368 ἢ
1037 302 1130 369 τῆς
1164 302 1511 370 δηλωθείσης
1549 305 1730 373 φυλῆς
1762 302 1854 357 καὶ

248 376 418 436 αὐτὸν
449 378 591 435 εἶναι
621 377 718 436 τὸν
748 385 951 452 Δαβίδ.
1013 382 1227 452 γένοιτο
1259 379 1314 438 δ’
1349 378 1418 439 ἂν
1443 386 1502 440 ἐκ
1532 391 1855 458 περιουσίας

244 465 334 519 καὶ
363 461 564 520 τούτου
595 462 1002 537 παραστατικὸν
1025 463 1084 522 τὸ
1109 464 1256 540 παρὰ
1274 473 1474 523 Μωσεῖ
1486 466 1692 540 λόγιον,
1724 472 1856 526 τοῦ-

242 571 338 604 τον
369 553 494 620 ἔχον
524 546 621 605 τὸν
650 547 882 622 τρόπον·

121 796 217 839 (360)
759 766 892 831 Ἀπὸ
923 778 1016 846 τῆς
1047 776 1345 840 Γενέσεωςῑ

365 889 448 942 53.
487 881 740 958 ΝἸούδα,
782 888 845 943 σὲ
887 889 1212 945 αἰνέσαισαν
1252 891 1309 944 οἱ
1345 885 1585 962 ἀδελφοί
1619 905 1749 961 σου,
1798 894 1860 946 αἱ

239 971 416 1042 χεῖρές
456 987 559 1027 σου
602 972 690 1027 ἐπὶ
735 969 915 1029 νῶτου
955 974 1067 1028 τῶν
1109 974 1327 1045 ἐχθρῶν
1359 990 1487 1044 σου,
1533 971 1854 1045 προσκυνή-

240 1060 408 1110 σουσί
434 1072 519 1111 σοι
550 1058 607 1111 οἱ
642 1057 754 1112 υἱοὶ
795 1060 893 1113 τοῦ
925 1054 1127 1128 πατρός
1159 1074 1277 1113 σου.
1350 1055 1592 1130 σκύμνος
1634 1060 1853 1124 λέοντος

232 1136 443 1210 Ἰούδα,
480 1141 538 1195 ἐκ
566 1142 804 1211 βλαστοῦ
841 1165 954 1248 μου
985 1141 1072 1197 υἱὲ
1103 1138 1333 1213 άνέβης,
1377 1139 1676 1199 άναπεσῶν
1707 1145 1851 1199 ε’κοι-

194 1245 216 1277 b
239 1220 426 1324 μηθης
458 1218 529 1289 ῶς
562 1224 732 1295 λε’ων,
767 1227 858 1280 καὶ
891 1224 963 1291 ῶς
996 1222 1252 1297 σκύμνος.
1325 1230 1406 1291 τίς
1439 1228 1620 1298 ἐγερεῖ
1648 1224 1850 1296 αὐτόν;

238 1304 342 1363 οὐκ
376 1309 614 1375 ἐκλείψει
645 1306 832 1380 άρχων
857 1312 909 1376 ἐξ
937 1306 1134 1379 Ἰούδα,
1167 1308 1299 1366 οὐδε
1324 1308 1631 1383 ἡγούμενος
1658 1313 1716 1366 ἐκ
1740 1314 1852 1368 τῶν

238 1397 430 1466 μηρῶν
461 1389 661 1464 αὐτοῦ,
705 1416 806 1458 εως
846 1418 916 1449 αν
948 1400 1085 1468 ἔλθη
1119 1417 1161 1470 ῳ
1195 1391 1507 1451 ἀπόκειται·
1565 1396 1656 1451 καὶ
1689 1393 1852 1461 αὐτὸς

239 1480 390 1532 ἔσται
421 1481 727 1548 προσδοκία
759 1476 981 1536 ε’θνῶνῖ

350 1563 431 1616 54.
458 1559 696 1618 Λῶδεκα
710 1566 908 1633 φυλῶν
921 1559 1050 1635 παρ’
1073 1557 1344 1633 Ἑβραίοις
1364 1560 1571 1634 οὐσῶν,
1586 1561 1658 1619 δι’
1693 1554 1771 1620 ῶν
1792 1562 1850 1620 τὸ

238 1648 349 1700 πᾶν
374 1650 538 1711 ἔθνος
569 1645 915 1718 συνεστήκει,
947 1651 1074 1719 μιᾶς
1096 1644 1312 1703 τούτων
1335 1645 1632 1722 προπάτωρ
1659 1649 1852 1718 γε’γονε

124 1749 215 1792 [224]
243 1729 334 1784 καὶ
357 1726 662 1802 άρχίφυλος
686 1726 713 1786 ὁ
740 1729 971 1801 Ἰούδας,
1005 1728 1140 1803 πρὸς
1164 1726 1229 1787 ὃν
1254 1733 1608 1788 τεθέσπισται
1632 1729 1698 1787 τά
1721 1753 1851 1801 προ-

238 1818 481 1886 κείμενα,
517 1816 569 1881 ἐξ
603 1812 777 1870 αὐτοῦ
807 1813 904 1872 τὸν
921 1814 1161 1890 Χριστὸν
1185 1813 1628 1887 προελεύσεσθαι
1651 1820 1854 1887 σημαί-

237 1920 418 1954 νοντα.
484 1903 536 1955 εί
562 1901 702 1970 γοῦν
733 1897 1067 1970 συναγάγοις
1101 1899 1188 1953 ἐπὶ
1219 1897 1385 1954 ταυτὸ
1417 1900 1509 1954 καὶ
1539 1905 1852 1971 παραθείης

189 2013 206 2035 c
238 1986 303 2054 τῇ
333 1980 468 2052 μετὰ
498 1995 686 2054 χεῖρας
715 1981 811 2047 τὰς
845 1985 905 2038 ἐν
935 1995 1047 2048 τοῖς
1072 1979 1323 2054 πρόσθεν
1347 1988 1604 2048 τεθείσας
1636 2004 1848 2056 προφη-

238 2069 414 2135 τείας,
457 2062 639 2137 εῧροις
679 2060 750 2122 ἂν
789 2063 989 2138 ὁμοίως
1020 2063 1172 2122 κατά.
1196 2089 1246 2121 τι
1278 2063 1466 2123 κοινὸν
1497 2079 1725 2139 σημεῖον
1755 2065 1851 2124 τὸν

239 2145 411 2204 αὐτὸν
441 2147 863 2221 κηρυττόμενον.
936 2153 1018 2206 55.
1052 2145 1086 2221 ἡ
1117 2150 1220 2222 μὲν
1259 2149 1364 2221 γὰρ
1410 2157 1564 2222 ἔλεγε
1595 2152 1722 2221 περὶ
1753 2154 1850 2206 τοῦ

240 2235 300 2288 ἐκ
331 2235 479 2304 ῥίζης
503 2231 699 2290 Ἰεσσαὶ
729 2231 1182 2306 άναστησομένου
1222 2232 1282 2289 τὸ
1313 2231 1446 2289 “uoci
1489 2239 1640 2290 ἔσται
1669 2231 1697 2290 ὁ
1729 2230 1852 2290 άνι-

238 2314 506 2388 στάμενος
536 2315 728 2390 ἄρχειν
760 2320 972 2390 ἐθνῶν,
1017 2314 1101 2374 ἐπ’
1138 2315 1285 2393 αὐτῷ
1319 2324 1458 2389 ἔθνη
1492 2315 1848 2375 ἐλπιοῦσιν·”

1878 1166 1916 1198 10

1878 1584 1916 1617 15

1874 2006 1914 2038 20

238 2398 271 2470 ἡ
306 2401 367 2457 δὲ
393 2403 520 2475 περὶ
551 2405 648 2458 τοῦ
673 2406 799 2459 υἱοῦ
824 2405 1153 2475 Σολομῶνος
1176 2401 1236 2458 τὸ
1259 2399 1719 2475 “κατακυριεύσει
1742 2398 1849 2459 άπὸ
1873 2424 1914 2456 25

238 2483 527 2558 θαλάσσης
560 2488 659 2552 ἕως
689 2484 996 2559 θαλάσσης,
1029 2488 1120 2543 καὶ
1143 2483 1250 2542 άπὸ
1275 2491 1522 2558 ποταμοῦ
1548 2489 1648 2552 ἕως
1679 2484 1851 2586 περά-

238 2592 351 2626 των
380 2573 475 2642 τῆς
507 2572 864 2672 οἰκουμένης,
914 2572 1004 2627 καὶ
1038 2569 1576 2643 ε’νευλογηθήσονται
1608 2574 1668 2627 ἐν
1699 2567 1851 2646 αὐτῷ

1708 2650 1780 2675 “a

240 2651 419 2710 πάντα
441 2652 507 2710 τὰ
532 2653 735 2726 ἔθνη”
771 2651 805 2727 ἡ
833 2655 892 2712 δε
917 2679 1051 2728 μετα
1083 2667 1266 2729 χεῖρας
1289 2659 1684 2729 παραπλησίως
1748 2678 1850 2720 εως

355 2846 377 2885 7
413 2845 524 2887 Gen.
547 2847 617 2896 49,
639 2848 678 2886 8.
854 2850 907 2889 23
938 2848 1015 2891 Es.
1042 2850 1107 2899 11,
1133 2850 1197 2889 10.
1372 2849 1426 2889 25
1456 2849 1533 2891 Ps.
1556 2849 1623 2899 72,
1646 2847 1685 2887 8.
