1992 3186
234 110 340 160 414
903 107 1152 148 EUSEBII

238 224 526 298 προφήτου
568 226 821 294 λέγοντος
855 217 1116 294 “ἕρχομαι
1169 236 1509 293 συναγαγεῖν
1560 222 1740 279 πάντα
1778 221 1845 279 τοὶ

240 317 379 380 ἔθνη
413 310 502 364 καὶ
534 305 628 372 τας
659 304 942 376 γλώσσας,
975 303 1122 376 ὁρῶν
1153 302 1285 362 καθ’
1319 304 1448 377 ὅλης
1478 312 1572 379 τῆς
1604 313 1713 363 τῶν
1744 304 1842 364 ἀν-

236 392 485 466 θρώπων
522 393 622 462 γῆς
665 389 758 445 διὰ
798 395 894 460 τῆς
933 394 1031 446 τοῦ
1073 395 1315 461 σωτῆρος
1355 391 1512 462 ἡμῶν
1535 389 1714 462 Ἰησοῦ
1745 397 1843 448 τοῦ

237 478 481 548 Χριστοῦ
517 480 823 547 παρουσίας
865 497 923 530 τε
965 476 1055 529 καὶ
1097 472 1342 544 κλήσεως
1380 471 1474 541 τὰς
1513 477 1624 531 των
1656 479 1843 531 ε’θνῶν

189 586 210 618 d
237 558 564 631 συναγωγὰς
597 557 680 614 ἐπ’
726 557 992 631 ὀνόματος
1035 563 1132 615 τοῦ
1163 562 1405 630 Χριστοῦ
1441 560 1843 631 συγκροτουμέ-
1866 584 1886 616 5

235 669 365 716 νας,
397 642 492 708 τοὶς
523 665 580 700 τε
607 640 863 714 γλώσσας
893 641 1155 700 ἁπάντων
1184 645 1295 699 των
1321 645 1507 699 ἐθνῶν
1532 644 1591 698 ἐν
1622 649 1844 700 παντοί-

235 753 319 794 αις
361 729 662 792 διαλέκτοις
702 725 1025 800 ἀνθρώπων
1064 726 1160 783 τὸν
1201 730 1299 784 ἕνα
1340 725 1478 783 θεὸν
1519 728 1610 782 καὶ
1652 724 1846 797 κύριον

237 814 698 884 ἐπικαλουμένας;
731 814 821 867 καὶ
849 813 938 867 ε’πὶ
954 815 1087 867 πᾶσι
1114 814 1175 866 δὲ
1198 809 1431 882 τούτοις,
1457 817 1539 876 τίς
1561 809 1845 882 θεώμενος
1894 846 1908 852 »

233 902 307 972 τῷ
333 894 673 969 σωτηριώδει
697 903 904 971 σημείῳ
929 894 1138 960 πάντας
1161 894 1288 960 τοὺς
1314 902 1391 960 εἰς
1416 894 1655 965 Χριστὸν
1685 916 1845 951 πεπι-

235 979 530 1046 στευκότας
557 986 826 1053 σφραγῖδι
842 982 1177 1052 χρωμένὸυς,
1203 978 1308 1036 οὐκ
1324 975 1393 1036 ἂν
1418 977 1659 1050 εὐλόγως
1683 1002 1844 1035 κατα-
1867 1005 1908 1037 10

235 1071 471 1136 πλαγείη
503 1061 727 1121 ἀκούων
757 1062 1036 1137 πρόπαλαι
1062 1068 1161 1121 τοῦ
1187 1071 1386 1136 κυρίου
1411 1061 1689 1136 εἰρηκότος
1712 1062 1844 1119 “καὶ

233 1148 426 1219 ἥξουσι
472 1151 563 1204 καὶ
605 1147 835 1216 ὄψονται
876 1147 979 1219 τὴν
1010 1147 1177 1215 δόξαν
1217 1172 1352 1220 μου,
1400 1150 1492 1204 καὶ
1532 1153 1844 1215 καταλείψω

237 1233 317 1289 ἐπ’
355 1231 541 1289 αὐτῶν
585 1230 879 1306 σημεῖον;”
941 1237 989 1288 ἵ).
1027 1235 1085 1289 ἐν
1114 1235 1271 1303 μέρει
1312 1233 1414 1303 μὲν
1444 1224 1547 1288 οῦν
1581 1234 1847 1288 ἐντεῦθεν
1890 1250 1897 1252 ”

235 1315 341 1390 ἤδη
382 1316 519 1374 κατὰ
557 1316 659 1388 τὴν
698 1318 973 1390 προτέραν
1012 1320 1110 1373 τοῦ
1153 1322 1398 1388 σωτῆρος
1438 1312 1596 1388 ἡμῶν
1639 1321 1714 1382 εἰς
1745 1313 1847 1371 ἀν-

122 1428 207 1470 [190]
234 1399 499 1471 θρώπους
531 1400 860 1472 ἐπιφάνειαν
900 1398 1087 1467 αὐτοῖς
1125 1397 1438 1472 ὀφθαλμοῖς
1478 1396 1694 1473 ὁρῶμεν
1733 1402 1846 1456 τῶν
1868 1425 1910 1457 15

233 1492 410 1542 θείων
440 1490 702 1557 χρησμῶν
731 1483 796 1541 τα
827 1483 1264 1557 ἀποτελέσματα·
1313 1487 1525 1556 γένοιτο
1568 1481 1620 1540 δ’
1654 1480 1724 1540 ἂν
1757 1488 1847 1540 ἐν-

232 1573 361 1641 τελῆ
393 1574 564 1626 ταῦτα
596 1572 688 1625 καὶ
719 1567 854 1625 κατὰ
883 1569 985 1640 τὴν
1010 1570 1279 1642 δευτέραν
1302 1571 1392 1625 καὶ
1418 1571 1646 1636 ἔνδοξον
1675 1565 1849 1624 αὐτοῦ

233 1661 577 1727 παρουσίαν,
618 1652 708 1710 ὅτε
748 1651 928 1710 πάντα
970 1653 1036 1709 τὰ
1083 1659 1223 1726 ἔθνη
1263 1650 1497 1721 ὄψονται
1535 1651 1637 1724 τὴν
1679 1651 1847 1720 δόξαν

234 1737 439 1810 αὐτοῦ,
483 1736 783 1812 ἐρχόμενόν
826 1762 884 1794 τε
916 1734 1085 1795 αὐτὸν
1118 1740 1171 1804 ἐξ
1202 1734 1461 1811 οὐρανῶν
1505 1735 1639 1809 μετὰ
1671 1734 1846 1792 δυνά-

122 1850 212 1891 (307)
238 1847 379 1894 μεως
421 1825 514 1879 καὶ
557 1821 716 1894 δόξης
758 1825 978 1893 πολλῆς.
1051 1819 1322 1894 ἀναχθείη
1368 1819 1418 1876 δ’
1455 1818 1525 1877 ἂν
1557 1826 1633 1886 είς
1665 1822 1844 1877 ἐκεῖνο
1866 1846 1909 1878 20

235 1909 431 1979 καιροῦ
460 1909 551 1962 καὶ
583 1905 648 1962 τὰ
679 1905 842 1962 λοιπὰ
887 1909 1000 1962 τῶν
1045 1908 1105 1963 ἐν
1133 1908 1201 1978 τῇ
1239 1903 1540 1976 προρρήσει
1572 1908 1845 1977 δηλουμέ-

235 2014 377 2060 νων,
420 1987 603 2063 ὦσπερ
635 1982 740 2047 οῦν
771 1990 1119 2062 συστήσομεν
1164 1987 1301 2045 κατὰ
1330 1989 1433 2060 τὴν
1464 1995 1677 2046 οἰκείαν
1703 1987 1845 2045 ὑπό-

233 2083 414 2130 θεσιν.
683 2089 689 2095 “

370 2155 660 2213 Τοσούτων
690 2153 823 2228 ἡμῖν
855 2160 943 2213 ἐπὶ
973 2160 1071 2214 τοῦ
1100 2155 1371 2230 παρόντος
1401 2158 1845 2228 συνειλεγμένων

235 2243 360 2311 περὶ
382 2247 477 2312 τῆς
503 2247 579 2306 εἰς
602 2237 938 2312 ἀνθρώπους
962 2243 1359 2312 θεσπιζομένης
1384 2247 1613 2296 ἔσεσθαι
1637 2262 1841 2311 παρου-
1865 2264 1908 2296 25

234 2333 354 2390 σίας
384 2328 524 2382 θεοῦ
567 2327 688 2396 ἑξῆς
718 2319 788 2381 ἂν
820 2333 903 2395 εἴη
937 2323 1272 2391 ἐπισυνάψαι
1311 2322 1501 2390 ὁποῖός
1539 2348 1620 2389 τις
1659 2319 1688 2379 ὁ
1721 2323 1843 2396 τρό-

234 2433 333 2475 πος
384 2413 479 2480 τῆς
526 2410 792 2482 προτέρας
845 2406 1015 2465 αὐτοῦ
1059 2414 1135 2474 εἰς
1175 2409 1271 2464 τὸν
1315 2404 1677 2481 ἀνθρώπινον
1716 2413 1845 2478 βίον

234 2492 483 2565 παρόδου
514 2492 855 2565 γενήσεσθαι
887 2506 1351 2565 προανεφωνεῖτο.
