1992 3186
219 141 323 193 268
919 141 1166 182 EUSEBII

1352 255 1364 274 ἱ
1429 253 1481 277 (Ν

221 256 454 331 σαμενος
485 259 783 330 μονονουχὶ
813 253 1190 328 ἀπελογήσατο
1233 262 1405 314 εἰπων
1478 259 1824 334 Ιερουσαλὴμ

212 339 585 417 Ἰερουσαλὴμ,
617 340 651 413 ἡ
681 339 1084 398 ἀποκτείνουσα
1105 340 1234 407 τοὺς
1253 340 1535 415 προφήτας
1558 345 1648 400 καὶ
1673 351 1826 403 λιθο-

222 430 465 500 βολοῦσα
496 424 624 493 τούς
665 422 1110 499 ἀπεσταλμένους
1148 423 1283 499 πρὸς
1315 422 1518 499 αὑτήν·
1542 485 1546 489 Δ
1566 426 1827 494 πολλάκις

222 513 325 585 γὰρ
357 509 605 584 ἠθέλησα
654 509 975 579 ἐπισυνάξαι
1019 509 1085 567 τὰ
1129 512 1295 567 τέκνα
1339 528 1470 583 σου,
1517 509 1583 569 ὃν
1621 510 1828 584 τρόπον

222 594 372 669 ὅρνις
413 595 478 652 τὰ
519 602 716 653 νοσσία
758 591 926 668 αὐτῆς
964 591 1074 652 ὑπὸ
1114 594 1208 662 τὰς
1249 596 1549 669 πτέρυγας,
1595 598 1684 652 καὶ
1724 593 1871 654 οὐκ5

184 713 199 734 e
228 677 557 753 ἠθελήσατε,
592 678 716 737 ἰδοὺ
747 678 970 752 ἀφίεται
1000 676 1137 753 ὑμῖν
1167 678 1196 737 ὁ
1228 679 1375 746 οἶκος
1395 675 1553 753 ὑμῶν
1585 678 1826 753 ἕρημος.”

710 902 843 961 Ἀπὸ
874 908 971 961 τοῦ
995 902 1329 977 Ἀμβακούμ.

224 1000 426 1057 Χριστὸς
449 1000 675 1059 ὀνομαστὶ
696 998 790 1047 ὑπὸ
811 1006 978 1055 κυρίου
1001 1005 1084 1047 τοῦ
1100 1001 1278 1059 πατρὸς
1301 1001 1558 1060 σωζόμενος
1575 1003 1658 1047 καὶ
1676 1001 1833 1056 σώζων

746 1057 852 1110 τοὺς
875 1057 1047 1104 ἑαυτοῦ
1068 1059 1314 1113 Χριστούς.

345 1148 644 1228 τρῖΕξῆλθες
678 1163 755 1222 εἰς
787 1163 1068 1229 σωτηρίαν
1091 1159 1229 1214 λαοῦ
1251 1175 1371 1228 σου,
1395 1160 1494 1213 τοῦ
1516 1159 1689 1214 σῷσαι
1705 1154 1831 1224 τούς
1857 1180 1896 1212 ιο

226 1239 497 1313 Χριστούς
530 1257 658 1297 σου·
707 1246 899 1312 ἔβαλες
921 1247 997 1306 εἰς
1018 1239 1263 1312 κεφαλὰς
1291 1237 1513 1314 ἀνόμων
1535 1238 1830 1298 θάνατον.”

352 1328 434 1380 35.
465 1321 694 1391 Ἀκύλας
717 1323 984 1396 “ε’ξῆλθες
1017 1330 1094 1391 εἰς
1126 1331 1404 1397 σωτηρίαν
1436 1328 1573 1382 λαοῦ
1603 1343 1723 1396 σου,
1758 1331 1835 1391 εἰς

226 1414 504 1480 σωτηρίαν
535 1412 673 1465 λαοῦ
702 1427 803 1466 σου
835 1408 1172 1485 σύνΧριστῷ
1204 1406 1360 1466 σου.”
1409 1408 1599 1481 ἐπειδὴ
1620 1405 1649 1465 ὃ
1673 1407 1836 1466 Ἀκύ-

225 1499 322 1557 λας
353 1488 474 1548 ἀντὶ
507 1495 605 1549 τοῦ
634 1495 1021 1565 πληθυντικοῦ
1051 1495 1244 1559 ἑνικῶς
1278 1495 1528 1564 ἐξέδωκε,
1561 1491 1668 1550 συν
1699 1502 1834 1566 Χρι-

181 1595 202 1626 d
226 1581 335 1652 στῷ
367 1574 546 1648 φήσας
566 1574 667 1647 τὴν
688 1582 966 1650 σωτηρίαν
989 1580 1066 1652 τῷ
1089 1581 1202 1653 λαῷ
1227 1583 1568 1649 πεποιῆσθαι
1599 1574 1694 1634 τὸν
1723 1581 1835 1634 τῷν
1859 1599 1899 1631 15

224 1658 370 1716 ὅλων
408 1658 574 1731 θεὸν,
618 1659 843 1727 εἰκότως
892 1663 1255 1734 παρεθέμεθα
1294 1660 1395 1733 τὴν
1445 1664 1591 1728 λέξιν
1643 1665 1835 1733 σαφῶς

225 1746 301 1820 τῷ
339 1743 684 1818 προβλήματι
725 1747 1154 1819 παρισταμένην.
1225 1749 1307 1803 36.
1344 1745 1457 1802 εἶεν
1497 1745 1558 1801 δὲ
1599 1741 1669 1802 ἂν
1699 1744 1835 1801 κατὰ

224 1827 325 1899 τὴν
355 1831 467 1884 τῷν
500 1827 881 1901 ἑβδομήκοντα
913 1832 1208 1901 ἑρμηνείαν
1240 1834 1463 1893 πλείους
1494 1833 1551 1884 οἱ
1579 1830 1632 1895 ἐξ,
1664 1827 1836 1885 αὐτοῦ

226 1914 317 1967 καὶ
351 1914 422 1968 δι’
460 1910 631 1970 αὐτὸν
662 1915 888 1986 Χριστοὶ
920 1918 1366 1984 χρηματίζοντες,
1411 1914 1540 1983 περὶ
1572 1902 1650 1968 οἷν
1683 1921 1836 1984 εἴρη-

224 2019 313 2051 ται
344 1991 455 2068 “μὴ
496 1995 720 2068 ἅψησθε
750 1999 862 2053 τῷν
893 2001 1149 2067 Χριστῷν
1177 2019 1314 2068 μου,
1347 1997 1438 2052 καὶ
1471 1998 1530 2052 ἐν
1559 2010 1674 2063 τοῖς
1703 2018 1833 2068 προ·
1855 2018 1898 2050 20

227 2077 426 2149 φήταις
456 2103 564 2150 μου
594 2077 668 2151 μὴ
708 2076 1147 2152 πονηρεύεσθε,”
1184 2085 1241 2136 οἴ
1267 2103 1323 2136 τε
1356 2085 1432 2146 εἰς
1463 2076 1633 2136 αὐτὸν
1673 2102 1836 2136 πεπι-

229 2161 532 2233 στευκότες,
566 2164 656 2218 καὶ
688 2169 785 2219 τοῦ
816 2159 979 2234 ἁγίου
1010 2168 1105 2236 τῆς
1138 2167 1196 2220 ἐν
1220 2166 1297 2239 τῷ
1326 2166 1549 2239 Χριστῷ
1578 2171 1834 2234 παλιγγε-

227 2251 417 2311 νεσίας
468 2251 764 2318 χρίσματος
811 2249 1233 2319 κατηξιωμένοι,
1285 2249 1376 2303 καὶ
1429 2251 1486 2304 οἱ
1534 2245 1835 2319 δυνάμενοι

228 2331 409 2400 λέγειν
438 2325 638 2402 ὁμοίως
670 2335 744 2406 τῷ
787 2334 915 2407 ἱερῷ
956 2329 1243 2406 ἀποστόλςο
1279 2327 1532 2403 “με’τοχοι
1575 2333 1673 2386 τοῦ
1705 2339 1835 2402 Χρι-

228 2416 361 2469 στοῦ
394 2411 755 2487 γεγόναμεν.”
1856 2434 1897 2466 25

343 2609 361 2645 1
396 2606 559 2646 Matth.
585 2609 652 2657 23,
676 2609 744 2648 37.
907 2609 958 2647 10
989 2606 1140 2646 Habb.
1166 2608 1207 2656 3,
1234 2608 1299 2646 13.
1466 2608 1519 2646 20
1550 2606 1836 2658 Ps.105‚15.

229 2663 281 2700 24
314 2662 431 2702 Heb.
456 2665 495 2712 3,
523 2665 589 2702 14.
