1946 3158
0 2266 11 2415 i

0 2420 10 2485 ι

568 128 874 169 DEMONST.
906 129 1125 169 EVANG.
1157 129 1191 168 I.
1225 131 1263 169 2.
1659 127 1722 179 13

118 245 304 311 λόντες
344 247 442 302 τοῦ
481 242 675 316 ὁμοίου
721 243 928 317 τρόπου
967 246 1062 315 τῆς
1100 246 1204 302 τοῦ
1237 242 1483 317 Ἀβραὰμ
1524 254 1724 301 θεοσε-

119 337 272 403 βείας
312 327 552 402 ἤμελλόν
592 351 725 386 ποτε
774 328 1218 401 μεταλήψεσθαι;
1277 329 1397 385 ἐπεὶ
1449 327 1722 399 κάκεῖνος,

118 412 427 486 ἀλλοεθνής
467 437 548 480 τις
579 408 658 470 ὧν
699 415 790 470 καὶ
830 412 1112 485 ἀλλότριος
1152 405 1216 485 ἧς
1255 411 1491 486 ὕστερον
1530 416 1722 486 μετῆλ-

118 510 225 557 θεν
250 497 558 570 εὐσεβείας,
590 499 803 570 λέγεται
846 507 1303 570 μετατεθεῖσθαι,
1349 500 1442 554 καὶ
1481 502 1576 571 τῆς
1617 520 1724 554 πα-

74 607 95 640 5
119 587 306 657 τρικῆς
341 587 773 655 δεισιδαιμονίας
813 587 1295 655 μεταβεβλῆσθαι,
1338 580 1492 639 οἶκόν
1531 605 1590 638 τε
1631 584 1723 638 καὶ

118 670 449 740 συγγένειαν
479 668 570 723 καὶ
603 672 707 739 ἔθη
749 665 979 740 πάτρια,
1023 672 1152 738 βίου
1192 691 1250 724 τε
1279 663 1535 740 ἀγωγὴν,
1590 670 1650 723 ἐν
1688 658 1725 740 ᾗ

117 750 414 825 γεγέννητό
444 774 503 808 τε
534 753 623 808 καὶ
654 754 959 823 τέθραπτο,
986 753 1457 823 καταλελοιπέναι,
1489 750 1725 823 ἠκολου-

117 838 356 909 θηκέναι
397 836 459 893 δε
497 839 644 912 θεῷ,
685 841 760 911 τῷ
802 837 893 893 καὶ
926 833 1053 902 τοὺς
1083 855 1361 908 χρησμους
1404 832 1555 912 αὐτῷ
1594 834 1723 901 τούς

118 918 504 994 οἷναγραπτους
531 919 812 977 δεδωκότι.
872 925 951 976 16.
981 926 1032 976 εἰ
1058 943 1161 992 μεν
1191 911 1558 992 οὐνΜωυσῆς
1590 944 1723 992 μετα

57 1030 99 1062 10
121 1005 216 1063 τὸν
251 1002 494 1078 Ἀβραὰμ
533 1002 828 1077 γενόμενος
879 1006 971 1061 καὶ
1011 1011 1295 1061 πολιτείαν
1334 1029 1456 1061 τινα
1500 1003 1588 1061 διὰ
1629 1008 1724 1077 τῆς

120 1093 445 1162 ἐκδοθείσης
468 1086 567 1146 ὑπ’
603 1087 777 1146 αὐτοῦ
803 1095 1140 1162 νομοθεσίας
1163 1092 1241 1165 τῷ
1264 1085 1549 1146 Ἰουδαίων
1569 1094 1725 1145 ἔθνει

119 1175 594 1275 καταβεβλημένος
625 1176 850 1231 τοιαῦτα
884 1176 1313 1247 ἐνομοθέτησεν,
1355 1170 1445 1230 οἷα
1475 1175 1567 1230 καὶ
1610 1188 1724 1239 τοις

119 1257 224 1332 πρὸ
266 1255 440 1316 αυτοῦ
480 1260 770 1331 θεοφιλέσι
810 1258 1177 1332 κατωρθωτο,
1221 1261 1312 1315 καὶ
1354 1255 1443 1314 οἷα
1484 1256 1726 1315 δυνατὸν

120 1335 190 1415 ἦν
213 1345 346 1399 πᾶσι
368 1357 481 1409 τοῖς
506 1349 732 1401 ἔθνεσιν
757 1342 1145 1418 ἐφαρμόττειν,
1174 1367 1246 1409 ως
1275 1341 1554 1400 δύνασθαι
1587 1341 1723 1399 κατὰ

59 1451 98 1482 15
122 1426 245 1498 τὴν
265 1429 554 1528 Μωυσέως
598 1427 863 1499 διαταγὴν
903 1446 1082 1494 πασας
1124 1426 1220 1493 τὰς
1261 1426 1440 1500 φυλὰς
1490 1430 1586 1499 τῆς
1624 1433 1725 1499 γῆς

120 1514 210 1567 καὶ
243 1534 423 1567 παντα
453 1509 517 1567 τὰ
550 1516 689 1584 ἔθνη
720 1517 1045 1583 θεοσεβεῖν,
1076 1513 1146 1583 ἦν
1179 1517 1356 1568 εἰπεῖν
1385 1510 1467 1569 ὅτι
1500 1509 1591 1568 δια
1630 1515 1726 1583 τῆς

120 1597 411 1660 Μωυσέως
451 1602 785 1667 νομοθεσίας
829 1594 957 1663 τούς
1001 1598 1054 1663 ἐξ
1093 1594 1356 1653 ἁπαντων
1395 1598 1508 1653 τῶν
1539 1598 1725 1652 ἐθνων

119 1677 567 1751 θεοσεβήσαντας
598 1682 690 1735 καὶ
719 1679 816 1736 τὸν
841 1676 1184 1753 Ἰουδαϊσμὸν
1207 1677 1572 1752 ζηλώσαντας,
1590 1679 1724 1752 πρὸς

122 1762 321 1830 αὐτούς
342 1787 400 1820 τε
421 1766 825 1836 γενησομένους
845 1762 981 1820 κατὰ
1000 1762 1097 1820 τὸν
1126 1762 1317 1837 νόμον,
1352 1761 1727 1836 εὐλογηθήσε-

57 1872 98 1905 20
122 1858 257 1905 σθαι
286 1851 355 1922 τῇ
382 1850 484 1905 τοῦ
508 1847 752 1921 Ἀβραὰμ
794 1847 1020 1923 εὐλογία
1060 1846 1403 1922 προηγόρευε
1443 1847 1508 1904 τὰ
1549 1846 1724 1920 λόγια,

122 1936 289 2006 ἐχρῆν
323 1932 385 1988 δὲ
437 1934 530 1989 καὶ
570 1928 710 2006 ἡμᾶς
751 1931 818 1990 τὰ
859 1933 1008 2006 παρὰ
1049 1942 1287 1990 Μωυσεῖ
1329 1935 1725 2006 διατεταγμένα

120 2016 446 2090 φυλάττειν’
491 2019 609 2074 ἐπεὶ
652 2018 712 2075 δὲ
758 2015 860 2074 οὐκ
915 2009 985 2088 ἦν
1026 2016 1059 2090 ἡ
1103 2017 1239 2074 κατὰ
1282 2019 1532 2075 Μωυσέα
1574 2025 1725 2074 πολι-

120 2108 238 2158 τεία
297 2099 632 2173 κατάλληλος
692 2116 806 2168 τοῖς
860 2109 1069 2169 λοιποῖς
1111 2107 1340 2159 ἔθνεσιν
1373 2098 1507 2158 ἀλλ’
1551 2098 1585 2174 ἢ
1626 2101 1728 2174 μό-

122 2210 238 2253 νοις
277 2181 595 2258 Ἰουδαίοις,
638 2188 729 2242 καὶ
769 2184 982 2252 τούτοις
1024 2185 1148 2260 οὐχὶ
1187 2201 1302 2252 τοῖς
1341 2189 1540 2257 πᾶσιν,
1586 2184 1726 2243 ἄλλα

58 2294 99 2326 25
122 2284 234 2338 τοῖς
268 2272 356 2326 ἐπὶ
382 2274 477 2342 τῆς
501 2268 774 2336 Ἰουδαίας
803 2273 903 2343 γῆς
933 2269 1027 2337 τὰς
1054 2270 1337 2344 διατριβὰς
1356 2272 1725 2344 ποιουμένοις,

125 2358 312 2429 ἕτερον
345 2358 510 2427 ἐχρῆν
543 2358 595 2422 ἐξ
627 2353 868 2421 ἅπαντος
891 2350 1200 2427 ὑποστῆναι
1229 2354 1436 2426 τρόπον
1459 2354 1607 2425 παρα
1630 2354 1727 2411 τὸν

123 2440 414 2506 Μωυσέως
454 2437 651 2512 νόμον,
694 2438 829 2496 καθ’
875 2435 940 2496 ὂν
982 2447 1211 2512 ἔμελλον
1253 2442 1483 2512 βιοῦντα
1524 2435 1726 2511 ὁμοίως

124 2547 197 2579 τω
225 2520 469 2597 Ἀβρααμ
513 2548 579 2580 τα
610 2521 744 2580 καθ’
777 2523 907 2596 ’ὅλης
938 2526 1264 2597 οἰκουμένης
1297 2529 1436 2613 ἔθνη
1476 2529 1573 2594 τῆς
1605 2532 1726 2594 ἴσης

126 2606 272 2684 αὐτῷ
306 2606 669 2680 κοινωνήσειν
694 2605 963 2680 εὐλογίας.

63 2717 102 2749 30
254 2703 331 2752 ΙΙΙ.
363 2689 479 2749 Ὅτι
522 2693 582 2749 δε
614 2691 647 2764 ἡ
689 2717 825 2749 κατα
865 2695 1115 2751 ΝΙωυσέα
1158 2689 1387 2764 διαταγὴ
1418 2688 1725 2764 Ἰουδαίοις,

129 2773 198 2842 ὡς
231 2783 401 2849 ἔφην,
444 2778 534 2833 καὶ
559 2775 771 2842 τούτοις
811 2774 935 2849 οὐχὶ
972 2780 1158 2849 πᾶσιν,
1193 2773 1326 2833 οὐδὲ
1367 2775 1471 2851 γὰρ
1512 2791 1624 2843 τοῖς
1669 2781 1727 2833 ἐν

130 2863 403 2936 διασπορᾷ
433 2860 823 2934 τυγχάνουσιν,
856 2859 975 2918 ἀλλ’
1014 2857 1047 2933 ἢ
1090 2861 1276 2934 μόνοις
1309 2876 1422 2927 τοῖς
1469 2859 1570 2932 τὴν
1612 2870 1726 2918 Πα-

1749 1368 1815 1405 (17)
