1992 3186
243 116 350 169 270
922 119 1169 163 EUSEBII

198 257 219 288 d
245 241 324 302 εἰς
362 231 611 292 θάνατον
652 233 1114 306 παραδιδόμενον.
1197 239 1279 291 40.
1316 227 1379 292 εὖ
1420 236 1479 292 δὲ
1521 234 1651 293 καθ’
1687 234 1848 308 ἡμᾶς,

245 315 317 386 ὡς
347 315 381 390 ἡ
411 324 522 375 τῶν
552 316 890 390 πραγμάτων
913 315 1038 386 ὄψις
1062 321 1462 391 ἐπιδείκνυσιν,
1496 326 1572 386 εἰς
1598 318 1700 376 δύο
1729 318 1849 394 τρό-

243 426 381 470 πους
411 407 523 459 τῶν
553 404 678 473 περὶ
719 406 817 458 τοῦ
848 405 1089 475 Χριστοῦ
1129 401 1488 476 προρρήσεων
1531 405 1850 477 διαιρουμέ-

242 512 359 544 νων
389 484 454 542 τά
483 486 584 558 μὲν
614 484 1086 558 ἀνθρωπινώτεροι
1116 488 1209 542 καὶ
1240 485 1550 558 σκυθρωποὶ
1579 487 1717 544 κατὰ
1747 487 1849 559 τὴν

241 573 515 643 προτέραν
545 566 734 641 ἄφιξιν
765 568 940 626 αὐτοῦ
961 574 1361 644 πεπληρῶσθαι
1390 566 1752 643 ὁμολογεῖται,
1784 569 1850 628 τὰ
1871 594 1893 627 5

244 653 293 710 δ’
332 651 657 726 ἐνδοξότερα
704 655 795 709 καὶ
836 652 1092 727 θειότερα
1135 655 1300 711 εἰσέτι
1340 658 1446 711 νῦν
1476 659 1849 728 προσδοκᾶται

241 735 377 794 κατα
407 736 509 809 τὴν
544 739 810 810 δευτέραν
850 735 1022 795 αὐτοῦ
1061 745 1387 810 παρουσίαν.
1458 742 1541 795 41.
1574 735 1850 806 ἀπόδειξις

244 823 304 879 δὲ
344 826 439 893 τῆς
479 824 746 894 προτέρας
788 820 1020 894 ἐναργὴς
1050 820 1083 894 ἡ
1119 825 1170 890 ἐξ
1217 818 1478 879 ἁπάντων
1520 827 1633 880 τῶν
1666 825 1849 880 ἐθνῶν

243 912 321 972 είς
360 911 531 978 ἔργον
561 904 856 979 χωρήσασα
900 905 973 962 δι’
1021 905 1191 963 αὐτοῦ
1234 913 1584 978 θεογνωσία,
1624 903 1694 979 ἣν
1728 911 1846 962 δια-

241 989 426 1064 φόρως
457 997 650 1063 μυρίαι
681 997 1006 1058 θεσπίζουσι
1038 993 1373 1064 προφητικαῖ
1403 993 1616 1062 φωναὶ,
1662 987 1845 1060 ω’σπερ
1870 1013 1915 1044 10

242 1076 344 1131 οὐν
375 1077 467 1130 καὶ
504 1072 538 1146 ἡ
580 1078 869 1147 παροῦσα,
914 1072 987 1130 δι’
1023 1066 1087 1146 ἧς
1119 1072 1365 1147 εἴρηται
1393 1098 1458 1130 ov
1500 1084 1754 1147 εἴπομεν,
1790 1077 1848 1130 ἐν

240 1162 308 1232 τῇ
339 1175 466 1214 σκια
498 1155 667 1215 αὐτοῦ
699 1157 973 1231 ζησόμεθα
1007 1162 1066 1215 ἐν
1095 1173 1208 1224 τοῖς
1240 1165 1444 1215 ἔ.θνεσι
1457 1154 1486 1174 ”

131 1392 220 1434 (191)
542 1363 673 1423 Ἀπὸ
703 1373 797 1438 τῆς
829 1365 1046 1439 πρώτης
1076 1370 1188 1423 τών
1218 1370 1556 1424 Βασιλειῶνι

354 1471 555 1526 Χριστὸς
577 1468 804 1527 ὀνομαστὶ
827 1469 918 1516 ὑπὸ
942 1475 1110 1526 κυρίου
1133 1475 1217 1516 τοῦ
1239 1468 1417 1527 πατρὸς
1438 1467 1725 1527 ὑψούμενος.

359 1572 607 1648 “Κυριος
645 1574 820 1676 ανέβη
863 1582 940 1644 είς
991 1601 1294 1648 ουρανους,
1347 1578 1439 1633 καὶ
1492 1574 1845 1649 εβροντησεν,
1871 1599 1914 1631 15

240 1658 404 1727 αὐτὸς
445 1675 628 1733 κρινει
665 1685 806 1732 ακρα
836 1666 960 1734 γῆς,
1004 1663 1096 1717 καὶ
1130 1659 1294 1717 δώσει
1331 1659 1491 1733 ἰσχὺν
1534 1673 1647 1726 τοῖς
1691 1666 1845 1732 βασι-

240 1747 432 1801 λεῦσιν
461 1743 645 1817 ἡμων,
679 1747 771 1801 καὶ
800 1743 1016 1813 υψώσει
1047 1746 1209 1817 κέρας
1242 1748 1482 1816 Χριστοῦ
1515 1742 1703 1800 αὐτοῦ.

366 1832 450 1885 42.
498 1826 606 1899 Τὴν
639 1835 716 1894 εἰς
747 1827 1022 1901 οὐρανους
1053 1827 1497 1884 αποκαταστασιν
1527 1818 1694 1892 αὖθις
1725 1825 1846 1884 ὀνο-

238 1914 403 1984 μαστὶ
426 1918 524 1968 τοῦ
538 1915 781 1986 Χριστοῦ
802 1909 836 1984 ἢ
859 1915 952 1968 καὶ
969 1915 1111 1968 θεοῦ
1136 1910 1294 1982 λόγος
1322 1914 1638 1983 ἐπινοεῖται,
1662 1909 1764 1982 τήν
1789 1934 1846 1967 τε

241 1994 571 2063 ἐξάκουστον
602 2001 837 2067 βροντῆς
880 2000 1042 2066 δίκην
1075 2000 1151 2061 εἰς
1183 1992 1429 2061 ἅπαντας
1480 1999 1845 2052 διδασκαλίαν
1867 2019 1910 2051 20
1984 2068 1990 2074 1

193 2106 214 2137 b
239 2077 439 2149 αὐτοῦ,
481 2081 572 2134 καὶ
601 2076 704 2150 τὴν
733 2077 867 2150 μετὰ
896 2082 1068 2134 ταῦτα
1099 2081 1476 2151 γενησομένην
1507 2076 1678 2135 αὐτοῦ
1709 2078 1846 2135 κατὰ
1978 2076 1983 2084 ”

238 2183 463 2262 παντωγ
494 2168 680 2236 κρίσιν
710 2160 743 2234 ἡ
775 2169 904 2218 θειά
935 2162 1122 2234 γραφὴ
1153 2168 1417 2231 θεσπίζει.
1473 2165 1594 2233 εξῆς
1629 2163 1689 2218 δε
1718 2160 1845 2218 τού-

232 2269 344 2311 τοις
375 2243 538 2311 αὐτὸς
569 2271 597 2301 ο
631 2245 821 2318 κύριος
863 2245 1065 2302 δώσειν
1107 2245 1266 2318 ίσχυν
1298 2248 1511 2317 λέγεται
1541 2258 1653 2310 τοϊς
1684 2252 1846 2317 βασι-

233 2333 424 2386 λεῦσιν
454 2325 626 2401 ἡμων
683 2330 833 2386 οὑτοι
869 2328 918 2384 δ’
955 2354 1025 2385 αν
1058 2329 1171 2386 εἷεν
1196 2354 1247 2386 οι
1279 2328 1573 2386 απόστολοι
1593 2352 1691 2385 του
1675 2331 1844 2402 Χρι-

233 2417 392 2486 στοῦ,
426 2414 552 2485 περὶ
585 2414 664 2469 ών
697 2420 834 2485 ε’χεις
868 2416 927 2470 ἐν
959 2411 1035 2481 ξζ’
1073 2416 1285 2489 Ψαλμῷ
1323 2411 1416 2468 τὸ
1423 2411 1633 2484 κύριος
1675 2411 1841 2468 δώσει
1864 2434 1906 2466 25

233 2501 377 2570 ῥῆμα
406 2511 519 2563 τοις
552 2494 1049 2569 εῦαγγελιζομένοις
1083 2495 1315 2568 δυνάμει
1346 2493 1577 2569 πολλῇῗ
1619 2499 1702 2552 43.
1738 2520 1842 2553 καν

236 2579 410 2636 τούτω
446 2581 503 2636 δε
516 2585 756 2654 Χριστοῦ
780 2578 1040 2653 ὀνομαστὶ
1065 2579 1419 2653 μνημονεύει,
1451 2583 1549 2636 τοῦ
1578 2603 1715 2636 κατα
1746 2579 1842 2636 τὸν

237 2661 542 2737 ἄνθρωπον
587 2667 894 2737 νοουμένου
934 2668 1176 2737 σωτῆρος
1226 2662 1410 2736 ἡμῶν,
1465 2656 1532 2720 οῦ
1575 2661 1635 2719 τὸ
1679 2665 1840 2736 κέρας

353 2857 404 2895 15
438 2858 473 2894 1.
493 2857 604 2908 Reg.
629 2859 666 2905 ε),
695 2859 759 2897 10.
934 2856 986 2895 :25
1017 2857 1092 2896 Ps.
1115 2857 1181 2906 67,
1210 2858 1256 2894 11
