1946 3158
551 149 858 192 DEMONST.
880 150 1099 192 EVANG.
1122 151 1205 191 III.
1239 153 1276 191 5.
1625 149 1721 199 177

110 286 257 325 σατο.
321 271 403 324 67.
438 263 659 324 κάκεῖνο
703 266 765 323 δὲ
805 269 920 331 πῶς
962 262 1029 322 ού
1061 264 1263 338 μεστὸν
1294 263 1629 337 ἐκπλήξεως,
1661 264 1720 322 τὸ
1745 289 1836 330 (117)

112 351 356 418 πλάνους
387 349 596 425 ἄνδρας
628 352 720 407 καὶ
754 349 993 423 ἰδιώτας,
1026 348 1160 423 μήτε
1185 357 1375 407 λαλεῖν
1397 348 1531 422 μήτε
1554 347 1725 406 ἀκού-

116 460 199 494 ειν
230 438 398 493 πλέον
427 441 523 508 τῆς
555 441 790 508 πατρίου
830 438 1021 508 φωνῆς
1065 436 1488 507 ἐπισταμένους,
1521 434 1594 507 μὴ
1625 433 1720 507 μό-

112 545 213 578 νον
259 523 628 594 διανοηθῆναι
680 523 946 593 τολμῆσαι
997 528 1299 593 προελθεῖν
1346 521 1433 576 ἐπὶ
1472 517 1574 591 τὴν
1611 523 1725 576 τῶν

69 635 90 665 5
115 609 302 663 ἐθνῶν
332 603 595 662 ἁπάντων
626 609 908 678 περίοδον,
940 603 1081 660 ἀλλὰ
1101 605 1193 661 καὶ
1218 602 1596 675 προελθόντας
1630 628 1723 660 κα-

111 693 394 764 τορθῶσαι
436 690 495 746 τὸ
545 689 912 763 ἐπιτήδευμα;
946 691 1146 757 σκέψαι
1171 689 1232 746 δὲ
1261 687 1455 746 ὁποῖόν
1489 691 1600 745 ἐστι
1631 690 1722 745 καὶ

111 774 171 831 τὸ
215 777 427 847 μηδένα
467 777 725 847 μηδαμοῦ
768 772 1055 846 διάφωνον
1096 777 1403 845 ἐξενεγκεῖν
1444 775 1568 846 περὶ
1612 777 1724 830 τῶν

111 859 365 932 πράξεων
414 863 511 915 τοῦ
546 857 729 931 Ἰησοῦ
757 856 937 930 λόγον.
1025 862 1108 914 (38.
1144 863 1195 914 εἰ
1232 856 1336 931 γὰρ
1379 859 1467 914 ἐπὶ
1499 855 1725 915 πάντων

111 940 611 1016 άμφιγνοουμένων
641 939 979 1017 πραγμάτων
1010 948 1071 999 ἔν
1109 966 1167 999 τε
1209 956 1322 1008 τοῖς
1354 940 1491 999 κατὰ
1522 940 1724 1015 νόμους

48 1057 88 1088 ιο
113 1032 485 1101 δικαστηρίοις
527 1029 617 1084 καὶ
651 1030 710 1085 ἐν
749 1040 868 1092 ταῖς
900 1040 1110 1094 κοιναῖς
1141 1025 1582 1100 άμφισβητήσεσι
1613 1030 1722 1084 τῶν
1752 1050 1771 1082 b

110 1110 409 1185 μαρτύρων
439 1117 740 1185 συμφωνία
771 1124 937 1185 κυροῖ
963 1109 1021 1168 τὸ
1052 1108 1566 1185 άμφιγνοούμενον,
1594 1107 1622 1129 “
1635 1113 1719 1168 ἐπὶ

112 1195 376 1270 στόματος
410 1194 461 1253 δ’
498 1189 602 1255 οὖν
626 1194 729 1254 δύο
759 1198 851 1253 καὶ
875 1199 1045 1269 τριῶν
1067 1194 1368 1270 μαρτύρων
1398 1203 1722 1253 συνίσταται.

112 1283 224 1337 πᾶν
264 1277 473 1355 ῥῆμα”,
519 1284 634 1347 πῶς
675 1278 778 1338 οὐκ
819 1277 891 1340 ἂν
919 1276 952 1353 ἡ
1001 1278 1237 1353 ἀλήθεια
1281 1282 1374 1337 καὶ
1417 1283 1505 1338 ἐπὶ
1546 1283 1725 1338 τῶνδε

113 1372 364 1437 συσταίη,
399 1363 616 1422 δώδεκα
640 1366 743 1438 μὲν
765 1363 945 1422 ὄντων
968 1362 1310 1438 ἀποστόλων,
1344 1365 1725 1439 ἑβδομήκοντα

51 1477 91 1510 ι5
115 1449 176 1505 δὲ
206 1451 504 1521 μαθητῶν,
536 1455 740 1523 μυρίου
770 1472 828 1506 τε
858 1448 1111 1522 πλήθους
1135 1449 1347 1508 τούτων
1373 1449 1550 1523 ἐκτὸς,
1583 1449 1727 1508 πάν-

112 1556 224 1590 των
246 1532 936 1607 θαυμαστὴν,συμφωνίαν
958 1537 1443 1608 ἐπιδεδειγμένων,
1476 1537 1569 1591 καὶ
1590 1559 1725 1608 μαρ-

111 1616 471 1691 τυρησάντων
494 1642 557 1689 γε
576 1631 688 1684 τοῖς
712 1614 821 1675 ὑπὸ
851 1620 950 1675 τοῦ
963 1616 1144 1690 Ἰησοῦ
1166 1620 1589 1691 πεπραγμένοις,
1622 1617 1726 1676 οὐκ

115 1698 401 1775 άνιδρωτὶ,
436 1702 527 1759 διὰ
555 1703 615 1759 δὲ
638 1691 904 1774 βασάνων
924 1698 1206 1776 ὑπομονῆς
1230 1706 1322 1760 καὶ
1343 1701 1520 1776 πάσης
1545 1709 1726 1769 αἰκίας

111 1788 201 1843 καὶ
233 1785 513 1859 θανάτου,
546 1789 637 1844 καὶ
670 1789 759 1844 ἐπὶ
790 1791 959 1844 πᾶσιν
999 1783 1108 1845 ὑπὸ
1138 1791 1239 1845 τοῦ
1267 1794 1406 1845 θεοῦ
1447 1811 1725 1863 μαρτυρη-

47 1899 90 1935 20
110 1873 360 1944 θέντων,
393 1868 453 1938 ὃς
483 1869 580 1929 τὸν
615 1870 706 1929 ὑπ’
744 1868 931 1929 αὐτῶν
961 1875 1406 1945 καταγγελθέντα
1449 1871 1719 1945 λόγον’ἔτι
1755 1905 1772 1926 c

112 1958 202 2012 καὶ
233 1958 340 2013 νῦν
371 1958 463 2013 καὶ
496 1962 574 2023 εἰς
603 1953 735 2014 ὅλον
765 1957 861 2014 τὸν
891 1961 1068 2014 αι’ὦνα
1098 1955 1384 2029 κρατῦνει;

238 2045 320 2096 69.
364 2044 547 2098 Ταῦτα
587 2042 688 2114 μὲν
728 2034 831 2099 οῦν
873 2038 1042 2114 ἀρχῆς
1085 2041 1294 2099 ἀτόπου
1337 2040 1474 2099 κατὰ
1506 2041 1726 2115 συγχώ-

112 2143 273 2197 ρησιν
306 2129 567 2198 δοθείσης
597 2123 987 2198 γεγυμνάσθω.
1050 2123 1110 2182 τὸ
1142 2126 1247 2199 γὰρ
1277 2140 1392 2193 τοῖς
1426 2124 1724 2199 ἐγγράφοις

110 2208 373 2266 τάναντία
403 2205 731 2282 ὑπολαβεῖν,
764 2212 855 2267 καὶ
887 2209 1061 2283 φάναι
1092 2209 1188 2268 τὸν
1213 2208 1427 2283 Ἰησοῦν
1459 2210 1722 2268 διδάσκα-

47 2317 91 2350 25
113 2300 211 2351 λον
239 2296 528 2366 γεγονέναι
567 2293 639 2367 μὴ
681 2293 991 2368 σωφρόνων
1021 2294 1230 2367 λόγων,
1274 2292 1494 2362 ἀδικίας
1539 2296 1600 2352 δὲ
1631 2298 1722 2352 καὶ

111 2383 428 2446 πλεονεξίας
472 2382 563 2436 καὶ
607 2379 785 2452 πάσης
831 2377 1157 2452 ἀκολασίας,
1204 2378 1331 2445 τούς
1373 2404 1429 2438 τε
1471 2378 1723 2452 μαθητὰς

112 2460 284 2519 αὐτοῦ
293 2467 519 2521 τοιαῦτα
533 2462 664 2536 παρ’
699 2462 871 2522 αὐτοῦ
894 2467 1329 2537 δεδιδαγμένους
1352 2465 1723 2534 παντορέκτας

110 2551 397 2618 γεγονέναι
429 2551 521 2604 καὶ
551 2547 950 2622 παμπονήρους
980 2552 1093 2606 τῶν
1131 2547 1351 2605 πώποτε
1383 2546 1722 2622 ἀνθρώπων,

113 2632 242 2688 καθ’
279 2631 556 2690 ὑπόθεσιν
596 2635 728 2706 ἡμῖν
773 2647 1167 2707 συνεχωρεῖτο·
1228 2630 1364 2705 ὅπερ
1410 2625 1480 2704 ἧν
1520 2630 1724 2698 παντὸς

48 2736 92 2771 30
114 2711 484 2789 ἀτοπώτατον,
516 2715 706 2791 ὅμοιον
731 2714 804 2784 ὥς
830 2723 879 2775 εἰ
900 2719 990 2774 καὶ
1025 2718 1276 2784 Μωσέως
1310 2721 1369 2774 ἐν
1391 2730 1505 2784 τοῖς
1537 2715 1725 2791 νόμοις

230 2909 279 2946 11
312 2908 449 2948 Deut.
470 2911 534 2958 19,
561 2913 625 2951 15.
689 2913 728 2950 2.
754 2911 856 2951 Cor.
883 2914 949 2962 13,
978 2913 1014 2951 1.

200 2989 428 3018 Ecsssmrs
464 2993 538 3020 111.
1367 2981 1430 3032 12
