1992 3186
228 101 334 153 408
901 102 1150 143 EUSEBJI

231 215 439 289 Σαρων
478 216 634 274 τόποι
673 219 785 273 τῶν
834 213 1169 288 ἀλλοφύλων
1211 213 1464 291 ὑπῆρχον
1513 222 1712 277 ἐθνῶν.
1788 224 1833 276 7.

229 306 401 358 ταῦτα
431 301 532 372 μὲν
563 294 664 357 οὖν
687 293 821 371 πρὸς
854 303 1027 368 λέξιν·
1060 303 1151 357 καὶ
1184 302 1322 358 κατὰ
1344 301 1598 361 διάνοιαν
1630 304 1690 359 δὲ
1721 309 1838 360 εἰσ-

232 389 311 442 έτι
355 383 595 456 σήμερον
649 390 707 441 οἱ
750 386 885 455 πρὶν
933 384 1026 450 τὰς
1068 383 1247 458 ψυχας
1289 390 1706 460 πεπηρωμένοι,
1763 385 1836 453 ὥς

118 493 205 535 [187]
234 468 368 537 ξύλα
414 471 501 523 καὶ
544 474 740 533 λίθους
782 471 874 525 καὶ
913 468 1014 540 τὴν
1054 469 1254 541 λοιπὴν
1292 467 1508 544 ἄψυχον
1536 469 1679 543 ὕλην
1713 476 1838 527 δαί-

182 577 202 607 a
230 552 398 625 μονάς
439 575 498 608 τε
538 560 852 625 περιγείους
891 555 983 609 καὶ
1025 552 1310 626 πνεύματα
1341 554 1555 627 πονηρὰ
1584 553 1708 612 ἀντὶ
1739 559 1839 612 τοῦ
1860 579 1881 612 5

229 639 370 693 θεοῦ
407 642 519 693 τῶν
558 634 705 693 όλων
735 651 1103 709 προσκυνεῖν,
1145 643 1203 695 οἳ
1236 662 1295 695 τε
1334 637 1400 694 τά
1442 663 1552 695 ωτα
1591 642 1685 711 τῆς
1718 643 1832 695 δια-

229 727 384 788 νοίας
438 724 832 794 κεκωφωμένοι
891 725 982 778 καὶ
1036 721 1323 790 σκαζοντες
1380 724 1471 779 καὶ
1519 725 1839 796 παρειμένοι

229 804 325 863 τὸν
366 804 546 863 πάντα
591 809 983 878 ἑαυτῶν,βίον
1021 804 1233 863 τούτων
1279 805 1542 864 ἁπάντων
1593 809 1685 863 καὶ
1727 810 1840 864 τῶν

228 888 413 947 ἄλλων
442 894 646 947 παθῶν
675 915 734 947 τε
764 893 855 947 καὶ
885 888 1331 963 ἀρρωστημάτων
1361 890 1452 948 διὰ
1481 895 1576 964 τῆς
1605 895 1704 948 τοῦ
1735 909 1839 948 σω-

229 978 392 1046 τῆρος
438 973 594 1046 ἡμων
625 972 807 1046 Ἰησοῦ
846 981 1088 1047 Χριστοῦ
1130 980 1490 1041 διδασκαλίας
1542 977 1706 1033 εἰσέτι
1746 978 1838 1032 καὶ
1859 1000 1901 1032 10

228 1063 337 1115 νῦν
378 1056 844 1130 απαλλαττονται,
897 1059 1039 1116 πολὺ
1078 1065 1390 1131 κρείττονος
1429 1085 1463 1132 η
1506 1083 1643 1116 κατα
1683 1080 1839 1133 σωμα

232 1142 428 1208 ίασεως
460 1145 551 1199 καὶ
583 1139 853 1215 ωφελείας
884 1142 1227 1216 ἀξιούμενοι,
1259 1146 1350 1200 καὶ
1381 1150 1476 1216 τῆς
1510 1149 1587 1210 εἰς
1617 1141 1839 1217 ανθρώ-

230 1249 368 1294 πους
398 1232 496 1284 τοῦ
539 1232 680 1284 θεοῦ
725 1227 893 1300 λόγου
937 1234 1243 1298 παρουσίας
1290 1231 1494 1300 ἐναργῆ
1534 1227 1637 1299 τὴν
1673 1235 1840 1285 θείαν

231 1314 322 1368 καὶ
352 1310 494 1382 ὑπὲρ
525 1309 832 1383 ἄνθρωπον
864 1311 1105 1385 δύναμιν
1137 1311 1594 1384 ἐπιδεικνύμενοι.

117 1526 203 1565 (302)
794 1492 927 1551 Ἀπὸ
958 1497 1056 1550 τοῦ
1085 1492 1272 1550 αὐτοῦ.
1862 1523 1904 1555 15

180 1637 202 1665 b
376 1617 522 1666 XXII.
560 1601 798 1663 “”Axovs'
833 1629 940 1679 μου
976 1602 1171 1677 Ἰακώβ
1210 1608 1301 1662 καὶ
1335 1604 1581 1679 Ἰσραὴλ,
1624 1603 1689 1663 ὃν
1734 1605 1839 1678 ε’γώ

229 1693 380 1746 καλε-5
396 1706 404 1714 ·
456 1688 562 1762 ἐγώ
596 1696 704 1762 εἰμι
737 1694 983 1762 πρῶτος,
1016 1693 1106 1746 καὶ
1141 1688 1248 1762 ἐγώ
1274 1696 1382 1763 εἰμι
1408 1696 1484 1756 εἰς
1515 1688 1612 1747 τὸν
1643 1693 1836 1762 αἰῶνα,

230 1776 322 1830 καὶ
361 1773 394 1845 ἡ
435 1781 551 1847 χείρ
605 1798 712 1846 μου
766 1778 1100 1847 ἐθεμελίωσε
1137 1774 1239 1846 τὴν
1278 1780 1412 1846 γῆν,
1466 1772 1499 1845 ἡ
1545 1772 1694 1840 δεξιά
1731 1797 1839 1846 μου

232 1860 526 1930 ἐστερέωσε
565 1859 662 1914 τὸν
701 1856 998 1930 οὖρανόν.”
1071 1860 1163 1913 καὶ
1208 1860 1455 1929 ἐπιφέρει
1496 1859 1675 1928 λέγων
1708 1853 1834 1913 “nal

230 1945 338 1999 νῦν
367 1941 555 2014 κύριος
586 1941 771 2014 κύριος
802 1939 1111 1998 ἆπὲσταλκέ
1136 1963 1204 2013 με
1242 1943 1333 1996 καὶ
1374 1939 1433 1997 τὸ
1475 1944 1694 2014 πνεῦμα
1735 1940 1837 1998 αὖ·
1860 1963 1903 1996 20

231 2022 388 2082 τοῦ.”

344 2107 521 2180 ’Έχεις
561 2106 851 2164 κάνταῦθα
891 2106 1086 2177 κύριον
1115 2107 1211 2164 τὸν
1242 2107 1716 2182 ἀποστελλόμενον
1746 2111 1839 2166 καὶ

229 2189 326 2249 τὸν
355 2189 788 2264 ἀποστέλλοντα,
833 2190 1047 2264 δηλαδὴ
1077 2192 1173 2250 τὸν
1203 2195 1410 2264 πατέρα
1441 2195 1532 2249 καὶ
1561 2193 1698 2250 θεὸν
1727 2195 1840 2250 τῶν

232 2274 408 2349 ὅλων,
441 2274 704 2348 συνήθως
737 2279 821 2342 δὶς
853 2275 1047 2347 κύριον
1077 2273 1493 2348 ὀνομαζόμενον.

799 2455 927 2515 Ἀπὸ
958 2461 1057 2514 τοῦ
1089 2453 1275 2513 αὐτοῦ.
1857 2479 1900 2512 25

379 2581 544 2630 XXIII.
586 2566 787 2627 “()ῧτω
829 2573 975 2642 λέγει
1006 2567 1221 2641 κύριος,
1269 2583 1429 2626 ποῖον
1458 2574 1618 2625 τοῦτο
1657 2566 1717 2625 τὸ
1748 2574 1837 2639 βι-

186 2682 207 2713 d
233 2660 393 2724 βλίον
433 2659 529 2710 τοῦ
567 2653 907 2711 ἀποστασίου
946 2657 1039 2727 τῆς
1078 2651 1279 2726 μητρὸς
1318 2649 1509 2725 ὑμῶν,
1557 2644 1601 2729 ᾦ
1645 2655 1838 2719 ἐξαπέ-

349 2846 399 2884 1ss
431 2847 688 2886 Es.48.1·2.
863 2849 914 2887 26
947 2847 1178 2896 Es.50,1.
