1946 3158
561 131 865 173 DEMONST.
896 131 1112 173 EVANG.
1143 132 1178 175 1.
1211 135 1251 173 3.
1650 131 1721 184 15

109 246 288 306 τάττει
322 248 413 304 καὶ
444 252 648 314 θυσίας
688 252 764 323 τῷ
806 251 922 324 θεῷ
982 249 1350 321 προσφέρειν,
1392 249 1569 320 λέγων
1615 246 1714 304 οὕ-

109 356 215 399 τως
231 330 362 389 “nal
389 329 620 438 ἐλάλησε
653 329 842 404 κύριος
873 329 1009 405 πρὸς
1034 335 1312 403 Μωυσῆν,
1344 334 1522 403 λέγων
1547 330 1717 404 λάλη-

110 425 280 489 λησον
328 429 441 483 τοῖς
481 420 624 482 υἱοῖς
669 413 912 489 Ἰσραὴλ,
963 417 1055 473 καὶ
1107 419 1248 488 ε’ρεῖς
1299 413 1435 490 πρὸς
1492 414 1717 489 αὐτούς,

108 498 252 573 γυνὴ
299 499 417 573 ἥτις
470 498 565 556 ἐάν
613 505 998 575 σπερματισθῇ
1050 502 1141 557 καὶ
1185 505 1313 575 τέκῃ
1357 497 1532 574 ἄρσεν
1581 499 1718 558 ἀκά-

64 611 86 642 5
109 595 313 660 θαρτος
346 591 497 642 ἔσται
530 582 664 641 ἑπτα
689 580 922 659 ἡμέραςῖ

234 674 283 727 5.
318 668 456 727 Εἶτα
495 667 697 742 μεταξύ
738 692 863 726 τινα
903 668 1076 726 εἰπὼν
1119 671 1368 743 ἐπιφέρει
1405 664 1436 688 ‘
1456 670 1546 726 καὶ
1580 668 1718 726 ὅταν

107 757 486 829 πληρωθῶσιν
517 758 575 810 αἱ
605 749 804 826 ἡμέραι
835 751 1161 827 καθάρσεως
1193 750 1364 825 αὐτῆς
1398 749 1483 826 ἐφ’
1530 758 1635 830 υἶςό
1677 749 1715 827 ἢ

109 840 196 895 ἐπὶ
227 839 488 911 θυγατρὶ,
520 844 803 913 προσοίσει
835 835 1012 911 ἀμνὸν
1044 836 1325 895 ἐνιαύσιον
1358 843 1435 904 εἰς
1475 836 1718 912 ὁλοκάρ-

107 946 288 997 πωμα,
319 924 412 980 καὶ
443 921 676 980 νεοσσὸν
707 924 1032 996 περιστερᾶς
1066 917 1360 995 ἢτρυγόνα
1383 924 1508 995 περὶ
1532 918 1714 996 ἆμαρ-

41 1033 85 1064 10
107 1014 242 1080 τιάς,
276 1009 365 1065 ἐπὶ
393 1007 496 1080 τὴν
526 1005 708 1079 θύραν
742 1011 837 1079 τῆς
865 1009 1070 1079 σκηνῆς
1101 1011 1198 1064 τοῦ
1238 1013 1546 1080 μαρτυρίου
1577 1006 1715 1079 πρὸς

106 1091 201 1150 τὸν
241 1095 389 1165 ιερέα
421 1097 705 1198 προσοίσει
749 1089 887 1148 αὐτὰ
930 1098 1116 1149 ἔναντι
1161 1097 1374 1165 κυρίου.
1467 1093 1558 1147 καὶ
1605 1093 1714 1159 ἐξι-

107 1174 328 1235 λάσεται
359 1178 485 1247 περὶ
517 1174 685 1249 αὐτῆς
716 1172 744 1232 ὁ
772 1175 972 1248 ἱερεὺς,
1004 1178 1095 1233 καὶ
1118 1185 1380 1249 καθαριεῖ
1404 1172 1581 1248 αὐτὴν
1604 1173 1715 1232 ἀπὸ

105 1263 200 1333 τῆς
250 1263 426 1334 πηγῆς
473 1266 571 1318 τοῦ
610 1265 835 1334 αἵματος
881 1257 1067 1332 αυτῆς.
1142 1261 1302 1326 οὑτος
1343 1256 1370 1317 ὁ
1412 1258 1576 1333 νόμος
1617 1264 1716 1333 τῆς

108 1343 394 1417 τικτούσης
424 1341 594 1416 ἄρσεν
625 1369 658 1418 η
689 1343 882 1417 θῆλυῘ

18 1455 85 1492 315
237 1433 283 1485 6.
301 1426 418 1486 ”En
449 1426 583 1500 πρὸς
623 1427 834 1495 τούτοις
866 1428 894 1486 ὁ
927 1427 1091 1496 αὐτὸς
1124 1431 1216 1486 καὶ
1240 1428 1336 1486 τὸν
1366 1425 1472 1486 άπὸ
1507 1427 1716 1502 κήδους

106 1515 199 1569 καὶ
223 1516 437 1586 νεκρῶν
459 1515 672 1586 ἐπαφῆς
697 1511 1020 1586 προστάττει
1043 1511 1116 1586 μὴ
1138 1511 1315 1580 ἄλλως
1336 1521 1710 1586 καθαίρεσθαι

105 1593 138 1668 ἢ
163 1595 254 1653 διά
284 1621 431 1662 τινος
457 1600 668 1654 σποδοῦ
695 1596 999 1670 δαμάλεως,
1034 1593 1124 1670 ἐφ’
1150 1596 1300 1663 ὅλαις
1322 1593 1548 1670 ἡμέραις
1575 1595 1713 1653 ἑπτὰ·

103 1687 214 1738 τῶν
249 1679 520 1753 συνήθων
560 1678 890 1739 ἀποστάντα.
957 1687 1004 1738 .7
1040 1683 1185 1753 λέγει
1227 1687 1365 1753 γοῦν
1389 1677 1417 1700 “
1436 1683 1527 1737 καὶ
1560 1686 1713 1738 ἔσται

7 1806 24 1825 ,,
104 1779 216 1832 τοῖς
280 1770 424 1832 υἱοῖς
473 1763 690 1839 Ἰσραὴλ
753 1766 845 1821 καὶ
895 1779 1008 1832 τοῖς
1069 1766 1483 1840 προσκειμένοις
1543 1785 1708 1839 προσ-

7 1875 84 1907 ‘20
107 1848 324 1923 ηλύτοις
367 1853 426 1907 ἐν
470 1850 619 1927 μέσῳ
661 1846 847 1906 αὐτῶν
887 1848 1122 1923 νόμιμον
1162 1848 1403 1907 αἰώνιον.
1471 1848 1499 1906 ὁ
1541 1847 1711 1906 ἁπτό-

105 1959 268 2008 μενος
294 1937 392 1992 τοῦ
422 1933 755 2007 τεθνηκότος
787 1932 965 2007 πάσης
1005 1936 1183 2008 ψυχῆς
1223 1930 1529 2007 ἀνθρώπου
1578 1930 1709 1990 ἀκά-

106 2029 310 2092 θαρτος
345 2025 494 2076 ἔσται
529 2016 663 2076 ἑπτὰ
703 2017 934 2093 ἡμέρας·
985 2014 1383 2092 ἆγνισθήσεται
1421 2022 1488 2094 τῇ
1533 2014 1799 2094 ἡμέρᾳωο)

105 2110 169 2178 τῇ
181 2110 337 2177 τρίτῃ
363 2105 453 2160 καὶ
473 2106 540 2178 τῇ
564 2102 772 2176 ἑβδόμῃ
797 2100 1300 2176 καθαρισθήσεται·
1344 2108 1390 2160 8.
1422 2103 1517 2161 ε’άν
1553 2104 1612 2160 δὲ
1636 2103 1709 2176 μὴ

24 2241 25 2244 ,
106 2185 430 2262 άφαγνισθῇ
453 2190 519 2261 τῇ
544 2186 717 2262 ἡμέρᾳ
741 2190 806 2262 τῇ
825 2194 980 2261 τρίτῃ
997 2189 1086 2244 καὶ
1101 2191 1166 2262 τῇ
1190 2188 1417 2261 ἑβδόμῃ,
1440 2185 1506 2245 οὐ
1534 2197 1708 2244 καθα-

38 2299 83 2331 25
106 2271 198 2345 ρὸς
213 2277 375 2329 ἔσται.
417 2268 880 2344 πᾶςὸἁπτόμενος
909 2274 1009 2329 τοῦ
1042 2271 1373 2344 τεθνηκότος
1400 2268 1506 2329 άπὸ
1531 2276 1710 2345 ψυχῆς

105 2353 432 2430 ἀνθρώπου,
461 2355 556 2414 ἐὰν
582 2353 844 2431 ἀποθάνῃ
868 2355 1045 2429 καὶμὴ
1059 2352 1302 2431 ἆγνισθῇ
1320 2401 1333 2428 ,
1365 2356 1466 2430 τὴν
1498 2355 1712 2428 σκηνὴν

105 2445 202 2499 τοῦ
214 2445 521 2515 μαρτυρίου
534 2444 631 2498 τοῦ
643 2447 840 2514 κυρίου
857 2443 1095 2514 ἐμίανεν.
1125 2439 1498 2514 ἐκτριβήσεται
1512 2438 1544 2512 ἡ
1560 2438 1713 2513 ψυχὴ

107 2529 290 2599 ἐκείνη
306 2528 357 2593 ἐξ
373 2524 608 2599 Ἰσραὴλ,
640 2522 722 2583 ὅτι
737 2523 891 2600 ὕδωρ
914 2528 1216 2599 ῥαντισμοῦ
1238 2523 1303 2582 οὐ
1326 2530 1711 2598 περιερραντί-

106 2619 217 2682 σθη
245 2606 331 2667 ἐπ’
360 2608 559 2667 αὐτόν·
593 2607 907 2683 ἀκάθαρτος
935 2611 1099 2682 ἐστιν,
1122 2607 1440 2682 ἀκαθαρσία
1465 2605 1710 2684 ἐπάὐτῷ

39 2722 84 2754 30
109 2700 272 2752 ἔσται.
317 2700 363 2751 9.
381 2686 646 2761 καὶοῦτος
668 2692 900 2767 ὁνόμος·
934 2691 1231 2766 ἅνθρωπος
1257 2691 1352 2750 ἐὰν
1375 2691 1634 2765 ἀποθάνῃ
1649 2695 1711 2749 ἐν

218 2890 242 2929 2
277 2892 322 2929 et
353 2891 376 2930 6
407 2889 559 2933 Lavit,
587 2890 651 2940 12,
678 2892 714 2928 1.
748 2891 787 2939 5,
812 2889 849 2927 6.
1028 2889 1078 2928 18
1110 2889 1237 2928 Num.
1265 2889 1330 2939 19,
1358 2890 1422 2929 10.
