1992 3186
537 131 846 175 DEMONST.
878 132 1101 174 EVANG.
1133 133 1184 174 V.
1219 134 1285 173 19.
1617 131 1721 184 339

114 253 293 322 σμίων
332 248 426 304 καὶ
464 245 797 320 πνευμάτων
836 245 1115 320 ἀοράτων,
1155 243 1407 319 ἀγγέλων
1445 271 1504 304 τε
1543 252 1722 305 θείων

113 334 204 388 καὶ
235 328 591 405 ἄρχαγγέλων
619 338 695 408 τῷ
727 338 1069 404 παμβασιλεῖ
1104 333 1197 388 καὶ
1226 330 1572 404 πανηγεμόνι
1602 335 1722 408 θεῷ

113 414 611 489 λειτουργούντων,
644 413 781 472 κατὰ
810 413 870 472 τὸ
903 418 1194 490 εἰρημένον
1223 415 1372 488 παρὰ
1401 418 1478 492 τῷ
1500 413 1721 488 Δανιὴλ

105 495 314 574 “χίλιαι
342 500 586 574 χιλιάδες
619 498 1004 574 ἐλειτούργουν
1027 495 1195 577 αὐτῷ,
1227 501 1318 556 καὶ
1342 499 1535 573 μύριαι
1556 525 1721 601 μυρι-
1744 535 1762 557 e

69 610 90 643 5
113 583 244 652 άδες
286 581 746 659 παρειστήκεισαν
786 589 1104 657 ἔμπροσθεν
1146 581 1376 655 αὕτοῦ,”
1424 580 1452 640 ὁ
1494 582 1720 641 πάντων

110 667 373 726 ἀνωτάτω
412 674 494 734 τίς
535 663 606 725 ἂν
646 672 860 740 γένοιτο
903 670 1087 742 ε’τερος
1118 671 1215 724 τοῦ
1254 671 1396 726 θεοῦ
1427 668 1596 766 λόγου
1627 670 1719 725 καὶ

108 756 205 825 τῆς
243 750 594 827 πρωτοτόκου
635 758 833 825 σοφίας
876 775 975 809 του
1012 776 1071 809 τε
1113 755 1314 809 ἐνθέου
1344 751 1717 825 γεννήματοςς

113 835 336 903 εἰκότως
366 834 474 910 ἄρα
505 838 598 893 καὶ
627 833 1057 910 ἀρχιστράτηγος
1083 833 1371 909 δυνάμεως
1397 843 1597 910 κυρίου
1628 840 1719 894 ἐπὶ

108 926 206 978 τοῦ
236 919 507 994 παρόντος
538 917 850 992 ἀνείρηται,
884 915 957 987 ὥς
988 923 1081 977 καὶ
1110 919 1349 993 μεγάλης
1380 924 1588 992 βουλῆς
1619 919 1720 992 ἅγ-

44 1030 87 1062 10
109 1012 266 1077 γελος
298 1009 358 1062 ἐν
391 1007 613 1078 ἑτέροις,
645 1006 738 1061 καὶ
768 1002 1082 1078 σύνθρονος
1111 1007 1210 1061 τοῦ
1239 1004 1462 1077 πατρὸς,
1494 1004 1720 1072 αἰώνιός

106 1113 166 1146 τε
195 1090 288 1145 καὶ
328 1092 497 1162 μέγας
537 1085 837 1163 ἀρχιερεύς.
907 1093 957 1146 4.
991 1089 1377 1146 ἀποδέδεικται
1421 1087 1532 1145 δε
1512 1087 1594 1145 ότι
1626 1091 1720 1145 καὶ

105 1171 296 1247 κύριος
326 1174 418 1229 καὶ
449 1170 581 1239 θεὸς
603 1171 631 1229 ὁ
657 1169 841 1245 αὐτὸς,
873 1174 967 1230 καὶ
988 1172 1223 1246 Χριστὸς
1254 1168 1363 1229 υπὸ
1386 1175 1486 1230 τοῦ
1515 1171 1719 1247 πατρὸς

108 1259 274 1333 ἐλαίω
306 1253 683 1329 αγαλλιάσεως
699 1259 1083 1364 κεχρισμένος.
1126 1261 1201 1333 τῷ
1225 1281 1327 1330 μεν
1347 1249 1449 1314 οὖν
1473 1255 1715 1331 Ἀβραὰμ
1740 1281 1763 1314 d

106 1340 256 1413 παρὰ
284 1346 353 1413 τῇ
384 1345 517 1414 δρυῖ
551 1342 746 1412 φανεὶς
779 1344 839 1398 ἐν
872 1315 1181 1414 ανθρώπού
1206 1346 1344 1398 εῖδει
1367 1345 1590 1417 γαληνω
1621 1343 1715 1398 καὶ

43 1448 85 1481 15
108 1430 370 1500 εἰρηναίω
401 1422 634 1497 σχήματι
663 1422 862 1481 ἑαυτὸν
890 1423 1278 1495 ὑποδείκνυσι,
1307 1423 1412 1496 τὴν
1442 1423 1717 1497 σωτήριον

108 1514 186 1575 εἰς
216 1505 553 1582 ἀνθρώπους
576 1504 747 1565 αὑτοῦ
770 1514 1082 1582 παρουσίαν
1108 1511 1161 1575 ἐξ
1187 1511 1402 1565 ἐκείνου
1426 1531 1716 1582 προοιμια-

105 1590 355 1666 ζόμενος,
387 1595 464 1668 τῷ
496 1592 557 1648 δὲ
580 1590 776 1664 Ἰακώβ
793 1637 807 1664 ,
841 1588 914 1659 ὡς
943 1590 1156 1665 ἀσκητῇ
1178 1593 1270 1648 καὶ
1302 1589 1582 1666 ἀγωνιστῇ
1613 1615 1714 1649 πα-

105 1682 286 1732 λαίειν
324 1674 459 1749 πρὸς
501 1674 737 1750 ἐχθρούς
767 1677 860 1732 καὶ
890 1673 1263 1748 ἀγωνίζεσθαι
1302 1678 1584 1748 μέλλοντι,
1624 1673 1713 1734 οἷα

104 1757 434 1834 ἅνθρωπος,
478 1767 683 1817 Μωσεῖ-
722 1760 784 1817 δὲ
824 1762 918 1816 καὶ
947 1766 1022 1836 τῷ
1054 1763 1171 1836 λαῷ
1202 1763 1262 1817 ἐν
1307 1766 1443 1817 εἴδει
1474 1762 1714 1833 νεφέλης

41 1867 84 1902 20
105 1845 197 1901 καὶ
227 1841 403 1918 πυρὸς
431 1854 756 1917 καθηγεῖτο,
789 1842 1034 1918 φοβερὸν
1062 1842 1201 1917 ὁμοῦ
1231 1847 1323 1901 καὶ
1356 1847 1710 1917 ἐπεσκιασμέ-

103 1951 205 1985 νον
233 1930 491 2002 παρέχων
520 1926 736 1985 ἑαυτόν.
798 1932 846 1986 5.
884 1930 1000 1986 ἐπεὶ
1033 1929 1093 1985 δὲ
1123 1926 1152 1985 ὃ
1184 1931 1283 1985 τοῦ
1309 1931 1562 1995 Μωσέως
1597 1927 1712 1985 διά-

105 2017 264 2085 δοχος
299 2009 502 2085 Ἰησοῦς
542 2018 823 2086 πολεμίοις
865 2019 1058 2085 ἔμελλε
1109 2011 1557 2086 παρατάττεσθαι
1598 2027 1712 2079 τοῖς

102 2094 164 2153 τὸ
204 2098 338 2170 πρὶν
378 2102 773 2154 Παλαιστίνων
823 2100 922 2169 γῆς
974 2095 1322 2170 οἰκήτορσιν,
1376 2095 1711 2170 ἀλλοφύλοις

103 2185 294 2237 ἔθνεσι
309 2181 400 2237 καὶ
417 2177 823 2253 ασεβεστάτοις,
844 2179 1064 2247 εἰκότως
1089 2205 1223 2254 μετα
1247 2185 1521 2254 ῥομφαίας
1546 2185 1710 2238 ἐσπα-

38 2284 83 2318 25
103 2266 305 2337 σμένης
335 2267 427 2321 καὶ
459 2265 595 2322 κατὰ
634 2288 746 2322 των
785 2272 1063 2338 πολεμίων
1092 2262 1434 2338 ηκονημένης
1463 2261 1710 2338 ὑποφαί-

103 2370 282 2420 νεται,
322 2351 619 2422 μονονουχὶ
662 2348 755 2405 διὰ
792 2353 887 2421 τῆς
928 2347 1105 2419 ὅψεως
1159 2347 1475 2415 ἐπιδεικνὺς
1517 2347 1598 2405 ὅτι
1639 2346 1708 2418 δὴ

104 2428 267 2498 αὐτὸς
306 2431 521 2509 ἀοράτῳ
562 2437 807 2509 ῥομφαία
839 2434 1018 2509 ε’νθέςο
1058 2431 1290 2505 δυνάμει
1320 2432 1448 2499 τοὺς
1485 2429 1704 2503 ἀσεβεῖς
1727 2456 1821 2498 (247)

104 2516 347 2586 μετιέναι
385 2523 606 2590 ἔμελλε,
645 2531 760 2583 τοῖς
802 2523 1024 2582 οἰκείοις
1067 2514 1571 2590 συστρατευόμενος
1615 2516 1706 2571 καὶ

107 2598 622 2672 συναγωνιζόμενος.
679 2599 763 2658 διὸ
788 2599 924 2657 κατὰ
947 2599 1142 2675 καιρὸν
1167 2601 1259 2657 καὶ
1274 2598 1707 2674 ἀρχιστράτηγον

42 2702 83 2735 30
106 2687 304 2754 κυρίου
337 2683 533 2740 ἑαυτὸν
562 2682 954 2758 ἀνηγόρευσεν.

217 2875 244 2913 4
274 2875 392 2914 Dan.
418 2876 458 2925 7,
483 2876 548 2916 10.
