<?xml version="1.0" encoding="UTF-8"?>
<!DOCTYPE html PUBLIC "-//W3C//DTD XHTML 1.0 Transitional//EN"
    "http://www.w3.org/TR/xhtml1/DTD/xhtml1-transitional.dtd">
<html xmlns="http://www.w3.org/1999/xhtml" xml:lang="en" lang="en">
 <head>
  <title>
</title>
<meta http-equiv="Content-Type" content="text/html;charset=utf-8" />
  <meta name='ocr-system' content='tesseract 3.04.00' />
  <meta name='ocr-capabilities' content='ocr_page ocr_carea ocr_par ocr_line ocrx_word'/>
</head>
<body>
  <div class='ocr_page' id='page_1' title='image "./operaeusebius03euseuoft_0439.png"; bbox 0 0 1992 3186; ppageno 0'>
   <div class='ocr_carea' id='block_1_1' title="bbox 541 101 1801 155">
    <p class='ocr_par' dir='ltr' id='par_1_1' title="bbox 541 101 1801 155">
     <span class='ocr_line' id='line_1_1' title="bbox 541 101 1801 155; baseline 0.005 -12"><span class='ocrx_word' id='word_1_1' title='bbox 541 101 852 143; x_wconf 80' lang='lat' dir='ltr'>DEMONST.</span> <span class='ocrx_word' id='word_1_2' title='bbox 874 101 1098 146; x_wconf 80' lang='lat' dir='ltr'>EVANG.</span> <span class='ocrx_word' id='word_1_3' title='bbox 1119 104 1198 144; x_wconf 89' lang='lat' dir='ltr'><em>VI.</em></span> <span class='ocrx_word' id='word_1_4' title='bbox 1220 105 1288 144; x_wconf 83' lang='lat'><em>25.</em></span> <span class='ocrx_word' id='word_1_5' title='bbox 1320 104 1418 145; x_wconf 89' lang='lat' dir='ltr'><strong>VII.</strong></span> <span class='ocrx_word' id='word_1_6' title='bbox 1443 105 1479 146; x_wconf 93' lang='lat'><em>1.</em></span> <span class='ocrx_word' id='word_1_7' title='bbox 1696 102 1801 155; x_wconf 82' lang='grc'><em>415</em></span> 
     </span>
    </p>
   </div>
   <div class='ocr_carea' id='block_1_2' title="bbox 687 368 1912 424">
    <p class='ocr_par' dir='ltr' id='par_1_2' title="bbox 687 368 1912 424">
     <span class='ocr_line' id='line_1_2' title="bbox 687 368 1912 424; baseline 0.007 -16"><span class='ocrx_word' id='word_1_8' title='bbox 687 368 943 409; x_wconf 75' lang='lat' dir='ltr'>BIBAION</span> <span class='ocrx_word' id='word_1_9' title='bbox 975 368 1289 410; x_wconf 67' lang='lat' dir='ltr'>EBAOMON.</span> <span class='ocrx_word' id='word_1_10' title='bbox 1822 382 1912 424; x_wconf 90' lang='grc'>(308)</span> 
     </span>
    </p>
   </div>
   <div class='ocr_carea' id='block_1_3' title="bbox 120 467 1908 1804">
    <p class='ocr_par' dir='ltr' id='par_1_3' title="bbox 185 467 1802 711">
     <span class='ocr_line' id='line_1_3' title="bbox 318 467 1802 542; baseline 0 -15"><span class='ocrx_word' id='word_1_11' title='bbox 318 469 461 528; x_wconf 83' lang='grc' dir='ltr'>Θεὸν</span> <span class='ocrx_word' id='word_1_12' title='bbox 493 476 570 536; x_wconf 84' lang='grc' dir='ltr'><em>εἰς</em></span> <span class='ocrx_word' id='word_1_13' title='bbox 601 467 938 542; x_wconf 73' lang='grc' dir='ltr'><em>ἀνθρώπους</em></span> <span class='ocrx_word' id='word_1_14' title='bbox 969 468 1271 541; x_wconf 74' lang='grc' dir='ltr'><em>ἀφίξεσθαι</em></span> <span class='ocrx_word' id='word_1_15' title='bbox 1302 473 1393 526; x_wconf 85' lang='grc' dir='ltr'><em>καὶ</em></span> <span class='ocrx_word' id='word_1_16' title='bbox 1437 469 1542 528; x_wconf 73' lang='grc' dir='ltr'><em>σὺν</em></span> <span class='ocrx_word' id='word_1_17' title='bbox 1573 469 1802 539; x_wconf 79' lang='grc' dir='ltr'><em>ἀνθρῶ-</em></span> 
     </span>
     <span class='ocr_line' id='line_1_4' title="bbox 187 553 1800 626; baseline 0.001 -15"><span class='ocrx_word' id='word_1_18' title='bbox 187 577 310 620; x_wconf 84' lang='grc' dir='ltr'><strong><em>ποις</em></strong></span> <span class='ocrx_word' id='word_1_19' title='bbox 343 557 433 611; x_wconf 89' lang='grc' dir='ltr'><em>ἐπὶ</em></span> <span class='ocrx_word' id='word_1_20' title='bbox 471 560 572 626; x_wconf 84' lang='grc' dir='ltr'><em>γῆς</em></span> <span class='ocrx_word' id='word_1_21' title='bbox 612 553 1072 625; x_wconf 78' lang='grc' dir='ltr'><em>πολιτεύσεσθαι,</em></span> <span class='ocrx_word' id='word_1_22' title='bbox 1119 553 1220 610; x_wconf 85' lang='grc' dir='ltr'><em>δύο</em></span> <span class='ocrx_word' id='word_1_23' title='bbox 1259 579 1317 611; x_wconf 89' lang='grc' dir='ltr'><em>τε</em></span> <span class='ocrx_word' id='word_1_24' title='bbox 1356 559 1528 611; x_wconf 84' lang='grc' dir='ltr'><em>ταῦτα</em></span> <span class='ocrx_word' id='word_1_25' title='bbox 1570 559 1800 626; x_wconf 84' lang='grc' dir='ltr'><em>μέγιστα</em></span> 
     </span>
     <span class='ocr_line' id='line_1_5' title="bbox 185 635 1796 711; baseline 0.001 -16"><span class='ocrx_word' id='word_1_26' title='bbox 185 637 450 711; x_wconf 84' lang='grc' dir='ltr'><em>τεκμήρια</em></span> <span class='ocrx_word' id='word_1_27' title='bbox 490 642 585 710; x_wconf 85' lang='grc' dir='ltr'><em>τῆς</em></span> <span class='ocrx_word' id='word_1_28' title='bbox 625 635 800 695; x_wconf 75' lang='grc' dir='ltr'><em>αὐτοῦ</em></span> <span class='ocrx_word' id='word_1_29' title='bbox 837 644 1144 709; x_wconf 78' lang='grc' dir='ltr'><em>παρουσίας</em></span> <span class='ocrx_word' id='word_1_30' title='bbox 1176 645 1436 710; x_wconf 83' lang='grc' dir='ltr'><em>ἔσεσθαι,</em></span> <span class='ocrx_word' id='word_1_31' title='bbox 1478 645 1675 711; x_wconf 77' lang='grc' dir='ltr'><em>κλῆσιν</em></span> <span class='ocrx_word' id='word_1_32' title='bbox 1707 636 1796 696; x_wconf 85' lang='grc' dir='ltr'><em>ἐπ’</em></span> 
     </span>
    </p>

    <p class='ocr_par' dir='ltr' id='par_1_4' title="bbox 144 720 1908 1131">
     <span class='ocr_line' id='line_1_6' title="bbox 144 720 1799 794; baseline -0.001 -13"><span class='ocrx_word' id='word_1_33' title='bbox 144 752 163 783; x_wconf 88' lang='lat'>5</span> <span class='ocrx_word' id='word_1_34' title='bbox 186 720 458 794; x_wconf 74' lang='grc' dir='ltr'><em>ἀναλήψει</em></span> <span class='ocrx_word' id='word_1_35' title='bbox 482 727 578 794; x_wconf 86' lang='grc' dir='ltr'><em>τῆς</em></span> <span class='ocrx_word' id='word_1_36' title='bbox 601 722 849 793; x_wconf 79' lang='grc' dir='ltr'><em>ἀληθοῦς</em></span> <span class='ocrx_word' id='word_1_37' title='bbox 872 730 1219 793; x_wconf 86' lang='grc' dir='ltr'><em>θεογνωσίας</em></span> <span class='ocrx_word' id='word_1_38' title='bbox 1234 728 1348 779; x_wconf 90' lang='grc' dir='ltr'><em>τῶν</em></span> <span class='ocrx_word' id='word_1_39' title='bbox 1364 721 1469 779; x_wconf 75' lang='grc' dir='ltr'><em>ἄνα</em></span> <span class='ocrx_word' id='word_1_40' title='bbox 1487 723 1588 794; x_wconf 88' lang='grc' dir='ltr'><em>τὴν</em></span> <span class='ocrx_word' id='word_1_41' title='bbox 1611 730 1799 781; x_wconf 82' lang='grc' dir='ltr'><em>οἰκου-</em></span> 
     </span>
     <span class='ocr_line' id='line_1_7' title="bbox 184 804 1799 879; baseline 0.001 -16"><span class='ocrx_word' id='word_1_42' title='bbox 184 810 358 879; x_wconf 84' lang='grc' dir='ltr'><em>μένην</em></span> <span class='ocrx_word' id='word_1_43' title='bbox 391 810 603 878; x_wconf 90' lang='grc' dir='ltr'><em>ἐθνῶν,</em></span> <span class='ocrx_word' id='word_1_44' title='bbox 634 804 958 862; x_wconf 78' lang='grc' dir='ltr'><em>ἀπόπτωσίν</em></span> <span class='ocrx_word' id='word_1_45' title='bbox 987 829 1047 862; x_wconf 93' lang='grc' dir='ltr'><em>τε</em></span> <span class='ocrx_word' id='word_1_46' title='bbox 1076 808 1168 862; x_wconf 85' lang='grc' dir='ltr'><em>καὶ</em></span> <span class='ocrx_word' id='word_1_47' title='bbox 1203 810 1436 879; x_wconf 77' lang='grc' dir='ltr'><em>ἐρημίαν</em></span> <span class='ocrx_word' id='word_1_48' title='bbox 1469 806 1558 863; x_wconf 74' lang='grc' dir='ltr'><em>διὰ</em></span> <span class='ocrx_word' id='word_1_49' title='bbox 1587 806 1690 879; x_wconf 89' lang='grc' dir='ltr'><em>τὴν</em></span> <span class='ocrx_word' id='word_1_50' title='bbox 1721 814 1799 874; x_wconf 83' lang='grc' dir='ltr'><em>εἰς</em></span> 
     </span>
     <span class='ocr_line' id='line_1_8' title="bbox 184 889 1799 966; baseline 0.001 -19"><span class='ocrx_word' id='word_1_51' title='bbox 184 889 355 948; x_wconf 79' lang='grc' dir='ltr'><em>αὐτὸν</em></span> <span class='ocrx_word' id='word_1_52' title='bbox 377 889 639 948; x_wconf 80' lang='grc' dir='ltr'><em>ἀπιστίαν</em></span> <span class='ocrx_word' id='word_1_53' title='bbox 662 893 762 947; x_wconf 78' lang='grc' dir='ltr'><em>τοῦ</em></span> <span class='ocrx_word' id='word_1_54' title='bbox 782 889 1067 947; x_wconf 82' lang='grc' dir='ltr'><em>Ἰουδαίων</em></span> <span class='ocrx_word' id='word_1_55' title='bbox 1098 896 1320 961; x_wconf 78' lang='grc' dir='ltr'><em>ἔθνους,</em></span> <span class='ocrx_word' id='word_1_56' title='bbox 1354 895 1413 948; x_wconf 88' lang='grc' dir='ltr'><em>ἐν</em></span> <span class='ocrx_word' id='word_1_57' title='bbox 1436 895 1513 966; x_wconf 79' lang='grc' dir='ltr'><em>τῶ</em></span> <span class='ocrx_word' id='word_1_58' title='bbox 1542 891 1647 963; x_wconf 89' lang='grc' dir='ltr'><em>πρὸ</em></span> <span class='ocrx_word' id='word_1_59' title='bbox 1671 891 1799 949; x_wconf 82' lang='grc' dir='ltr'><em>τού-</em></span> 
     </span>
     <span class='ocr_line' id='line_1_9' title="bbox 184 973 1908 1048; baseline 0.001 -17"><span class='ocrx_word' id='word_1_60' title='bbox 184 999 283 1032; x_wconf 89' lang='grc' dir='ltr'><em>του</em></span> <span class='ocrx_word' id='word_1_61' title='bbox 314 973 695 1048; x_wconf 78' lang='grc' dir='ltr'><em>συγγροὲμματι</em></span> <span class='ocrx_word' id='word_1_62' title='bbox 729 973 821 1029; x_wconf 78' lang='grc' dir='ltr'><em>διὰ</em></span> <span class='ocrx_word' id='word_1_63' title='bbox 851 977 963 1030; x_wconf 82' lang='grc' dir='ltr'><em>τῶν</em></span> <span class='ocrx_word' id='word_1_64' title='bbox 993 980 1355 1047; x_wconf 74' lang='grc' dir='ltr'><em>προφητικῶν</em></span> <span class='ocrx_word' id='word_1_65' title='bbox 1385 979 1594 1047; x_wconf 85' lang='grc' dir='ltr'><em>φωνῶν</em></span> <span class='ocrx_word' id='word_1_66' title='bbox 1623 1000 1790 1048; x_wconf 86' lang='grc' dir='ltr'><em>μεμα-</em></span> <span class='ocrx_word' id='word_1_67' title='bbox 1816 1000 1908 1040; x_wconf 87' lang='lat'><strong>(309)</strong></span> 
     </span>
     <span class='ocr_line' id='line_1_10' title="bbox 184 1056 1798 1131; baseline 0 -15"><span class='ocrx_word' id='word_1_68' title='bbox 184 1057 438 1131; x_wconf 86' lang='grc' dir='ltr'><em>θηκότες,</em></span> <span class='ocrx_word' id='word_1_69' title='bbox 472 1056 908 1130; x_wconf 74' lang='grc' dir='ltr'><em>ἐπισκεψάμενοί</em></span> <span class='ocrx_word' id='word_1_70' title='bbox 923 1081 982 1114; x_wconf 88' lang='grc' dir='ltr'><em>τε</em></span> <span class='ocrx_word' id='word_1_71' title='bbox 1003 1058 1140 1114; x_wconf 73' lang='grc' dir='ltr'><em>κατὰ</em></span> <span class='ocrx_word' id='word_1_72' title='bbox 1161 1058 1219 1115; x_wconf 87' lang='grc' dir='ltr'><em>τὸ</em></span> <span class='ocrx_word' id='word_1_73' title='bbox 1242 1056 1376 1115; x_wconf 77' lang='grc' dir='ltr'><em>αὐτὸ</em></span> <span class='ocrx_word' id='word_1_74' title='bbox 1394 1058 1591 1116; x_wconf 85' lang='grc' dir='ltr'><em>ὁποίου</em></span> <span class='ocrx_word' id='word_1_75' title='bbox 1607 1063 1798 1125; x_wconf 84' lang='grc' dir='ltr'><em>τέλους</em></span> 
     </span>
    </p>

    <p class='ocr_par' dir='ltr' id='par_1_5' title="bbox 122 1139 1797 1469">
     <span class='ocr_line' id='line_1_11' title="bbox 122 1139 1797 1215; baseline -0.001 -13"><span class='ocrx_word' id='word_1_76' title='bbox 122 1171 161 1203; x_wconf 88' lang='lat'><em>10</em></span> <span class='ocrx_word' id='word_1_77' title='bbox 186 1149 343 1215; x_wconf 84' lang='grc' dir='ltr'><em>ἔτυχε</em></span> <span class='ocrx_word' id='word_1_78' title='bbox 372 1141 438 1199; x_wconf 76' lang='grc' dir='ltr'><em>τὰ</em></span> <span class='ocrx_word' id='word_1_79' title='bbox 467 1144 954 1215; x_wconf 81' lang='grc' dir='ltr'><em>προηγορευμένα,</em></span> <span class='ocrx_word' id='word_1_80' title='bbox 990 1145 1111 1213; x_wconf 82' lang='grc' dir='ltr'><em>ἑξῆς</em></span> <span class='ocrx_word' id='word_1_81' title='bbox 1143 1145 1234 1199; x_wconf 86' lang='grc' dir='ltr'><em>καὶ</em></span> <span class='ocrx_word' id='word_1_82' title='bbox 1258 1139 1582 1209; x_wconf 69' lang='grc' dir='ltr'><em>ἀκολούθως</em></span> <span class='ocrx_word' id='word_1_83' title='bbox 1617 1147 1675 1200; x_wconf 86' lang='grc' dir='ltr'><em>ἐν</em></span> <span class='ocrx_word' id='word_1_84' title='bbox 1709 1146 1797 1214; x_wconf 84' lang='grc' dir='ltr'><em>ἑβ-</em></span> 
     </span>
     <span class='ocr_line' id='line_1_12' title="bbox 186 1223 1796 1303; baseline 0 -19"><span class='ocrx_word' id='word_1_85' title='bbox 186 1226 337 1302; x_wconf 78' lang='grc' dir='ltr'><em>δόμῳ</em></span> <span class='ocrx_word' id='word_1_86' title='bbox 367 1226 556 1303; x_wconf 47' lang='grc' dir='ltr'><em>τούτῳ.</em></span> <span class='ocrx_word' id='word_1_87' title='bbox 586 1225 972 1299; x_wconf 80' lang='grc' dir='ltr'><em>συγγράμματι</em></span> <span class='ocrx_word' id='word_1_88' title='bbox 1015 1231 1110 1299; x_wconf 88' lang='grc' dir='ltr'><em>τῆς</em></span> <span class='ocrx_word' id='word_1_89' title='bbox 1141 1223 1523 1299; x_wconf 79' lang='grc' dir='ltr'><em>Εὖαγγελικῆς</em></span> <span class='ocrx_word' id='word_1_90' title='bbox 1550 1225 1796 1285; x_wconf 85' lang='grc' dir='ltr'><em>Ἀποδεί-</em></span> 
     </span>
     <span class='ocr_line' id='line_1_13' title="bbox 186 1309 1797 1384; baseline 0.001 -16"><span class='ocrx_word' id='word_1_91' title='bbox 186 1316 317 1379; x_wconf 85' lang='grc' dir='ltr'><em>ξεως</em></span> <span class='ocrx_word' id='word_1_92' title='bbox 347 1311 445 1368; x_wconf 89' lang='grc' dir='ltr'><em>τὸν</em></span> <span class='ocrx_word' id='word_1_93' title='bbox 474 1310 681 1382; x_wconf 87' lang='grc' dir='ltr'><em>τρόπον</em></span> <span class='ocrx_word' id='word_1_94' title='bbox 713 1314 1090 1383; x_wconf 85' lang='grc' dir='ltr'><em>ἐπιθεωρῆσαι</em></span> <span class='ocrx_word' id='word_1_95' title='bbox 1121 1311 1531 1384; x_wconf 86' lang='grc' dir='ltr'><em>πειρασόμεθα,</em></span> <span class='ocrx_word' id='word_1_96' title='bbox 1564 1309 1697 1369; x_wconf 85' lang='grc' dir='ltr'><em>καθ’</em></span> <span class='ocrx_word' id='word_1_97' title='bbox 1731 1337 1797 1369; x_wconf 93' lang='grc' dir='ltr'><em>ον</em></span> 
     </span>
     <span class='ocr_line' id='line_1_14' title="bbox 184 1391 1793 1469; baseline 0.001 -19"><span class='ocrx_word' id='word_1_98' title='bbox 184 1414 359 1467; x_wconf 91' lang='grc' dir='ltr'><em>φησιν</em></span> <span class='ocrx_word' id='word_1_99' title='bbox 384 1393 556 1452; x_wconf 81' lang='grc' dir='ltr'><em>αὐτὸν</em></span> <span class='ocrx_word' id='word_1_100' title='bbox 578 1393 680 1466; x_wconf 84' lang='grc' dir='ltr'><em>τὴν</em></span> <span class='ocrx_word' id='word_1_101' title='bbox 698 1400 774 1460; x_wconf 87' lang='grc' dir='ltr'><em>εἰς</em></span> <span class='ocrx_word' id='word_1_102' title='bbox 798 1391 1135 1467; x_wconf 87' lang='grc' dir='ltr'><em>ανθρῶπους</em></span> <span class='ocrx_word' id='word_1_103' title='bbox 1166 1394 1507 1468; x_wconf 83' lang='grc' dir='ltr'><em>ποιήσασθαι</em></span> <span class='ocrx_word' id='word_1_104' title='bbox 1532 1395 1793 1469; x_wconf 90' lang='grc' dir='ltr'><em>παροδον.</em></span> 
     </span>
    </p>

    <p class='ocr_par' dir='ltr' id='par_1_6' title="bbox 183 1477 1795 1552">
     <span class='ocr_line' id='line_1_15' title="bbox 183 1477 1795 1552; baseline 0 -16"><span class='ocrx_word' id='word_1_105' title='bbox 183 1484 232 1535; x_wconf 68' lang='grc' dir='ltr'><em>ἱ).</em></span> <span class='ocrx_word' id='word_1_106' title='bbox 267 1482 404 1552; x_wconf 84' lang='grc' dir='ltr'><em>φέρε</em></span> <span class='ocrx_word' id='word_1_107' title='bbox 442 1503 544 1536; x_wconf 94' lang='grc' dir='ltr'><em>ουν</em></span> <span class='ocrx_word' id='word_1_108' title='bbox 588 1482 854 1536; x_wconf 81' lang='grc' dir='ltr'><em>ἐντεῦθεν</em></span> <span class='ocrx_word' id='word_1_109' title='bbox 893 1477 1002 1550; x_wconf 82' lang='grc' dir='ltr'><em>ἤδη</em></span> <span class='ocrx_word' id='word_1_110' title='bbox 1045 1478 1410 1551; x_wconf 86' lang='grc' dir='ltr'><em>σκοπήσωμεν</em></span> <span class='ocrx_word' id='word_1_111' title='bbox 1440 1479 1626 1546; x_wconf 80' lang='grc' dir='ltr'><em>ὁποῖός</em></span> <span class='ocrx_word' id='word_1_112' title='bbox 1655 1506 1736 1546; x_wconf 88' lang='grc' dir='ltr'><em>τις</em></span> <span class='ocrx_word' id='word_1_113' title='bbox 1767 1477 1795 1536; x_wconf 87' lang='grc' dir='ltr'>ὁ</span> 
     </span>
    </p>

    <p class='ocr_par' dir='ltr' id='par_1_7' title="bbox 120 1562 1906 1804">
     <span class='ocr_line' id='line_1_16' title="bbox 120 1562 1906 1636; baseline 0.001 -14"><span class='ocrx_word' id='word_1_114' title='bbox 120 1591 160 1623; x_wconf 83' lang='grc'><em>15</em></span> <span class='ocrx_word' id='word_1_115' title='bbox 183 1562 382 1633; x_wconf 88' lang='grc' dir='ltr'><em>τρόπος</em></span> <span class='ocrx_word' id='word_1_116' title='bbox 414 1569 644 1620; x_wconf 83' lang='grc' dir='ltr'><em>ἔσεσθαι</em></span> <span class='ocrx_word' id='word_1_117' title='bbox 674 1566 770 1634; x_wconf 83' lang='grc' dir='ltr'><em>τῆς</em></span> <span class='ocrx_word' id='word_1_118' title='bbox 799 1565 899 1620; x_wconf 82' lang='grc' dir='ltr'><em>τοῦ</em></span> <span class='ocrx_word' id='word_1_119' title='bbox 935 1569 1076 1620; x_wconf 85' lang='grc' dir='ltr'><em>θεοῦ</em></span> <span class='ocrx_word' id='word_1_120' title='bbox 1127 1569 1204 1628; x_wconf 89' lang='grc' dir='ltr'><em>εἰς</em></span> <span class='ocrx_word' id='word_1_121' title='bbox 1234 1562 1571 1635; x_wconf 76' lang='grc' dir='ltr'><em>ἀνθρώπους</em></span> <span class='ocrx_word' id='word_1_122' title='bbox 1604 1567 1794 1636; x_wconf 89' lang='grc' dir='ltr'><em>ἐπιδη-</em></span> <span class='ocrx_word' id='word_1_123' title='bbox 1820 1591 1906 1633; x_wconf 83' lang='grc'>[191]</span> 
     </span>
     <span class='ocr_line' id='line_1_17' title="bbox 183 1646 1795 1720; baseline 0.001 -17"><span class='ocrx_word' id='word_1_124' title='bbox 183 1653 311 1720; x_wconf 90' lang='grc' dir='ltr'><em>μίας</em></span> <span class='ocrx_word' id='word_1_125' title='bbox 344 1651 689 1718; x_wconf 81' lang='grc' dir='ltr'><em>ἐθεσπίζετο,</em></span> <span class='ocrx_word' id='word_1_126' title='bbox 730 1650 822 1703; x_wconf 86' lang='grc' dir='ltr'><em>καὶ</em></span> <span class='ocrx_word' id='word_1_127' title='bbox 865 1650 976 1704; x_wconf 82' lang='grc' dir='ltr'><em>ποῦ</em></span> <span class='ocrx_word' id='word_1_128' title='bbox 1016 1650 1114 1719; x_wconf 85' lang='grc' dir='ltr'><em>γῆς</em></span> <span class='ocrx_word' id='word_1_129' title='bbox 1144 1646 1600 1720; x_wconf 88' lang='grc' dir='ltr'><em>γεννηθήσεσθαι</em></span> <span class='ocrx_word' id='word_1_130' title='bbox 1630 1671 1795 1719; x_wconf 90' lang='grc' dir='ltr'><em>προε-</em></span> 
     </span>
     <span class='ocr_line' id='line_1_18' title="bbox 183 1728 1791 1804; baseline 0 -16"><span class='ocrx_word' id='word_1_131' title='bbox 183 1728 621 1803; x_wconf 75' lang='grc' dir='ltr'><em>κηρύττετο,οἷπὸ</em></span> <span class='ocrx_word' id='word_1_132' title='bbox 636 1739 800 1788; x_wconf 92' lang='grc' dir='ltr'><em>ποίου</em></span> <span class='ocrx_word' id='word_1_133' title='bbox 823 1755 881 1788; x_wconf 89' lang='grc' dir='ltr'><em>τε</em></span> <span class='ocrx_word' id='word_1_134' title='bbox 903 1734 1099 1803; x_wconf 81' lang='grc' dir='ltr'><em>γένους</em></span> <span class='ocrx_word' id='word_1_135' title='bbox 1122 1730 1558 1803; x_wconf 80' lang='grc' dir='ltr'><em>προελεύσεσθαι</em></span> <span class='ocrx_word' id='word_1_136' title='bbox 1584 1736 1791 1804; x_wconf 84' lang='grc' dir='ltr'><em>ἐβοᾶτο.</em></span> 
     </span>
    </p>
   </div>
   <div class='ocr_carea' id='block_1_4' title="bbox 722 1951 1840 2013">
    <p class='ocr_par' dir='ltr' id='par_1_8' title="bbox 722 1951 1840 2013">
     <span class='ocr_line' id='line_1_19' title="bbox 722 1951 1840 2013; baseline -0.003 -1"><span class='ocrx_word' id='word_1_137' title='bbox 722 1952 850 2012; x_wconf 87' lang='grc' dir='ltr'><em>Ἀπὸ</em></span> <span class='ocrx_word' id='word_1_138' title='bbox 882 1959 981 2013; x_wconf 84' lang='grc' dir='ltr'><em>τοῦ</em></span> <span class='ocrx_word' id='word_1_139' title='bbox 1004 1951 1246 2012; x_wconf 86' lang='grc' dir='ltr'><em>Ἡσαΐου.</em></span> <span class='ocrx_word' id='word_1_140' title='bbox 1817 1977 1840 2009; x_wconf 88' lang='lat' dir='ltr'>b</span> 
     </span>
    </p>
   </div>
   <div class='ocr_carea' id='block_1_5' title="bbox 118 2064 1833 2899">
    <p class='ocr_par' dir='ltr' id='par_1_9' title="bbox 118 2064 1833 2899">
     <span class='ocr_line' id='line_1_20' title="bbox 311 2064 1794 2142; baseline 0.001 -19"><span class='ocrx_word' id='word_1_141' title='bbox 311 2065 386 2124; x_wconf 84' lang='lat' dir='ltr'><em>I.‘</em></span> <span class='ocrx_word' id='word_1_142' title='bbox 390 2065 730 2142; x_wconf 61' lang='grc' dir='ltr'><em>’Πρόρρησις</em></span> <span class='ocrx_word' id='word_1_143' title='bbox 760 2071 856 2139; x_wconf 82' lang='grc' dir='ltr'><em>τῆς</em></span> <span class='ocrx_word' id='word_1_144' title='bbox 888 2074 966 2133; x_wconf 86' lang='grc' dir='ltr'><em>εἰς</em></span> <span class='ocrx_word' id='word_1_145' title='bbox 991 2066 1231 2138; x_wconf 83' lang='grc' dir='ltr'><em>Χριστὸν</em></span> <span class='ocrx_word' id='word_1_146' title='bbox 1250 2064 1504 2134; x_wconf 89' lang='grc' dir='ltr'><em>απιστίας</em></span> <span class='ocrx_word' id='word_1_147' title='bbox 1534 2071 1632 2125; x_wconf 83' lang='grc' dir='ltr'><em>τοῦ</em></span> <span class='ocrx_word' id='word_1_148' title='bbox 1658 2065 1794 2126; x_wconf 84' lang='lat' dir='ltr'><em>’Iov-</em></span> 
     </span>
     <span class='ocr_line' id='line_1_21' title="bbox 121 2149 1794 2224; baseline -0.002 -12"><span class='ocrx_word' id='word_1_149' title='bbox 121 2180 160 2212; x_wconf 80' lang='lat'><em>20</em></span> <span class='ocrx_word' id='word_1_150' title='bbox 185 2157 361 2209; x_wconf 91' lang='grc' dir='ltr'><em>δαίων</em></span> <span class='ocrx_word' id='word_1_151' title='bbox 401 2158 604 2218; x_wconf 79' lang='grc' dir='ltr'><em>ἔθνους</em></span> <span class='ocrx_word' id='word_1_152' title='bbox 644 2154 737 2208; x_wconf 86' lang='grc' dir='ltr'><em>καὶ</em></span> <span class='ocrx_word' id='word_1_153' title='bbox 766 2167 996 2224; x_wconf 81' lang='grc' dir='ltr'><em>σημεῖον</em></span> <span class='ocrx_word' id='word_1_154' title='bbox 1027 2151 1215 2218; x_wconf 78' lang='grc' dir='ltr'><em>αὐτοῖς</em></span> <span class='ocrx_word' id='word_1_155' title='bbox 1257 2149 1364 2209; x_wconf 86' lang='grc' dir='ltr'><em>απὸ</em></span> <span class='ocrx_word' id='word_1_156' title='bbox 1395 2159 1594 2223; x_wconf 84' lang='grc' dir='ltr'><em>κυρίου</em></span> <span class='ocrx_word' id='word_1_157' title='bbox 1639 2152 1794 2209; x_wconf 89' lang='grc' dir='ltr'><em>διδό-</em></span> 
     </span>
     <span class='ocr_line' id='line_1_22' title="bbox 181 2228 1833 2309; baseline -0.001 -17"><span class='ocrx_word' id='word_1_158' title='bbox 181 2258 367 2307; x_wconf 88' lang='grc' dir='ltr'><em>μενον.</em></span> <span class='ocrx_word' id='word_1_159' title='bbox 424 2236 495 2308; x_wconf 82' lang='grc' dir='ltr'><em>ἠν</em></span> <span class='ocrx_word' id='word_1_160' title='bbox 528 2237 587 2292; x_wconf 89' lang='grc' dir='ltr'><em>δε</em></span> <span class='ocrx_word' id='word_1_161' title='bbox 610 2239 772 2293; x_wconf 80' lang='grc' dir='ltr'><em>τοῦτο</em></span> <span class='ocrx_word' id='word_1_162' title='bbox 803 2241 1083 2306; x_wconf 87' lang='grc' dir='ltr'><em>παρθένος</em></span> <span class='ocrx_word' id='word_1_163' title='bbox 1115 2235 1255 2293; x_wconf 81' lang='grc' dir='ltr'><em>θεὸν</em></span> <span class='ocrx_word' id='word_1_164' title='bbox 1285 2240 1566 2309; x_wconf 80' lang='grc' dir='ltr'><em>γεννῶσα,</em></span> <span class='ocrx_word' id='word_1_165' title='bbox 1600 2234 1690 2308; x_wconf 75' lang='grc' dir='ltr'><em>ἐφ’</em></span> <span class='ocrx_word' id='word_1_166' title='bbox 1725 2228 1793 2293; x_wconf 79' lang='grc' dir='ltr'><em>οὗ</em></span> <span class='ocrx_word' id='word_1_167' title='bbox 1816 2267 1833 2288; x_wconf 80' lang='lat' dir='ltr'>e</span> 
     </span>
     <span class='ocr_line' id='line_1_23' title="bbox 180 2318 1794 2392; baseline 0.001 -17"><span class='ocrx_word' id='word_1_168' title='bbox 180 2323 246 2392; x_wconf 84' lang='grc' dir='ltr'><em>τῇ</em></span> <span class='ocrx_word' id='word_1_169' title='bbox 276 2322 489 2392; x_wconf 76' lang='grc' dir='ltr'><em>γενέσει</em></span> <span class='ocrx_word' id='word_1_170' title='bbox 512 2326 836 2392; x_wconf 87' lang='grc' dir='ltr'><em>καθαίρεσις</em></span> <span class='ocrx_word' id='word_1_171' title='bbox 859 2318 1132 2392; x_wconf 83' lang='grc' dir='ltr'><em>παντελὴς</em></span> <span class='ocrx_word' id='word_1_172' title='bbox 1154 2324 1252 2378; x_wconf 78' lang='grc' dir='ltr'><em>τοῦ</em></span> <span class='ocrx_word' id='word_1_173' title='bbox 1273 2319 1560 2378; x_wconf 82' lang='grc' dir='ltr'><em>Ἰουδαίων</em></span> <span class='ocrx_word' id='word_1_174' title='bbox 1589 2328 1794 2385; x_wconf 87' lang='grc' dir='ltr'><em>ε’θνους</em></span> 
     </span>
     <span class='ocr_line' id='line_1_24' title="bbox 184 2402 1792 2477; baseline 0 -19"><span class='ocrx_word' id='word_1_175' title='bbox 184 2406 516 2474; x_wconf 81' lang='grc' dir='ltr'><em>ἐθεσπίζετο,</em></span> <span class='ocrx_word' id='word_1_176' title='bbox 548 2407 638 2461; x_wconf 90' lang='grc' dir='ltr'><em>καὶ</em></span> <span class='ocrx_word' id='word_1_177' title='bbox 664 2404 734 2471; x_wconf 85' lang='grc' dir='ltr'><em>ῶς</em></span> <span class='ocrx_word' id='word_1_178' title='bbox 758 2403 1066 2477; x_wconf 79' lang='grc' dir='ltr'><em>ἀλλόφυλοι</em></span> <span class='ocrx_word' id='word_1_179' title='bbox 1095 2407 1187 2461; x_wconf 84' lang='grc' dir='ltr'><em>καὶ</em></span> <span class='ocrx_word' id='word_1_180' title='bbox 1210 2406 1459 2477; x_wconf 86' lang='grc' dir='ltr'><em>πολέμιοι</em></span> <span class='ocrx_word' id='word_1_181' title='bbox 1481 2403 1583 2474; x_wconf 83' lang='grc' dir='ltr'><em>τὴν</em></span> <span class='ocrx_word' id='word_1_182' title='bbox 1605 2402 1792 2475; x_wconf 84' lang='grc' dir='ltr'><em>χῶραν</em></span> 
     </span>
     <span class='ocr_line' id='line_1_25' title="bbox 184 2485 1791 2561; baseline 0.001 -20"><span class='ocrx_word' id='word_1_183' title='bbox 184 2485 371 2543; x_wconf 83' lang='grc' dir='ltr'><em>αὐτῶν</em></span> <span class='ocrx_word' id='word_1_184' title='bbox 400 2491 752 2561; x_wconf 83' lang='grc' dir='ltr'><em>καθέξουσιν,</em></span> <span class='ocrx_word' id='word_1_185' title='bbox 786 2491 878 2545; x_wconf 89' lang='grc' dir='ltr'><em>καὶ</em></span> <span class='ocrx_word' id='word_1_186' title='bbox 910 2487 1038 2560; x_wconf 80' lang='grc' dir='ltr'><em>ῶςὴ</em></span> <span class='ocrx_word' id='word_1_187' title='bbox 1070 2491 1204 2559; x_wconf 85' lang='grc' dir='ltr'><em>πρὶν</em></span> <span class='ocrx_word' id='word_1_188' title='bbox 1235 2494 1432 2560; x_wconf 81' lang='grc' dir='ltr'><em>ἔρημος</em></span> <span class='ocrx_word' id='word_1_189' title='bbox 1462 2490 1557 2558; x_wconf 83' lang='grc' dir='ltr'><em>τῆς</em></span> <span class='ocrx_word' id='word_1_190' title='bbox 1589 2488 1791 2544; x_wconf 85' lang='grc' dir='ltr'><em>ἐνθέου</em></span> 
     </span>
     <span class='ocr_line' id='line_1_26' title="bbox 118 2570 1790 2647; baseline -0.002 -17"><span class='ocrx_word' id='word_1_191' title='bbox 118 2598 160 2630; x_wconf 79' lang='lat'><em>25</em></span> <span class='ocrx_word' id='word_1_192' title='bbox 182 2574 426 2642; x_wconf 81' lang='grc' dir='ltr'><em>τυχοῦσα</em></span> <span class='ocrx_word' id='word_1_193' title='bbox 455 2579 723 2644; x_wconf 89' lang='grc' dir='ltr'><em>γεωργίας</em></span> <span class='ocrx_word' id='word_1_194' title='bbox 756 2570 1070 2647; x_wconf 78' lang='grc' dir='ltr'><em>εὖφορήσει.</em></span> <span class='ocrx_word' id='word_1_195' title='bbox 1118 2577 1166 2628; x_wconf 78' lang='grc'><em>2.</em></span> <span class='ocrx_word' id='word_1_196' title='bbox 1199 2576 1294 2644; x_wconf 82' lang='grc' dir='ltr'><em>τῆς</em></span> <span class='ocrx_word' id='word_1_197' title='bbox 1313 2574 1366 2639; x_wconf 82' lang='grc' dir='ltr'><em>ἐξ</em></span> <span class='ocrx_word' id='word_1_198' title='bbox 1393 2574 1578 2628; x_wconf 89' lang='grc' dir='ltr'><em>ἐθνῶν</em></span> <span class='ocrx_word' id='word_1_199' title='bbox 1602 2574 1790 2643; x_wconf 85' lang='grc' dir='ltr'><em>ἐκκλη-</em></span> 
     </span>
     <span class='ocr_line' id='line_1_27' title="bbox 184 2651 1791 2730; baseline 0.001 -20"><span class='ocrx_word' id='word_1_200' title='bbox 184 2661 306 2720; x_wconf 90' lang='grc' dir='ltr'><em>σίας</em></span> <span class='ocrx_word' id='word_1_201' title='bbox 336 2657 533 2712; x_wconf 81' lang='grc' dir='ltr'><em>τοῦτον</em></span> <span class='ocrx_word' id='word_1_202' title='bbox 566 2661 908 2730; x_wconf 87' lang='grc' dir='ltr'><em>δηλουμένης</em></span> <span class='ocrx_word' id='word_1_203' title='bbox 946 2656 1044 2713; x_wconf 88' lang='grc' dir='ltr'><em>τὸν</em></span> <span class='ocrx_word' id='word_1_204' title='bbox 1082 2655 1317 2729; x_wconf 86' lang='grc' dir='ltr'><em>τρόπον,</em></span> <span class='ocrx_word' id='word_1_205' title='bbox 1362 2653 1546 2726; x_wconf 81' lang='grc' dir='ltr'><em>ῶσπερ</em></span> <span class='ocrx_word' id='word_1_206' title='bbox 1589 2651 1617 2711; x_wconf 84' lang='grc' dir='ltr'><em>ὃ</em></span> <span class='ocrx_word' id='word_1_207' title='bbox 1648 2665 1791 2712; x_wconf 91' lang='grc' dir='ltr'><em>θαυ-</em></span> 
     </span>
     <span class='ocr_line' id='line_1_28' title="bbox 183 2734 1792 2813; baseline 0.001 -19"><span class='ocrx_word' id='word_1_208' title='bbox 183 2737 375 2810; x_wconf 78' lang='grc' dir='ltr'><em>μάσιος</em></span> <span class='ocrx_word' id='word_1_209' title='bbox 409 2737 796 2813; x_wconf 81' lang='grc' dir='ltr'><em>εὐαγγελιστὴς</em></span> <span class='ocrx_word' id='word_1_210' title='bbox 819 2738 1076 2812; x_wconf 79' lang='grc' dir='ltr'><em>Ἰωάννης</em></span> <span class='ocrx_word' id='word_1_211' title='bbox 1106 2745 1311 2812; x_wconf 83' lang='grc' dir='ltr'><em>μείζονι</em></span> <span class='ocrx_word' id='word_1_212' title='bbox 1342 2734 1376 2811; x_wconf 82' lang='grc' dir='ltr'><em>ἢ</em></span> <span class='ocrx_word' id='word_1_213' title='bbox 1407 2738 1543 2796; x_wconf 74' lang='grc' dir='ltr'><em>κατὰ</em></span> <span class='ocrx_word' id='word_1_214' title='bbox 1566 2737 1792 2813; x_wconf 77' lang='grc' dir='ltr'><em>ἄνθρω-</em></span> 
     </span>
     <span class='ocr_line' id='line_1_29' title="bbox 183 2820 1790 2899; baseline 0.001 -20"><span class='ocrx_word' id='word_1_215' title='bbox 183 2823 290 2879; x_wconf 78' lang='grc' dir='ltr'><em>πον</em></span> <span class='ocrx_word' id='word_1_216' title='bbox 319 2831 710 2899; x_wconf 81' lang='grc' dir='ltr'><em>μεγαλοφωνία</em></span> <span class='ocrx_word' id='word_1_217' title='bbox 738 2823 835 2881; x_wconf 84' lang='grc' dir='ltr'><em>τὸν</em></span> <span class='ocrx_word' id='word_1_218' title='bbox 866 2828 1085 2896; x_wconf 85' lang='grc' dir='ltr'><em>σωτῆρα</em></span> <span class='ocrx_word' id='word_1_219' title='bbox 1116 2826 1208 2880; x_wconf 82' lang='grc' dir='ltr'><em>καὶ</em></span> <span class='ocrx_word' id='word_1_220' title='bbox 1246 2823 1443 2897; x_wconf 81' lang='grc' dir='ltr'><em>κύριον</em></span> <span class='ocrx_word' id='word_1_221' title='bbox 1473 2820 1629 2896; x_wconf 82' lang='grc' dir='ltr'><em>ἡμῶν</em></span> <span class='ocrx_word' id='word_1_222' title='bbox 1658 2834 1790 2880; x_wconf 90' lang='grc' dir='ltr'><em>θεο-</em></span> 
     </span>
    </p>
   </div>
  </div>
 </body>
</html>
