1946 3158
611 141 919 184 DEMONST.
950 143 1170 184 EVANG.
1203 143 1288 186 111.
1320 145 1360 188 7.
1650 141 1754 194 203

146 262 314 330 ἔθνη,
347 261 462 323 πῶς
493 262 757 328 πείσομεν
785 260 896 313 τῶν
926 257 1028 329 μὲν
1058 262 1308 328 πατρίων
1337 261 1492 314 θεῶν
1521 254 1754 330 ἆφίστα-
1779 282 1798 313 b

146 351 310 412 σθαι,
353 343 452 398 ἕνα
494 341 555 397 δὲ
593 338 690 397 τὸν
729 339 955 397 πάντων
997 340 1335 414 δημιουργὸν
1365 343 1580 414 σέβειν;
1623 349 1754 417 ποία

147 426 208 481 δὲ
238 423 419 497 λόγων
463 423 740 496 ίκανότητι
782 429 1127 497 θαρσοῦντες
1170 427 1259 482 ἐπὶ
1290 428 1449 482 τοῦτο
1480 433 1756 498 παρελευ-

144 507 384 582 σόμεθα;
431 505 465 581 ἢ
506 514 589 575 τίς
632 507 960 581 ἡμῖν’ἐλπὶς
1002 515 1152 566 ἔσται
1190 512 1287 566 τοῦ
1328 509 1754 584 κατορθώματος

98 613 120 645 5
144 589 599 666 άντινομοθετεῑν
622 598 864 665 τολμῶσι
887 607 1000 659 τοῖς
1024 591 1249 651 πάντων
1270 595 1456 650 ἐθνῶν
1486 596 1611 665 περὶ
1642 599 1754 651 τῶν

143 684 365 735 οἰκείων
405 680 559 735 θεῶν
600 679 652 744 ἐξ
695 680 895 743 αἰῶνος
937 680 1206 749 κειμένοις
1237 676 1455 749 νόμοις;
1501 680 1588 734 ἐπὶ
1621 683 1752 752 ποίᾳ

145 762 207 818 δὲ
258 763 350 818 καὶ
406 760 640 833 δυνάμει
682 763 1041 834 περιέσεσθαι
1086 766 1200 817 ἔστι
1241 766 1340 817 τοῦ
1384 760 1751 834 τολμήματος;

145 850 224 903 12.
258 847 434 902 ταῦτα
474 841 507 916 ἢ
549 843 850 917 φησάντων
894 842 963 902 ἂν
1003 844 1140 900 κατὰ
1180 843 1239 901 τὸ
1284 845 1427 911 εἰκὸς
1458 843 1492 918 ἢ
1525 851 1754 919 διανοη-

141 932 361 986 θέντων
408 932 521 986 τῶν
569 932 670 986 τοῦ
703 925 883 1000 Ἰησοῦ
932 932 1228 1001 μαθητῶν,
1278 932 1404 1001 μιοῖς
1455 929 1750 1005 προσθήκῃ

76 1030 119 1062 10
143 1015 336 1082 λέξεως
368 1010 553 1078 αὐτοῖς
583 1011 611 1069 ὁ
645 1011 975 1078 διδάσκαλος
1018 1012 1179 1069 λύσιν
1208 1015 1320 1069 τῶν
1351 1011 1753 1087 άπορηθέντων

139 1094 415 1170 ὑπέθετο,
447 1096 628 1170 φήσας
659 1096 1011 1170 κατόρθωσιν
1044 1099 1101 1154 ἐν
1141 1100 1218 1173 τῷ
1246 1095 1479 1170 ὀνόματί
1503 1114 1636 1170 μου·
1684 1097 1751 1154 οὐ

141 1206 245 1255 γαρ
280 1181 348 1254 δὴ
379 1182 565 1248 ἁπλως
596 1183 688 1238 καὶ
719 1179 1047 1256 ἀδιορίστως
1087 1187 1438 1254 μαθητεῦσαι
1478 1180 1657 1239 πάντα
1686 1180 1752 1238 τὰ

142 1273 282 1338 ἔθνη
313 1267 696 1348 προσέταττεν,
728 1289 863 1339 μετα
888 1266 1212 1340 προσθήκης
1237 1267 1299 1322 δε
1322 1263 1626 1338 ἀναγκαίας
1656 1270 1752 1339 τῆς

145 1352 206 1406 ἐν
234 1373 309 1425 τφ
340 1348 567 1422 ὀνόματι
598 1347 787 1407 αυτοῦ.
852 1355 932 1406 13.
968 1348 1158 1423 ἐπειδὴ
1190 1375 1294 1423 γαρ
1326 1374 1359 1450 η
1394 1349 1627 1423 δύναμις
1657 1355 1752 1423 τῆς

76 1445 120 1478 15
145 1430 315 1490 αὐτοῦ
368 1440 737 1508 προσηγορίας
789 1432 1011 1505 τοιαύτη
1058 1458 1138 1499 τις
1187 1426 1258 1505 ἦν
1311 1458 1382 1500 ως
1432 1433 1607 1507 φάναι
1655 1433 1752 1492 τὸν

142 1515 450 1575 ἀπόστολον
481 1513 601 1574 “gu
645 1517 714 1589 δὴ
749 1520 1036 1590 ἐχαρίσατο
1078 1514 1227 1593 αὐτῷ
1265 1514 1294 1574 ὁ
1325 1517 1457 1583 θεὸς
1487 1517 1546 1574 τὸ
1578 1516 1751 1591 ὄνομα

142 1600 202 1657 τὸ
242 1600 385 1674 ὑπὲρ
432 1606 544 1659 πᾶν
582 1600 785 1675 ὄνομα,
827 1606 922 1658 ἵνα
964 1604 1024 1658 ἐν
1061 1604 1140 1676 τῷ
1168 1599 1394 1674 ὀνόματι
1419 1598 1599 1673 Ἰησοῦ
1640 1605 1751 1659 πᾶν

141 1683 278 1757 γόνυ
319 1684 509 1758 κάμψῃ
552 1689 902 1759 ἐπουρανίων
941 1687 1031 1741 καὶ
1069 1688 1326 1758 ἐπιγείων
1357 1687 1448 1742 καὶ
1480 1696 1752 1759 καταχθο-

142 1766 342 1842 νίων”,
378 1768 598 1835 εἰκότως
620 1774 716 1841 τῆς
739 1769 866 1834 τοὺς
891 1767 1127 1836 πολλοὺς
1158 1769 1550 1842 λανθανούσης
1583 1774 1643 1826 ἐν
1674 1775 1749 1846 τῷ

70 1868 118 1900 20
139 1851 365 1927 ὀνόματι
397 1850 570 1912 αὐτοῦ
601 1853 888 1927 δυνάμεως
919 1851 1021 1924 τὴν
1050 1851 1254 1926 άρετὴν
1287 1856 1601 1927 ἐμφαίνων,
1623 1869 1746 1920 ,τοῖς

140 1936 316 1995 αυτοῦ
357 1948 634 2012 μαθηταῖς
674 1943 899 2040 ἔφησεν
913 1936 1324 2011 “πορευθε’ντες
1363 1936 1751 2011 μαθητεύσατε

140 2020 319 2079 πάντα
342 2024 407 2080 τὰ
439 2028 581 2095 ἔθνη
608 2026 667 2079 ἐν
697 2026 771 2099 τῷ
802 2019 1036 2095 ὀνόματί
1061 2020 1198 2094 μουῖ
1264 2026 1344 2079 14.
1379 2019 1495 2079 εἶτα
1526 2025 1618 2079 καὶ
1648 2033 1751 2080 θε-

139 2113 314 2176 σπίζει
343 2099 419 2164 εὐ
459 2105 603 2180 μάλα
644 2103 885 2180 ακριβως
925 2106 984 2163 τὸ
1016 2109 1245 2180 μέλλον,
1289 2105 1498 2163 εἰπων“
1501 2102 1618 2164 ‘6⁸0
1643 2131 1749 2179 γαρ

139 2194 491 2265 κηρυχθῆναι
520 2191 580 2248 τὸ
608 2189 931 2264 εὐαγγέλιον
960 2214 1120 2248 τουτο
1153 2194 1214 2247 ἐν
1235 2187 1336 2265 ολη
1359 2195 1426 2264 τῇ
1450 2193 1748 2265 οἰκουμένῃ

70 2287 118 2320 25
144 2281 222 2341 εἰς
251 2274 556 2349 μαρτύριον
586 2279 720 2332 πᾶσι
749 2288 861 2342 τοῖς
893 2281 1135 2332 ἔθνεσιν.
1142 2271 1174 2294 ”
1229 2273 1258 2332 ὅ
1292 2275 1352 2332 δε
1383 2273 1542 2347 λόγος
1567 2284 1749 2376 εἴρητο

139 2383 240 2430 μεν
265 2363 324 2416 ἐν
346 2365 525 2435 γωνία
554 2364 653 2432 γῆς
682 2358 822 2430 τότε,
854 2362 947 2416 καὶ
970 2363 1027 2416 οι
1045 2358 1312 2430 παρόντες
1335 2356 1544 2430 ἤκουον
1571 2357 1745 2431 μόνοι.

140 2464 254 2508 πως
285 2445 387 2501 οὐν
416 2443 523 2517 ἄρα
554 2443 743 2510 πιστὸς
773 2444 844 2515 ἠν
875 2442 1060 2508 αὐτοις
1091 2447 1250 2500 τοῦτο
1276 2445 1482 2514 λέγων,
1517 2441 1664 2514 εἰμὴ
1694 2445 1748 2508 ἐξ

144 2527 346 2600 ἐτέρων
373 2551 485 2584 των
514 2526 610 2584 ὑπ’
659 2525 833 2585 αὐτοῦ
869 2529 1276 2601 πεπραγμένων
1317 2527 1531 2583 ἐνθέων
1569 2531 1749 2598 ἔργων

141 2613 235 2680 τῆς
270 2613 330 2667 ἐν
358 2626 472 2678 τοῖς
502 2611 684 2683 λόγοις
724 2609 989 2684 άληθείας
1030 2609 1204 2667 αὐτοῦ
1235 2608 1337 2682 τὴν
1368 2623 1568 2681 πεῖραν
1599 2608 1750 2680 εἰλή-

73 2708 120 2741 30
143 2710 349 2765 φεσαν;
391 2693 474 2751 ὅτι
513 2696 617 2768 γὰρ
661 2700 991 2753 ἐπίστευσαν
1037 2697 1250 2766 λέγοντι
1307 2695 1747 2769 συλλογιζομένῳ

258 2887 309 2925 16
341 2885 458 2927 Phil.
484 2889 524 2939 2,
547 2890 587 2928 9.
844 2891 897 2929 23
929 2889 1092 2930 Matth.
1118 2890 1185 2939 24,
1213 2889 1277 2930 14.
