1992 3186
613 120 921 164 DEMONST.
943 121 1163 163 EVANG.
1184 122 1264 162 IX.
1283 124 1320 162 3.
1343 122 1384 160 4.
1676 119 1780 171 573

168 236 367 310 ὁμοίως
398 237 489 292 καὶ
523 238 582 292 ἐν
615 239 844 304 ἐκείνοις
874 234 934 293 τὸ
957 231 1087 293 τεκαὶ
1112 233 1451 303 αὐτόςῖἕσται
1474 240 1782 310 προσδοκία

172 316 404 379 ἐθνῶν.”
451 322 543 377 καὶ
561 318 730 376 πάλιν
756 323 1002 378 ἐνταῦθα
1018 316 1394 394 μὲν“ἔδεται”
1421 315 1780 393 φησὶν“ἕθνη

173 409 391 478 ἐχθρῶν
422 400 624 477 αὑτοῦ,
671 407 762 462 καὶ
792 418 910 471 ταῖς
941 411 1160 476 βολίσιν
1190 403 1363 462 αὑτοῦ
1401 402 1781 472 κατατοξεύσει
1806 426 1828 459 d

171 485 441 563 ἐχθρόν’”
502 487 764 555 ὡσαύτως
799 489 860 545 δὲ
891 490 980 545 καὶ
1016 492 1075 545 ἐν
1107 493 1336 555 ἐκείνοις
1368 493 1430 545 αἶ
1470 491 1645 562 χεῖρές
1677 506 1782 545 σου

125 598 146 631 5
171 575 260 631 ἐπὶ
291 571 471 630 νώτου
503 575 614 630 τῶν
646 576 866 646 ἐχθρῶν
891 590 994 628 σου
1021 574 1249 644 ἐλέγετο.
1297 577 1375 630 12.
1408 574 1500 629 καὶ
1523 570 1584 629 τὸ
1607 570 1782 629 “σκύ-

167 681 301 731 μνος
326 659 544 723 λέοντος
566 653 788 714 Ἰούδα”
824 658 916 713 καὶ
939 654 998 713 τὸ
1021 654 1360 713 “οἰναπεσών
1386 654 1684 730 ἐκοιμήθης
1710 654 1782 723 ὡς

166 743 310 799 λέων
351 743 444 798 καὶ
475 739 548 807 ὡς
583 739 854 814 σκύμνος,
884 746 967 806 τίς
1002 743 1182 814 ἐγερεῖ
1214 737 1423 798 αὕτόν”
1460 744 1520 797 ἐν
1552 743 1782 808 ἐκείνοις

169 827 460 899 εἰρημένον
490 823 661 882 οὐδέν
689 849 781 898 μοι
813 830 970 881 δοκεῖ
991 826 1281 897 διαφέρειν
1313 829 1407 897 τῆς
1439 823 1574 898 μετα
1597 839 1783 899 χεῖρας

167 912 363 978 λέξεως
387 907 708 982 φασκούσης
733 905 1127 975 “κατακλιθεὶς
1157 908 1509 967 ἀνεπαύσατο
1536 908 1607 976 ὡς
1642 911 1784 966 λέων

107 1021 148 1053 10
172 997 264 1052 καὶ
289 993 362 1061 ὥς
385 991 644 1067 σκύμνος,
669 999 750 1059 τίς
776 990 1073 1067 ἀναστήσει
1099 991 1334 1064 αὐτόν;”
1362 999 1535 1051 ταῦτα
1562 994 1623 1050 δὲ
1638 993 1785 1051 εἰκό-

168 1103 272 1146 τως
306 1083 383 1144 εἰς
413 1075 616 1135 ταυτὸν
648 1076 1056 1184 συνηγάγομεν,
1087 1075 1164 1135 ἵν’
1201 1075 1385 1152 ὥσπερ
1412 1080 1500 1135 ἐπὶ
1520 1077 1783 1151 στόματος

169 1162 271 1220 δύο
300 1161 601 1236 μαρτύρων
630 1165 724 1234 τῆς
758 1166 818 1218 ἐν
847 1175 965 1230 ταῖς
996 1169 1357 1237 προφητείαις
1388 1169 1717 1236 συμφωνίας
1748 1159 1781 1236 ἡ
1808 1183 1894 1225 [2651

169 1249 299 1322 περὶ
329 1251 425 1304 τοῦ
457 1251 699 1319 σωτῆρος
731 1241 887 1319 ἡμῶν
917 1245 1196 1315 ἀπόδειξις
1228 1249 1592 1322 βεβαιοτέραν
1622 1245 1782 1320 λαβοι

168 1329 270 1403 τὴν
301 1329 561 1404 κύρωσιν
608 1335 687 1387 13
721 1352 902 1388 παντα
934 1330 984 1388 δ’
1021 1332 1124 1389 οὐν
1154 1356 1219 1388 τα
1245 1338 1321 1400 εἰς
1345 1331 1447 1404 τὴν
1469 1335 1567 1390 τοῦ
1591 1330 1784 1404 Ἰακώβ

107 1440 148 1473 15
171 1414 478 1490 πρόρρησιν
508 1417 899 1488 τεθεωρημένα
922 1414 1216 1489 ἁρμόσειεν
1239 1441 1309 1473 αν
1333 1419 1424 1473 καὶ
1449 1422 1526 1483 εἰς
1556 1415 1658 1489 τὴν
1687 1419 1787 1474 τοῦ

169 1498 417 1573 Βαλαὰμ,
449 1502 544 1571 τῆς
575 1497 888 1572 ὁμοιότητος
918 1503 1029 1557 τῶν
1052 1503 1370 1574 λεγομένων
1390 1504 1567 1558 ἕνεκα.
1631 1507 1681 1557 εἰ
1713 1498 1780 1572 δὴ
1804 1520 1897 1560 (426)

170 1577 273 1641 οὖν
306 1586 488 1641 ἐκεῖνα
531 1583 623 1640 διὰ
652 1587 858 1656 πολλῆς
900 1581 1238 1652 ἀποδείξεως
1273 1586 1360 1641 ἐπὶ
1392 1584 1489 1641 τὸν
1518 1586 1784 1659 ἡμέτερον

170 1671 388 1742 σωτῆρα
412 1669 814 1742 πεπληρωμένα
846 1671 1103 1742 συνέστη,
1135 1665 1451 1726 ἀκόλουθον
1474 1663 1544 1726 ἂν
1576 1677 1659 1741 εἴη
1691 1671 1783 1725 καὶ

170 1750 235 1810 τοὶ
266 1751 512 1826 παρόντα
543 1751 864 1825 ὁμολογεῖν,

107 1947 149 1979 20
740 1919 873 1979 Ἀπὸ
904 1924 1004 1978 τοῦ
1031 1918 1208 1993 Ὠσηέ.

298 2031 430 2090 IV.‘
435 2030 566 2091 ‘Kal
558 2032 1022 2118 έξαναστήσεται
1054 2030 1299 2090 ἀπώλεια
1326 2036 1386 2090 ἐν
1414 2037 1490 2109 τῷ
1515 2037 1628 2089 λαω
1661 2051 1782 2105 σου,
1810 2066 1830 2098 1,

172 2119 265 2174 καὶ
305 2116 487 2175 πάντα
537 2142 602 2175 τα
643 2119 1144 2191 περιτετειχισμένα
1196 2137 1299 2175 σου
1349 2115 1656 2191 οἰχήσεται,
1712 2141 1785 2183 ως

172 2200 358 2276 ἅρχων
389 2200 662 2276 Σαλαμαν
706 2207 766 2260 ἐκ
804 2206 904 2259 τοῦ
935 2211 1092 2259 οἴκου
1117 2198 1426 2275 Ιεροβοὰμ,
1469 2205 1530 2259 ἐν
1558 2200 1784 2274 ἡμέραις

173 2289 415 2360 πολέμου
446 2290 652 2361 μητέρα
685 2289 771 2343 ἐπὶ
801 2288 1012 2353 τέκνοις
1035 2285 1338 2358 ἠδοὲφισαν.
1394 2282 1538 2343 οὕτω
1570 2284 1784 2356 ποιήσω

110 2407 152 2439 25
173 2369 309 2443 ὑμῖν
337 2370 484 2437 οἰκος
507 2369 723 2445 Ἰσραὴλ
751 2369 858 2427 ἀπὸ
889 2369 1189 2442 προσώπου
1212 2374 1325 2427 τών
1346 2368 1581 2426 ἀδικιῶν
1609 2365 1782 2440 ὑμῶν.

174 2451 388 2526 ὄρθρου
438 2453 718 2527 ἀπερρίφη
774 2453 1035 2526 βασιλεὺς
1089 2451 1332 2525 Ἰσραὴλ,
1394 2451 1533 2509 διότι
1591 2452 1786 2524 νήπιος

168 2533 412 2609 Ἰσραὴλ,
457 2539 548 2593 καὶ
590 2536 696 2609 ἐγω
736 2536 993 2610 ἠγαπησα
1036 2534 1236 2608 αὐτὸν,
1277 2539 1369 2593 καὶ
1412 2539 1464 2603 ἐξ
1496 2534 1785 2608 Αἰγύπτου

975 2618 1054 2640 u„

176 2619 509 2693 μετεκαλεσα
539 2645 604 2677 τα
631 2621 797 2678 τέκνα
828 2645 1014 2678 αυτου.

302 2708 351 2761 2,
386 2703 711 2771 Δουλεύσας
735 2709 810 2781 τῷ
829 2701 1098 2782 Ἑβραῑκῷ
1117 2701 1144 2724 “
1156 2708 1209 2772 εξ
1235 2703 1525 2778 Αἰγύπτου
1551 2704 1784 2763 ἐκαλεσα
1816 2749 1833 2770 0
1905 2741 1907 2743 v

290 2870 315 2908 9
346 2868 510 2909 Matth.
536 2870 602 2921 18,
630 2870 694 2909 16.
870 2871 923 2910 21
958 2869 1036 2910 Os.
1063 2872 1127 2922 10,
1155 2872 1219 2911 14.
