1992 3186
217 132 324 184 540
890 131 1139 172 EUSEBII

219 254 294 324 τῷ
317 247 603 306 Ἰουδαίων
634 253 789 303 ἔθνει
821 249 881 303 ἐν
903 248 977 321 τῷ
1001 245 1204 318 μεταξὺ
1225 244 1405 322 χρόνῳ
1427 249 1540 303 τῶν
1574 244 1708 303 ἑπτὰ
1732 248 1823 303 καὶ

221 331 483 405 ἑξήκοντα
515 330 617 388 δύο
659 328 989 403 ἑβδομάδων
1024 332 1566 403 πεπροφητευμένων
1595 327 1826 388 ἀκολού-

219 427 338 483 θως
369 414 401 487 ἡ
434 413 672 486 δήλωσις
702 418 798 486 τῆς
820 412 930 471 ὑπὸ
960 416 1059 470 τοῦ
1083 418 1326 487 σωτῆρος
1350 409 1507 487 ἡμῶν
1525 422 1826 487 καταγγελ-

219 507 413 571 θείσης
445 503 636 571 καινῆς
671 497 942 570 διαθήκης
981 504 1314 566 θεσπίζεται.
1350 505 1361 533 f
1398 502 1514 556 107.
1547 497 1827 556 τοσούτων

220 586 359 655 γοῦν
402 582 493 639 διὰ
533 586 704 656 μέσου
747 585 838 639 καὶ
878 581 1082 655 μεταξὺ
1112 586 1223 639 τῶν
1254 579 1388 638 ἑπτα
1428 584 1520 638 καὶ
1565 581 1828 655 ἑξήκοντα

219 666 321 724 δύο
378 666 708 740 ἑβδομάδων
763 669 1070 740 εἰρημένων
1127 668 1431 739 ἐπιλέγεται
1476 661 1607 723 “noel
1655 673 1830 725 δυνα-

218 750 390 824 μιόσει
422 750 701 824 διαθήκην
731 759 954 817 πολλοῖς
978 749 1217 824 ἑβδομὰς
1247 756 1364 824 μία,
1396 752 1488 807 καὶ
1521 753 1581 808 ἐν
1610 757 1684 828 τῷ
1709 749 1831 824 ἡμί-

220 855 304 893 σει
335 839 430 908 τῆς
462 835 769 909 ἑβδομάδος
800 832 1107 910 ἀρθήσεται
1138 841 1315 892 θυσία
1346 837 1439 892 καὶ
1471 835 1707 908 σπονδὴ,
1739 837 1832 892 καὶ

221 922 310 978 ἐπὶ
341 919 401 977 τὸ
436 919 587 994 ἱερὸν
617 922 902 994 βδέλυγμα
924 923 1037 977 τῶν
1061 917 1392 993 ἐρημώσεων
1414 925 1584 992 ἔσται,
1616 922 1709 976 καὶ
1732 922 1834 986 ἕως

221 1011 542 1071 συντελείας
577 1008 774 1079 καιροῦ
806 1005 1092 1063 συντέλεια
1127 1002 1427 1076 δοθήσεται
1453 1006 1540 1061 ἐπὶ
1573 1001 1685 1076 τὴν
1708 1002 1830 1078 ἐρή-

220 1087 451 1162 μωσιν.”
534 1094 649 1147 108.
682 1095 808 1147 τίνα
853 1087 1149 1161 δὲτρόπον
1190 1090 1282 1145 καὶ
1322 1092 1494 1145 ταῦτα
1525 1092 1833 1163 ἐπληροῦτο

221 1171 668 1246 κατανοήσωμεν.
733 1178 1028 1274 ἱστορεῖται
1063 1173 1123 1229 δὲ
1153 1168 1181 1229 ὅ
1213 1176 1319 1238 πᾶς
1348 1178 1444 1245 τῆς
1471 1178 1833 1238 διδασκαλίας

221 1259 314 1314 καὶ
331 1260 820 1357 παραδοξοποιίας
858 1254 997 1330 ὁμοῦ
1037 1261 1135 1314 τοῦ
1166 1260 1410 1331 σωτῆρος
1450 1253 1609 1330 ἡμων
1639 1255 1833 1330 χρόνος

219 1365 391 1413 τριων
432 1339 600 1414 ἥμισυ
641 1366 881 1414 γεγονως
926 1345 1091 1413 ἐτων,
1144 1339 1279 1413 ὅπερ
1334 1343 1483 1398 ἐστὶν
1527 1339 1833 1414 ἑβδομάδος

222 1422 405 1498 ἥμισυ.
468 1424 631 1482 τοῦτό
661 1448 776 1491 πως
803 1423 1060 1498 Ἰωάννης
1099 1423 1128 1482 ὁ
1162 1423 1550 1498 ευαγγελιστὴς
1589 1422 1832 1498 άκριβως

172 1546 187 1566 0
225 1511 515 1581 ἐφιστᾶσιν
556 1506 727 1567 αυτοῦ
766 1513 844 1586 τῷ
885 1509 1190 1586 ευανγελίω
1231 1508 1584 1583 παραστήσει.
1649 1519 1732 1583 εἰή
1764 1507 1834 1566 ἅν

219 1618 324 1651 ουν
373 1593 611 1666 εβδομάς
654 1597 791 1651 ἐτων
838 1600 936 1667 μία
975 1590 1004 1650 ὁ
1047 1599 1151 1660 πᾶς
1191 1593 1387 1695 χρόνος
1424 1598 1519 1667 τῆς
1558 1618 1694 1668 μετα
1722 1618 1834 1652 των

219 1675 543 1735 αποστόλων
568 1677 744 1735 αὐτου
767 1682 1164 1751 συνδιατριβῆς
1179 1722 1194 1750 ,
1226 1677 1255 1734 ὅ
1274 1701 1331 1735 τε
1355 1678 1460 1752 πρὸ
1487 1682 1586 1736 τοῦ
1614 1677 1833 1744 πάθους

221 1765 313 1818 καὶ
358 1758 387 1819 ὁ
426 1763 562 1835 μετὰ
600 1762 702 1835 τὴν
750 1766 809 1820 ἐκ
850 1768 1066 1836 νεκρῶν
1107 1760 1412 1821 ἀνάστασιν
1452 1762 1641 1820 αὐτοῦ.
1714 1766 1828 1818 109.

220 1844 326 1917 πρὸ
357 1847 458 1919 μὲν
487 1841 591 1918 γάρ
622 1851 718 1904 τοῦ
751 1845 970 1913 πάθους
1003 1849 1091 1903 ἐπὶ
1121 1853 1246 1920 τρία
1276 1849 1368 1903 καὶ
1398 1845 1570 1919 ἥμισυ
1601 1851 1694 1918 ἔτη
1718 1856 1832 1913 τοῖς

220 1934 390 1986 πᾶσιν
424 1930 623 1989 ἑαυτὸν
653 1933 910 2004 παρέχων
939 1941 1215 2003 μαθηταῖς
1253 1953 1312 1987 τε
1351 1932 1444 1986 καὶ
1473 1944 1585 1995 τοῖς
1615 1929 1688 2003 μὴ
1719 1953 1832 1986 τοι-

221 2013 404 2079 ούτοις
445 2014 880 2087 ἀναγέγραπται·
937 2010 1070 2069 καθ’
1114 2010 1181 2069 ὃν
1223 2018 1607 2080 διδασκαλίαις
1653 2037 1832 2089 παρα-

223 2095 400 2164 δόξοις
439 2121 498 2154 τε
536 2103 863 2170 θεραπείαις
892 2099 987 2168 τῆς
1017 2095 1278 2170 θεότητος
1319 2095 1489 2155 αὐτοῦ
1529 2097 1624 2164 τὰς
1658 2097 1832 2156 δυνά-

222 2204 340 2253 μεις
364 2183 534 2237 πᾶσιν
558 2177 985 2253 ἁπλῶςἝλλησί
1009 2205 1067 2238 τε
1098 2184 1189 2237 καὶ
1214 2178 1501 2247 Ἰουδαίοις
1526 2189 1828 2255 παρείχετο.

225 2269 342 2321 110.
377 2263 510 2337 μετὰ
541 2266 602 2322 δὲ
631 2264 733 2336 τὴν
766 2268 824 2321 ἐκ
863 2271 1078 2338 νεκρῶν
1114 2263 1419 2322 ἀνάστασιν
1447 2266 1544 2323 τὸν
1576 2275 1722 2338 ἴσον,
1758 2265 1829 2333 ὡς

191 2348 401 2421 ῑείκὸς,
443 2352 555 2406 τῶν
598 2353 735 2405 ε’τῶν
775 2347 976 2423 χρόνον
1015 2363 1127 2416 τοῖς
1183 2352 1386 2406 ἑαυτοῦ
1423 2360 1699 2423 μαθηταῖς
1738 2354 1830 2407 καὶ

195 2429 547 2499 -άποστόλοις
578 2437 789 2506 συνῆν,
834 2431 910 2490 δι’
956 2430 1177 2507 ἡμερῶν
1219 2433 1630 2507 τεσσαράκοντα
1660 2433 1831 2491 ὀπτα-

224 2515 453 2589 νόμενος
486 2515 672 2584 αὐτοῖς
703 2520 794 2574 καὶ
826 2517 1265 2591 συναλιζόμενος,
1299 2520 1389 2574 καὶ
1411 2522 1590 2591 λέγων
1612 2518 1679 2575 τὰ
1703 2521 1830 2588 περὶ

222 2605 317 2671 τῆς
368 2607 653 2672 βασιλείας
697 2605 797 2658 τοῦ
839 2605 1007 2674 θεοῦ,
1061 2598 1132 2669 ὥς
1173 2606 1311 2674 γοῦν
1353 2607 1411 2659 αἱ
1441 2601 1679 2675 Πράξεις
1718 2605 1830 2659 τῶν

1855 1030 1896 1062 10

1857 1449 1897 1481 15

1853 1868 1895 1902 20

1852 2287 1893 2320 25

221 2681 544 2742 ἀποστόλων
588 2688 964 2759 περιέχουσιν·
1025 2685 1097 2753 ὡς
1141 2686 1282 2743 εἶναι
1325 2685 1533 2759 ταύτην
1575 2685 1676 2758 τὴν
1728 2691 1828 2758 δη-
1850 2707 1892 2739 30

221 2770 499 2839 λουμένην
529 2773 623 2841 τῆς
654 2777 991 2843 προφητείας
1022 2776 1133 2827 τῶν
1167 2774 1304 2827 ἐτοῖν
1338 2769 1647 2844 ἑβδομάδα,
1689 2769 1821 2826 καθ’

220 2847 291 2921 ἢν
353 2852 740 2925 ἐνεδυνάμωσε
799 2853 1077 2926 διαθήκην
1134 2862 1385 2926 πολλοῖς,
1459 2854 1561 2926 τὴν
1630 2851 1827 2925 καινὴν
