1992 3186
253 129 352 181 218
907 130 1154 170 EUSEBH

243 245 466 320 ουργός·
525 242 613 325 (οὐ
654 243 757 317 γὰρ
799 243 936 318 ἄλλῃ
987 247 1130 301 θεοῦ
1179 245 1280 317 μὲν
1321 243 1553 317 δυνάμει
1601 247 1845 317 κεφαλῆς

242 329 455 403 ὑπέστη
486 329 680 403 φύσις,
722 327 860 400 ἄλλῃ
895 329 956 384 δὲ
995 325 1334 401 ὀφθαλμων,
1378 331 1534 404 ἑτέρᾳ
1576 329 1637 385 δὲ
1669 327 1844 401 ὤτων,

246 417 404 490 ἑτέρα
457 415 517 470 δὲ
557 412 771 484 ποδων)
825 410 969 468 οὕτω
1011 414 1100 468 καὶ
1139 415 1240 469 τοῦ
1278 411 1596 485 σύμπαντος
1637 411 1846 486 κόσμου

243 504 341 571 μία
382 496 628 555 καθόλου
665 502 797 552 θεία
838 494 1072 568 δύναμις
1121 500 1486 554 ἐπιστατοῦσα
1525 495 1558 568 ἡ
1600 494 1798 569 αὐτὴ
1778 495 1847 554 ἀν

147 604 216 645 197]
246 592 329 653 εἴη
361 583 450 637 καὶ
481 579 725 654 οὐρανοῦ
756 583 848 638 καὶ
878 578 1154 654 ἀστέρων,
1185 583 1298 637 τῶν
1327 604 1383 637 τε
1417 584 1476 637 ἐν
1506 577 1627 653 ἀέρι
1657 583 1748 637 καὶ
1777 584 1847 653 γῆ
1870 605 1891 638 5

126 687 220 729 (ιω)
246 668 338 722 καὶ
378 663 626 738 θαλάττῃ
670 663 850 742 ζῴων,
895 670 1180 737 στοιχείων
1219 687 1277 720 τε
1316 668 1428 720 τῶν
1468 662 1716 721 καθόλου
1757 667 1850 721 καὶ

242 754 355 806 τῶν
386 749 522 806 κατὰ
553 752 741 823 μέρος,
783 750 875 806 καὶ
921 754 998 804 ἔτι
1041 746 1270 820 φύσεων
1301 754 1581 805 παντοίων
1609 751 1850 819 γενικῶν

242 857 301 890 τε
332 836 423 890 καὶ
453 836 564 890 τῶν
605 831 723 890 κατ’
775 833 920 899 εἶδος
955 831 1302 905 δημιουργός.
1374 837 1422 889 5.
1457 835 1548 889 καὶ
1579 828 1682 890 οὐκ
1712 830 1849 904 ἄλλη

242 919 344 990 μὲν
374 915 575 990 πυρὸς,
609 919 765 991 ἑτέρα
798 918 858 974 δὲ
887 914 1117 989 ὕδατος,
1151 919 1242 973 καὶ
1272 922 1372 988 γῆς
1396 915 1565 974 πάλιν
1587 913 1725 989 ἅλλη
1757 918 1849 973 καὶ

244 1000 402 1074 ἀέρος
442 1001 695 1075 ποιητικὴ
742 1001 1000 1074 δύναμις·
1056 999 1194 1057 ἀλλά
1233 1007 1332 1073 μία
1370 997 1525 1072 καὶὴ
1566 997 1705 1072 αὕτη
1737 1004 1849 1057 τῶν
1874 1025 1913 1057 10

242 1085 389 1143 ὅλων
413 1101 646 1159 τεχνῖτις
671 1091 858 1158 σοφία,
884 1087 974 1141 καὶ
998 1083 1323 1157 κοσμοποιός
1348 1081 1513 1150 αὐτὸς
1537 1076 1694 1150 οὗτος
1718 1083 1851 1157 ἡμῖν

242 1166 270 1226 ὁ
311 1168 748 1242 θεολογούμενος
793 1172 904 1227 τῶν
943 1167 1088 1225 ὅλων
1130 1167 1158 1224 ὁ
1202 1168 1534 1242 δημιουργὸς
1575 1171 1671 1225 τοῦ
1709 1174 1851 1226 θεοῦ

245 1252 417 1326 λόγος.
490 1259 537 1310 6.
573 1269 845 1329 μαρτυρεῖ
885 1254 945 1309 δὲ
984 1251 1196 1318 τούτοις
1241 1250 1274 1324 ἡ
1315 1252 1449 1326 πρὸς
1491 1251 1702 1325 ἄλληλα
1739 1257 1851 1309 τῶν

244 1343 530 1411 στοιχείων
561 1344 718 1410 φιλία
738 1383 751 1409 ,
791 1342 857 1411 τῇ
897 1340 1009 1393 τῶν
1050 1336 1411 1409 συγκράσεων
1443 1340 1684 1412 ἐπιμιξία
1715 1355 1852 1409 συγ-

243 1426 380 1494 γενῆ
409 1423 499 1478 καὶ
531 1420 782 1494 ἀδελφὴν
808 1424 898 1478 καὶ
923 1418 1107 1492 ὥσπερ
1135 1419 1257 1486 ἑνὸς
1287 1419 1664 1494 ἀρχιτέκτονος
1689 1427 1852 1495 ἔργον
1876 1442 1916 1474 15

195 1530 217 1562 b
244 1506 344 1579 τὴν
382 1512 493 1562 τῶν
531 1504 677 1562 ὅλων
717 1504 894 1579 φύσιν
935 1502 1330 1578 ἀπελέγχουσα.
1414 1509 1482 1577 γῆ
1531 1528 1590 1562 τε
1638 1505 1742 1578 γὰρ
1791 1504 1852 1562 τὸ

244 1589 390 1663 βαρὺ
442 1603 711 1662 στοιχεῖον
766 1587 853 1663 ἐφ’
896 1588 1120 1647 ὑδάτων
1157 1586 1458 1662 ὀχουμένη,
1513 1591 1601 1646 καὶ
1654 1589 1727 1662 μὴ
1775 1593 1851 1663 τῷ

243 1681 550 1751 στερεμνίῳ
580 1679 674 1747 τῆς
705 1673 926 1747 φύσεως
958 1674 1094 1730 κατὰ
1125 1673 1342 1746 βάθους
1377 1676 1662 1746 ἑλκομένη,
1694 1675 1852 1746 μετέ-

243 1783 383 1831 ωρος
440 1755 492 1813 δ’
536 1755 622 1814 ἀεὶ
674 1761 954 1834 φερομένη
994 1761 1083 1815 καὶ
1125 1757 1198 1830 μὴ
1251 1759 1661 1834 καταδυομένη,
1714 1762 1852 1814 θεοῦ

243 1842 405 1943 λόγωῗ
414 1844 505 1898 καὶ
528 1847 669 1900 θεοῦ
693 1847 868 1918 βουλῇ
893 1845 986 1899 καὶ
1010 1841 1243 1915 δυνάμει
1262 1855 1542 1914 μαρτυρεῖ.
1597 1846 1640 1897 7.
1674 1865 1850 1915 υγρας
1873 1863 1915 1896 20

243 1950 301 1983 τε
333 1927 403 1984 αὐ
434 1925 601 1983 πάλιν
632 1927 825 1993 οὐσίας
857 1923 889 1999 ἡ
922 1926 1056 1998 πρὸς
1086 1924 1145 1982 τὸ
1188 1925 1353 1999 ξηρὸν
1383 1931 1646 1982 κοινωνία
1677 1926 1852 1998 μηδεν

240 2010 467 2083 φθόρον
507 2013 960 2084 ἐπιδεικνυμένη,
1003 2008 1133 2083 μηδ’
1178 2008 1399 2082 ἀθρόως
1439 2008 1498 2066 τὸ
1539 2033 1650 2066 παν
1683 2013 1852 2066 ἐπιλι-

244 2093 555 2166 μνάζουσα,
587 2093 818 2167 νεύματι
851 2092 904 2151 δ’
940 2091 1160 2170 ἀρρήτῳ
1185 2098 1324 2151 θεοῦ
1350 2096 1720 2166 πεπεδημένη,
1753 2097 1851 2150 ἕνα

245 2176 413 2234 πάλιν
443 2179 533 2233 καὶ
565 2176 661 2234 τὸν
691 2177 862 2235 αὐτὸν
892 2177 1057 2250 λόγον
1081 2182 1179 2234 τοῦ
1204 2184 1341 2235 θεοῦ
1371 2184 1682 2252 παρίστησι.
1726 2181 1771 2232 8.
1799 2182 1858 2233 τί

195 2294 215 2316 c
250 2264 315 2318 δέ
324 2288 337 2330 ;
369 2260 428 2317 τὸ
459 2264 592 2334 πῦρ,
624 2267 799 2319 καίτοι
831 2266 1127 2332 καυστικῆς
1151 2264 1243 2317 καὶ
1266 2266 1577 2333 φθαρτικῆς
1606 2259 1849 2333 φύσεως,
1874 2282 1916 2314 25

246 2351 432 2402 ἔπειτα
465 2344 647 2412 ξύλοις
682 2348 1005 2418 ἐμφωλεῦον
1046 2348 1136 2400 καὶ
1168 2351 1448 2410 παντοίοις
1481 2343 1633 2421 ζςόων
1663 2342 1850 2416 σωμα-

243 2449 338 2487 σιν
369 2425 843 2502 ἀνακεκραμένον,
884 2431 956 2503 γῇ
993 2452 1051 2486 τε
1081 2431 1173 2484 καὶ
1203 2426 1366 2484 ὕδατι
1397 2430 1488 2485 καὶ
1531 2426 1650 2502 ἀέρι
1682 2447 1851 2486 συνε-

247 2516 695 2586 στοιχειωμένον,
729 2512 958 2570 κᾶπειτα
989 2511 1132 2589 λόγῳ
1158 2514 1248 2568 καὶ
1273 2514 1451 2588 μέτρω
1483 2526 1594 2578 τοῖς
1626 2515 1759 2569 πᾶσι
1789 2510 1849 2570 τὸ

246 2600 404 2669 δέον,
447 2594 580 2654 ὅσον
619 2593 688 2655 ἂν
733 2596 942 2674 ἑκάστῳ
973 2599 1185 2669 γένοιτο
1217 2596 1351 2669 πρὸς
1385 2594 1686 2669 ὠφελείας,
1734 2600 1852 2654 ε’πι-

243 2684 546 2754 χορηγοῦν,
587 2686 681 2754 τῆς
724 2681 772 2738 δ’
819 2687 1024 2748 οἰκείας
1068 2679 1355 2753 δυνάμεως
1401 2683 1845 2754 ἐπιλελησμένον,
1873 2701 1915 2734 30

244 2763 312 2820 οὔ
346 2783 429 2820 σοι
461 2770 614 2822 δοκεῖ
635 2765 802 2823 πάλιν
824 2770 965 2823 θεοῦ
989 2764 1132 2840 λόγῳ
1157 2766 1247 2821 καὶ
1275 2763 1508 2837 δυνάμει
1534 2763 1850 2840 δουλεύειν,

244 2847 452 2921 ἡμέρας
508 2850 567 2905 δὲ
613 2852 703 2905 καὶ
754 2849 951 2916 νυκτὸς
992 2848 1283 2922 ἀμοιβαιάς
1336 2851 1537 2923 ὁρῶντι
1588 2847 1848 2921 κινήσεις,
