1992 3186
571 137 881 179 DEMONST.
914 119 1137 179 EVANGL
1166 138 1246 179 1v.
1279 138 1344 177 16.
1637 134 1740 186 263

740 353 976 423 Ψαλμοῦ
1005 371 1122 422 πγ.
1093 348 1107 367 ’

132 455 332 526 Χριστὸς
355 454 581 523 ὀνομαστὶ
605 453 687 500 τὸν
711 453 831 500 θεὸν
855 452 1067 510 ε’πόπτην
1085 450 1493 524 ἐπιγραφόμενος,
1521 457 1611 526 μία
1633 470 1684 498 τε
1706 451 1735 510 ἦ

131 514 214 569 τῆς
242 511 542 564 ἀναστάσεως
572 508 719 557 αὐτοῦ
747 511 920 578 ἡμέρα,
951 513 1034 556 καὶ
1057 516 1126 562 εἰς
1155 516 1285 561 οἰκος
1314 512 1437 554 θεοῦ
1457 509 1486 566 ἡ
1512 513 1740 566 εκκλησία

850 565 1016 612 αὐτοῦ.

87 698 108 730 5
260 678 340 730 18.
367 668 870 746 ““Υπερασπιστα’
841 676 998 744 ημῶν
1031 676 1114 728 ἰδε
1144 667 1172 728 ὁ
1203 669 1363 743 θεὸς,
1397 673 1488 728 και
1521 673 1738 742 ἐπίβλε-

130 770 238 824 ψον
270 759 358 814 ἐπὶ
387 757 446 814 τὸ
477 757 777 831 πρόσωπον
799 760 896 813 τοῦ
909 759 1148 829 Χριστοῦ
1180 773 1297 812 σου.
1344 752 1429 811 ὅτι
1461 761 1736 830 κρείσσων
1755 779 1848 822 (186)

127 837 304 914 ἡμέρα
332 847 432 914 μιά
463 844 522 898 ἐν
552 856 671 906 ταῖς
702 837 896 906 αὐλαῖς
927 857 1029 896 σου
1059 835 1200 912 ὑπὲρ
1232 837 1498 912 χιλιάδας.
1562 842 1738 906 ἐξελε-

129 923 305 997 ξάμην
349 934 855 999 παραρριπτεϊσθαι
902 926 962 980 ἐν
1000 926 1075 999 τῷ
1114 932 1248 998 οἴκῳ
1288 927 1387 979 τοῦ
1437 926 1581 981 θεοῦ
1629 948 1736 996 μου

126 1011 338 1082 μᾶλλον
367 1004 403 1081 ἢ
433 1015 608 1066 οἰκεῖν
638 1033 705 1080 με
738 1013 797 1065 ἐν
827 1006 1187 1079 σκηνώμασιν
1207 1004 1613 1081 ἁμαρτωλῶν·”
1653 1013 1734 1065 19.

65 1117 106 1149 10
127 1097 184 1150 οἰ
211 1091 562 1166 ἐπιστάμενοι
590 1092 689 1149 τὸν
719 1090 960 1163 Χριστὸν
987 1097 1086 1148 τοῦ
1115 1094 1255 1148 θεοῦ
1285 1091 1417 1148 ὅντα
1446 1090 1612 1163 λόγον
1643 1095 1738 1148 καὶ

127 1183 332 1250 σοφίαν
361 1180 454 1233 καὶ
484 1180 602 1250 φώς
625 1175 901 1249 ἀληθινὸν
925 1178 1016 1232 καὶ
1040 1176 1202 1248 ζωὴν,
1236 1181 1422 1232 ἔπειτα
1444 1175 1546 1249 τὴν
1578 1179 1737 1232 ἐναν-

125 1261 422 1334 θρώπησιν
484 1259 656 1318 αὐτοῦ
717 1259 1126 1332 συννοήσαντες
1190 1258 1616 1332 κατεπλαγησαν
1675 1257 1735 1316 τὸ

127 1344 441 1418 παραδοξον
470 1350 568 1402 τοῦ
597 1343 936 1417 θελήματος,
979 1343 1118 1401 ω’στε
1148 1341 1436 1401 ανειπεῑν
1441 1340 1552 1400 καὶ
1588 1349 1738 1400 εἶδον

126 1452 230 1501 μεν
260 1427 451 1500 αὐτὸν,
483 1433 575 1484 καὶ
604 1427 706 1485 οὐκ
738 1426 884 1501 εἶχεν
916 1428 1063 1493 εἶδος
1092 1425 1224 1485 οὐδὲ
1256 1427 1472 1501 κάλλος,
1507 1425 1627 1485 αλλ’
1665 1420 1736 1500 ἦν

64 1536 106 1568 15
126 1511 186 1568 τὸ
219 1512 366 1578 εἶδος
397 1509 569 1570 αὐτοῦ
599 1535 811 1583 ατιμον,
843 1515 934 1568 καὶ
967 1515 1220 1569 ἐκλεῖπον
1239 1534 1388 1582 παρα
1417 1511 1546 1577 τοὺς
1576 1512 1736 1577 υἱοὺς

126 1600 238 1653 τῶν
267 1595 602 1669 ἀνθρώπων.
663 1594 962 1668 ἅνθρωπος
995 1598 1055 1652 ἐν
1083 1599 1270 1668 πληγῇ
1300 1593 1405 1667 ὢν,
1447 1599 1538 1652 καὶ
1573 1594 1734 1662 εἰδώς
1756 1617 1775 1651 b

125 1683 319 1752 φέρειν
348 1687 644 1752 μαλακίαν,
675 1677 758 1736 ὅτι
789 1677 1100 1752 ἀπέστρεψε
1119 1678 1175 1736 τὸ
1210 1678 1510 1752 πρόσωπον
1542 1679 1732 1751 αὐτοῦ,

123 1761 457 1837 ἠτιμάσθη.”

251 1852 335 1904 20.
369 1847 614 1914 Εἰκότως
645 1850 1029 1919 παρακαλοῦσι
1051 1846 1147 1903 τὸν
1169 1844 1308 1903 θεὸν
1333 1849 1622 1918 ἐπιβλέψαι
1655 1853 1733 1913 εἰς

60 1956 103 1989 20
124 1931 184 1988 τὸ
226 1931 524 2005 πρόσωπον
563 1938 659 1989 τοῦ
700 1934 942 2002 Χριστοῦ
977 1929 1037 1988 τὸ
1092 1929 1163 1987 δι’
1211 1927 1351 2003 ἡμᾶς
1389 1929 1734 2004 ἠτιμωμένον

124 2019 216 2072 καὶ
246 2019 717 2088 καθυβρισμένον,
748 2013 879 2072 ἵλεώ
909 2039 968 2073 τε
989 2014 1123 2088 ἡμῖν
1142 2016 1407 2087 γενέσθαι
1434 2014 1507 2071 δι’
1543 2013 1730 2086 αὐτὸν,

118 2095 275 2156 “ε’πεὶ
305 2098 398 2165 τὰς
439 2096 707 2173 ἁμαρτίας
738 2096 895 2172 ἡμῶν
935 2096 1240 2171 ἀνείληφεν
1280 2101 1371 2155 καὶ
1401 2098 1543 2173 ὑπὲρ
1574 2095 1732 2172 ἡμῶν

123 2179 446 2240 ὀδυνᾶται.”
507 2186 678 2240 ταῦτα
712 2181 769 2239 δ’
805 2182 1134 2255 ἱκετεύουσι,
1165 2185 1462 2256 μονονουχὶ
1487 2187 1732 2240 ποθοῦν-

123 2290 211 2332 τες
253 2270 346 2324 καὶ
393 2271 452 2324 ἐν
506 2266 641 2341 εὐχῇ
679 2270 959 2340 τιθέμενοι
1001 2267 1061 2324 τὸ
1102 2266 1400 2340 πρόσωπον
1442 2273 1537 2339 τῆς
1571 2266 1731 2339 δόξης

58 2375 100 2407 25
127 2356 270 2408 ἰδεῖν
307 2354 407 2408 τοῦ
429 2355 694 2425 Χριστοῦ,
725 2354 817 2408 καὶ
847 2351 949 2422 τὴν
978 2347 1189 2424 ημέραν
1218 2354 1317 2408 τοῦ
1346 2349 1526 2422 φωτὸς
1557 2350 1731 2407 αὐτοῦ

123 2433 470 2492 θεασασθαι
517 2459 655 2507 αυτη
689 2436 750 2492 δε
780 2428 849 2506 ἦν
880 2434 912 2507 ἡ
937 2439 1032 2507 τῆς
1056 2439 1115 2492 ἐκ
1137 2440 1353 2509 νεκρῶν
1375 2433 1730 2500 ἀναστασεως

126 2514 324 2589 αὐτοῦ,
356 2517 551 2589 ἥντινα
580 2527 715 2592 μίαν
744 2521 918 2577 οὖσαν
949 2522 1040 2576 καὶ
1069 2519 1247 2591 μόνην
1278 2542 1350 2585 ως
1381 2516 1604 2590 ἆληθως
1634 2541 1770 2575 acu-e

126 2605 254 2670 ρίαν
283 2595 456 2658 οὖσαν
485 2605 576 2659 καὶ
593 2602 865 2677 κυριακὴν
881 2610 1167 2677 κρείττονα
1188 2603 1334 2658 εἶναί
1356 2620 1491 2672 φασι
1510 2607 1729 2675 μυρίων

123 2681 272 2741 όσων
294 2689 406 2740 τῶν
425 2689 747 2761 κοινοτέρως
766 2689 1086 2760 νοουμένων
1108 2683 1329 2759 ἡμερῶν
1343 2730 1358 2758 ,
1390 2709 1423 2757 η
1444 2709 1556 2742 των
1579 2707 1729 2759 παρα

238 2877 263 2914 5
293 2876 368 2916 Ps.
391 2878 459 2927 83,
484 2878 524 2917 9.
656 2926 658 2928 ¹
699 2880 750 2919 13
780 2880 857 2919 Es.
881 2880 949 2931 53,
971 2881 1012 2918 2.
