1946 3158
199 112 268 165 74
878 110 1126 153 EUSEBH

106 253 173 294 (44)
324 240 358 289 Ι.
423 233 659 301 Πρῶτον
689 221 809 298 οῦν,
845 225 1140 300 ἐπειδήπερ
1187 223 1339 283 αὐτοὶ
1381 223 1475 293 τὰς
1510 222 1652 299 ὑπὲρ
1693 226 1797 285 αῦ-

148 337 171 370 b
196 316 308 371 τῶν
348 314 710 387 χρηστοτέρας
753 311 944 384 φωνὰς
992 309 1364 382 ἀναλέγεσθαι
1407 309 1642 368 εἰώθασι
1702 314 1792 369 καὶ

195 396 397 464 ταύτας
431 396 522 454 διὰ
553 396 814 470 στόματος
845 394 1356 468 ἀπομνημονεύειν,
1400 392 1796 468 ἀντιπαραθῶ-

157 481 166 491 ’
195 506 299 555 μεν
330 479 516 548 αὐτοῖς
547 479 641 546 τὰς
671 482 799 554 περὶ
828 484 941 537 τῶν
974 482 1158 537 ἐθνῶν
1190 482 1242 546 ἐξ
1274 475 1460 536 αὐτῶν
1505 483 1617 536 τῶν
1662 504 1793 554 προ-

195 570 440 639 φητειῶν
462 565 791 636 ἀποδείξεις,
823 563 1171 637 παριστῶσας
1203 562 1275 630 ὧς
1307 561 1414 636 ἄρα
1443 570 1635 638 μυρίαι
1666 563 1789 621 ὅσαι
1815 589 1835 622 5

195 649 526 724 προρρήσεις
574 646 761 721 ἀγαθοὶ
810 651 899 706 καὶ
950 647 1191 722 σωτήρια
1236 651 1370 705 πᾶσι
1410 662 1523 714 τοῖς
1567 654 1794 706 ἔθνεσιν

196 737 506 807 ἐθέσπιζον,
539 736 630 791 καὶ
663 733 734 801 ὡς
766 733 885 792 οὐδ’
924 731 1101 801 ἄλλως
1133 740 1380 805 ἔφασκον
1416 731 1794 806 ἀποτελεσθή-

194 829 395 878 σεσθαι
446 818 513 876 τὰ
555 821 933 892 ἐπηγγελμένα
974 832 1086 885 τοῖς
1136 825 1367 875 ἔθνεσιν
1415 814 1448 890 ἢ
1492 816 1583 874 διὰ
1621 816 1793 891 μόνης

191 910 286 976 τῆς
317 928 415 962 του
399 907 670 977 Χριστοῦ
701 909 1025 978 παρουσίας.
1059 907 1105 959 2.
1133 901 1432 974 στήσαντες
1458 902 1519 958 δε
1547 906 1794 959 ἐνταῦθα

191 986 288 1046 τὸν
330 987 552 1090 λόγον,
567 985 984 1061 ἀποδεδειχότες
1027 1013 1097 1044 αν
1130 997 1319 1060 εἴημεν
1360 985 1432 1054 ὡς
1475 983 1542 1043 οῦ
1583 990 1792 1058 μαλλον
1815 1011 1855 1042 10

195 1077 424 1140 ἐκείνοις
472 1098 648 1146 φαναι
697 1076 837 1147 χρῆν
868 1069 901 1144 ἢ
945 1071 1079 1146 ἡμῖν
1131 1072 1232 1143 τὴν
1278 1073 1365 1128 ἐπὶ
1403 1070 1501 1128 τὸν
1551 1071 1794 1142 Χριστὸν

143 1177 159 1199 0
190 1160 291 1215 τοῦ
318 1162 459 1215 θεοῦ
491 1162 833 1230 προσδοκίαν
862 1155 1165 1230 αρμόττειν.
1241 1155 1540 1230 ἰσορρόπου
1574 1157 1633 1212 δε
1658 1152 1795 1213 Ἰου-

194 1247 370 1308 δαίοις
419 1244 510 1299 καὶ
528 1239 763 1315 ’Ἐλλησι
803 1245 897 1314 τῆς
948 1246 1060 1299 τῶν
1093 1243 1517 1314 ἐπηγγελμένων
1571 1244 1793 1308 ἐλπίδος

192 1324 647 1401 ἀποδειχθείσης,
681 1325 754 1393 ὡς
794 1326 929 1383 κατὰ
959 1329 1121 1383 τοῦτο
1160 1326 1337 1398 μηδὲν
1378 1328 1490 1381 τῶν
1535 1327 1594 1381 ἐκ
1635 1347 1792 1395 περι-

189 1412 356 1484 τομῆς
388 1417 680 1469 λείπεσθαι
712 1408 837 1477 τοῦς
882 1407 988 1468 ἀπὸ
1028 1414 1139 1468 τῶν
1187 1412 1371 1467 ἐθνῶν
1414 1408 1505 1464 διὰ
1550 1412 1792 1482 Χριστοῦ
1815 1432 1855 1464 15

190 1499 650 1569 σωθησομένους,
710 1499 768 1552 ἐκ
809 1502 1130 1567 περιουσίας
1178 1497 1299 1566 ἑξῆς
1342 1496 1656 1567 ἐλέγξομεν,
1719 1489 1791 1560 ὧς

192 1583 279 1637 ἐπὶ
327 1585 393 1654 τῇ
433 1583 537 1638 τοῦ
571 1583 814 1653 Χριστοῦ
856 1585 1135 1655 παρουσίᾳ
1181 1581 1272 1636 καὶ
1313 1583 1378 1652 τῇ
1431 1581 1543 1634 τῶν
1603 1581 1791 1635 ἐθνῶν

190 1664 381 1737 κλήσει
412 1663 735 1723 ἀπόπτωσιν
766 1668 1010 1738 παντελῆ
1047 1666 1138 1722 καὶ
1169 1661 1458 1734 ἀποβολὴν
1507 1665 1606 1719 τοῦ
1646 1679 1818 1719 παν-’

188 1750 276 1816 τὸς
311 1748 599 1807 Ἰουδαίων
640 1755 842 1816 ἔθνους
881 1773 948 1806 τα
997 1759 1130 1806 θεῖα
1175 1760 1573 1819 προαναφωνεῖ
1612 1745 1787 1819 λόγια,

188 1835 416 1907 βραχέσι
445 1833 632 1906 μόνοις
664 1830 851 1890 αὐτων
894 1835 985 1889 καὶ
1027 1830 1250 1907 αριθμςό
1291 1839 1514 1903 ληπτοις
1553 1856 1618 1888 τα
1629 1855 1788 1930 χρη·
1811 1855 1851 1887 20

143 1928 164 1960 d
189 1917 420 2018 στότερα
450 1925 815 1988 θεσπίζοντα,
849 1920 940 1974 καὶ
973 1942 1045 1984 ως
1085 1913 1356 1973 αλῶσεται
1388 1913 1574 1973 αὐτῶν
1614 1911 1646 1987 ῆ
1688 1915 1790 1972 πό-

187 2010 270 2068 λις
302 1999 455 2058 αῦτω
485 2006 633 2078 ίερω,
666 2025 845 2059 παντα
875 2024 933 2058 τε
963 2026 1029 2058 τα
1059 2020 1233 2074 σεμνα
1264 1999 1787 2072 καθαιρεθήσεσθαι

190 2090 485 2158 δηλοῦντα,
520 2083 554 2142 ὁὶ
586 2088 676 2142 καὶ
709 2093 887 2157 ἔργοις
911 2088 1124 2159 πέφηνε
1150 2087 1524 2158 δεδηλωμένα.
1587 2088 1633 2141 3.
1669 2087 1786 2151 πῶς

188 2169 238 2227 δ’
274 2167 375 2244 ὑφ’
411 2175 474 2228 ἓν
504 2172 592 2227 καὶ
627 2170 763 2226 κατὰ
794 2169 852 2226 τὸ
886 2169 1020 2228 αὐτὸ
1054 2173 1140 2231 ἐπὶ
1171 2173 1264 2243 τῆς
1287 2173 1384 2226 τοῦ
1405 2171 1652 2243 Χριστοῦ
1679 2192 1788 2226 πα-

97 2261 417 2327 [301ρουσίας
468 2252 744 2328 λύτρωσιν
795 2258 981 2312 κακῶν
1039 2259 1113 2331 τῷ
1147 2253 1364 2326 Ἰσραὴλ
1415 2257 1507 2311 καὶ
1551 2250 1786 2326 ἆγαθων
1808 2275 1850 2308 25

186 2336 515 2412 ἀπόλαυσιν,
548 2345 784 2413 ἔμπαλίν
827 2362 886 2396 τε
925 2341 1184 2411 στέρησιν
1223 2337 1457 2410 ἀγαθῶν
1502 2339 1595 2395 καὶ
1644 2334 1786 2394 ἀπό-

185 2442 396 2482 πτωσιν
424 2427 520 2496 τῆς
549 2429 647 2482 τοῦ
675 2425 816 2481 θεοῦ
849 2422 1130 2495 εὐσεβείας
1161 2429 1522 2491 θεσπίζουσιν
1560 2426 1618 2479 οἱ
1644 2423 1783 2493 ι”εροὶ

185 2507 338 2581 λόγοι
370 2508 508 2566 κατὰ
546 2506 642 2566 τὸν
681 2507 1029 2582 προσήκοντα
1069 2505 1263 2578 καιρὸν
1306 2505 1781 2580 διευκρινήσομεν.

182 2595 317 2659 τέως
349 2595 409 2651 δὲ
436 2596 674 2667 ἐπίωμεν
707 2595 794 2651 ἐπὶ
818 2593 878 2650 τὸ
907 2594 1154 2665 πρῶτον,
1177 2589 1337 2661 ὀλίγα
1367 2590 1491 2648 τινα
1533 2597 1610 2658 εἰς
1650 2589 1783 2648 ἀπό·

187 2680 359 2745 δειξιν
387 2684 499 2736 τῶν
531 2680 835 2752 εἰρημένων
857 2673 963 2734 ἀπὸ
995 2683 1211 2751 μυρίων
1238 2671 1390 2732 ὅσων
1430 2678 1782 2749 προφητειῶν
1805 2696 1845 2729 30

183 2758 590 2834 ἀναλεξάμενοι.
673 2767 722 2820 4.
758 2764 874 2820 ἐπεὶ
914 2768 1107 2820 τοίνυν
1141 2758 1298 2817 αὐτοὶ
1335 2758 1431 2828 τὰς
1471 2762 1597 2832 περὶ
1649 2763 1781 2817 ἑαυ-

183 2848 295 2902 τῶν
353 2849 714 2921 χρηστοτέρας
774 2852 1110 2922 προφητείας
1171 2843 1590 2919 προβάλλεσθαι
1647 2842 1781 2919 ἡμῖν
