1992 3186
570 125 876 170 DEMONST.
908 126 1129 171 EVANG.
1162 128 1239 168 1x.
1264 128 1329 167 17.
1633 124 1736 177 615

129 242 190 298 δὲ
219 239 326 314 ἄρα
358 239 615 313 ἐβούλετο
646 247 939 315 σημαίνειν
981 241 1015 314 ἡ
1049 243 1138 299 ἐπὶ
1168 238 1279 317 ὄνῳ
1330 239 1520 315 ὅχησις
1563 240 1738 298 αὐτοῦ

125 323 244 383 ἀλλ’
289 321 324 398 ἢ
366 323 468 398 τὴν
507 324 775 398 ταπεινὴν
814 328 906 383 καὶ
947 323 1147 394 ἄδοξον
1188 324 1363 383 αὐτοῦ
1402 332 1734 400 παρουσίαν,

125 404 277 468 καθ’
303 407 375 482 ἣν
416 409 706 482 ἐποιήσατο
745 409 848 483 τὴν
887 409 1111 484 πρώτην
1151 408 1367 483 ἅφιξινς
1420 408 1588 483 οὔσης
1629 409 1735 484 γὰρ

125 496 217 551 καὶ
248 496 510 567 δευτέρας
543 493 788 566 ἐνδόξου,
835 497 961 567 περὶ
991 487 1055 567 ἧς
1088 497 1179 552 καὶ
1210 493 1427 566 Δανιὴλ
1467 494 1734 568 γυμνότε-

80 603 224 653 5ρον
277 577 638 636 ἐκκαλύπτων
697 576 800 651 τὴν
847 586 1098 652 θεωρίαν
1152 589 1372 652 εἴρηκεν
1411 575 1737 653 ε’ἐθεώρουν

123 667 224 729 ἕως
255 660 385 720 ὅτου
415 662 613 735 θρόνοι
645 665 935 735 ἐτέθησαν,
971 665 1062 719 καὶ
1093 663 1324 730 παλαιὸς
1354 662 1576 737 ἡμερῶν
1609 662 1737 720 ἐκοί-

121 757 277 820 θήτο.
339 754 510 821 χίλιαι
550 745 792 820 χιλιάδες
834 747 1222 820 ἐλειτούργουν
1270 744 1447 825 αὐτῷ,
1502 750 1592 804 καὶ
1634 773 1734 821 μυ-

123 837 237 904 ρίαι
268 830 533 905 μυριάδες
564 830 1026 907 παρειστήκεισαν
1057 838 1376 907 ἔμπροσθεν
1407 829 1591 889 αὐτοῦ.
1641 834 1734 889 καὶ

123 916 249 972 ἰδοὺ
287 914 422 989 μετὰ
461 920 573 973 τῶν
611 920 867 989 νεφελῶν
906 922 1006 972 τοῦ
1037 915 1314 988 οὐρανοῦ,
1358 913 1432 982 ῶς
1473 917 1593 984 υἱὸς
1632 913 1732 974 ἆν-

59 1031 100 1062 10
120 999 357 1074 θρώπου
403 1000 708 1075 ἐρχόμενος.
787 1005 835 1057 5.
899 1003 989 1057 καὶ
1033 1003 1133 1066 ἕως
1184 1004 1283 1058 τοῦ
1334 1004 1572 1057 παλαιοῦ
1623 1005 1735 1059 τῶν

119 1080 342 1158 ἡμερῶν
374 1090 609 1157 ἔφθασε,
643 1087 735 1142 καὶ
765 1082 912 1161 αὐτῷ
946 1083 1119 1157 ἐδόθη
1153 1083 1187 1157 ἡ
1219 1084 1358 1158 ἀρχὴ
1400 1087 1491 1142 καὶ
1538 1082 1571 1157 ἡ
1605 1083 1732 1158 τιμὴ

120 1170 214 1226 καὶ
245 1167 279 1241 ἡ
311 1175 593 1241 βασιλεία,
626 1172 718 1226 καὶ
750 1168 950 1236 πάντες
982 1174 1039 1226 οὗ
1066 1171 1215 1240 λαοὶ,
1247 1171 1452 1241 φυλαὶ,
1485 1173 1733 1241 γλῶσσαι

120 1251 273 1329 αὐτῷ
306 1252 689 1311 δουλεύουσιν.
733 1250 766 1325 ἡ
800 1257 1019 1321 ἐξουσία
1042 1250 1216 1310 αὐτοῦ
1242 1257 1462 1321 ἐξουσία
1487 1252 1731 1327 αἰώνιος,

117 1335 235 1410 ἥτις
266 1334 332 1395 οὐ
362 1337 789 1411 παρελεύσεται,
832 1340 924 1395 καὶ
955 1336 989 1409 ἡ
1021 1344 1276 1410 βασιλεία
1306 1339 1480 1395 αὐτοῦ
1509 1335 1577 1395 οὐ
1610 1343 1734 1394 δια-

56 1448 96 1482 15
121 1420 517 1494 φθαρήσεται.”
599 1428 646 1480 6.
705 1421 771 1479 τά
810 1423 912 1494 μὲν
957 1425 1054 1494 τῆς
1094 1421 1313 1496 πρώτης
1357 1419 1596 1495 ἀφίξεως
1636 1427 1732 1494 τῆς

121 1509 687 1579 ἐνανθρωπικωτέρας
718 1509 810 1563 καὶ
840 1509 1100 1578 ταπεινῆς
1130 1506 1265 1579 μετὰ
1293 1511 1405 1564 τῶν
1432 1504 1616 1563 ἄλλων
1640 1509 1732 1563 καὶ

118 1595 280 1648 τοῦτο
312 1596 423 1663 ἔχει
453 1593 591 1663 μέγα
624 1597 822 1663 δεῖγμα
852 1593 945 1647 καὶ
976 1604 1234 1663 σημεῖον,
1274 1588 1335 1647 τὸ
1367 1594 1545 1661 πρᾶον
1576 1594 1733 1663 λέγε-

119 1685 256 1731 σθαι
287 1678 378 1731 καὶ
410 1673 660 1748 ἡσύχιον,
691 1672 844 1747 ἥξειν
872 1698 932 1732 τε
960 1673 1266 1748 ὀχούμενον
1287 1673 1569 1751 ὑποζυγίῳ
1599 1697 1730 1747 προ-

118 1757 486 1830 φητεύεσθαι·
531 1765 692 1816 τοῦτο
723 1761 828 1832 γὰρ
859 1765 1051 1817 κοινοῦ
1081 1762 1172 1815 καὶ
1203 1758 1570 1831 ἀνθρωπίνου
1602 1766 1732 1831 βίου

51 1870 94 1902 20
116 1839 319 1915 γένοιτ’
352 1839 423 1900 ἂν
454 1843 772 1916 τεκμήριον·
805 1843 871 1900 τὰ
905 1845 965 1900 δὲ
995 1847 1088 1916 τῆς
1122 1846 1384 1915 δευτέρας
1412 1845 1502 1900 καὶ
1529 1845 1731 1900 ἐνθέου

116 1926 470 2000 λαμπρότατα
501 1931 766 2001 δηλοῦται
798 1928 889 1985 διὰ
929 1934 1024 2000 τῆς
1068 1930 1155 1985 ἐπὶ
1197 1931 1448 2001 νεφελῶν
1486 1925 1734 2000 οὐρανοῦ

117 2015 498 2085 παρακομιδῆς
547 2015 641 2069 καὶ
692 2016 788 2085 τῆς
839 2019 1071 2071 αἰωνίου
1123 2011 1350 2069 πάντων
1391 2015 1502 2069 τῶν
1544 2015 1730 2068 ἐθνῶν

116 2101 415 2166 βασιλείας.
486 2101 531 2153 7.
579 2099 671 2154 καὶ
702 2089 772 2169 ἦν
802 2120 866 2170 γε
910 2097 1080 2154 καλὸν
1110 2095 1422 2170 ἀμφοτέρας
1453 2106 1731 2170 παραθεῖ-

114 2203 207 2236 ναι
247 2194 359 2247 τοῖς
402 2183 462 2237 ἐκ
501 2185 827 2254 περιτομῆς,
878 2181 1045 2254 λόγον
1085 2204 1144 2238 τε
1189 2178 1390 2246 αὐτοὺς
1430 2178 1728 2253 ἀπαιτῆσαι

51 2288 94 2321 25
116 2267 232 2331 πῶς
271 2261 341 2321 ἂν
382 2263 623 2323 σῶσαιεν
664 2263 759 2331 τοὶς
802 2273 1168 2339 προφητείας,
1214 2271 1348 2338 μίαν
1378 2263 1567 2336 ἄφιξιν
1598 2273 1727 2336 Χρι-

115 2352 251 2406 στοῦ
292 2353 739 2422 προσδοκῶντες·
798 2352 914 2407 ἐπεὶ
953 2350 1058 2422 γαρ
1104 2352 1368 2422 ἑκατέραν
1405 2353 1517 2404 τῶν
1547 2371 1728 2420 παρα-

113 2437 387 2488 τεθεισῶν
425 2436 778 2506 προφητειῶν
817 2435 909 2488 καὶ
954 2430 1111 2489 αὐτοὶ
1161 2431 1258 2489 τὸν
1297 2429 1539 2504 Χριστὸν
1588 2430 1727 2504 ὁρᾶν

114 2512 506 2586 ὁμολογοῦσιν,
560 2515 676 2588 ῶρα
719 2519 900 2587 λέγειν
946 2518 1039 2573 καὶ
1090 2518 1540 2588 πυνθανομένοις
1591 2514 1727 2588 ἡμῖν

114 2597 554 2671 ἀποκρίνασθαι,
595 2604 710 2667 πῶς
751 2597 872 2656 οἷόν
910 2623 970 2656 τε
1007 2596 1107 2672 ὑφ’
1154 2603 1252 2660 ἕνα
1295 2601 1387 2655 καὶ
1429 2598 1526 2656 τὸν
1556 2597 1727 2656 αὐτὸν

51 2680 311 2754 εοκαιρόν
352 2685 444 2739 καὶ
478 2682 588 2741 ὑπὸ
627 2691 762 2757 μίαν
808 2681 998 2757 ἄφιξιν
1041 2686 1128 2740 ἐπὶ
1173 2689 1429 2757 νεφελῶν
1480 2681 1729 2758 οὐρανοῦ

228 2878 254 2916 5
285 2876 403 2918 Dan.
435 2877 475 2927 7,
508 2878 548 2918 9.

1759 783 1776 804 c

1755 1531 1778 1563 d
