1946 3158
594 102 900 146 DEMONST.
931 103 1152 145 EVANG.
1194 104 1229 144 I.
1264 106 1303 146 5.
1690 104 1754 156 31

147 222 240 278 καὶ
271 217 533 285 πολλάκις
562 224 975 294 χρηματίσαντα
998 216 1186 287 αὐτοῖς
1209 217 1275 276 τοὶ
1298 217 1758 294 ἀναγεγραμμένα

148 305 280 363 ποτε
309 305 412 378 μὲν
442 301 582 361 θεὸν
604 305 697 360 καὶ
727 302 941 378 κύριον,
973 305 1104 362 ποτὲ
1136 305 1196 361 δὲ
1226 306 1318 361 καὶ
1350 302 1586 414 α’γγελον
1616 309 1757 362 θεοῦ

147 386 575 473 προσαγορεύει,
620 385 881 461 ἄντικρυς
922 407 1188 462 παριστας
1218 386 1301 446 ὅτι
1330 387 1403 462 μὴ
1435 385 1463 446 5
1497 391 1586 445 ἐπὶ
1616 388 1759 446 πάν-

145 498 259 532 των
288 471 420 539 θεὸς
450 473 610 538 οὗτος
639 473 729 544 ἠν,
761 471 902 530 ἄλλα
931 498 1014 540 τις
1047 472 1303 547 δεύτερος
1322 518 1336 546 ,
1367 471 1500 539 θεὸς
1531 474 1634 546 μὲν
1665 475 1755 531 καὶ

103 583 124 617 5
147 556 336 632 κύριος
365 581 478 614 των
507 560 794 630 θεοφιλων
833 555 1060 633 ἀνδρῶν
1090 557 1559 631 ἀνηγορευμένος,
1593 581 1758 631 αγγε-

146 650 239 710 λος
280 642 342 698 δὲ
381 643 482 699 τοῦ
524 665 811 699 ανωτατου
852 641 1071 717 πατρός.
1136 647 1216 700 12.
1251 644 1398 714 λέγει
1432 639 1484 699 δ’
1519 643 1624 700 οὐν
1655 639 1756 699 αὐ-

143 741 259 793 τοῖς
300 724 547 801 ρήμασι
550 724 666 782 τκαὶ
711 725 991 800 ἐπορεύθη
1024 724 1219 799 Ἰακώβ
1273 733 1351 793 εἰς
1392 726 1617 802 Χαραν,
1665 730 1757 784 καὶ

147 807 429 884 ἀπήντησε
458 809 628 887 τόπῳ,
660 812 752 867 καὶ
779 810 1048 884 ἐκοιμήθη
1081 814 1216 868 ἐκεῖ·
1267 817 1366 868 ἔδυ
1390 811 1493 886 γὰρ
1525 807 1554 868 5
1579 810 1754 884 ῆλιος·

146 897 239 953 καὶ
271 901 470 967 ἔλαβεν
493 894 600 952 ἀπὸ
623 897 736 952 τῶν
759 901 940 964 λίθων
963 898 1064 953 τοῦ
1085 894 1276 968 τόπου,
1310 898 1403 952 καὶ
1429 903 1599 968 ἔθηκε
1622 896 1758 971 πρὸς

81 1007 122 1039 ιο
147 983 391 1053 κεφαλῆς
423 978 614 1053 αὐτοῦ,
650 981 742 1036 καὶ
768 979 1036 1053 ἐκοιμήθη
1063 983 1123 1037 ἐν
1155 984 1231 1056 τῷ
1254 978 1406 1057 τόπῳ
1440 984 1634 1058 ἐκείνῳ
1666 983 1758 1038 καὶ

147 1063 528 1137 ἐνυπνιασθη,
571 1066 663 1122 καὶ
698 1064 824 1122 ἰδού
855 1068 1051 1139 κλῖμαξ
1086 1067 1446 1138 ἐστηριγμένη
1480 1069 1540 1122 ἐν
1572 1069 1636 1139 τῇ
1667 1069 1758 1139 γῇ,

145 1140 210 1224 ῆς
232 1147 267 1222 ἡ
288 1147 502 1223 κεφαλὴ
525 1147 814 1222 ἀφικνεῖτο
838 1155 916 1216 εἰς
938 1147 1036 1208 τὸν
1056 1147 1318 1225 οὐρανὸν,
1351 1151 1442 1206 καὶ
1463 1153 1518 1206 οἱ
1535 1147 1759 1222 ἄγγελοι

147 1237 244 1292 τοῦ
273 1237 416 1292 θεοῦ
446 1231 746 1307 ἀνέβαινον
778 1231 868 1291 ἐπ’
901 1231 1093 1307 αὐτήν.
1139 1239 1220 1291 13.
1254 1230 1282 1291 5
1317 1235 1377 1291 δὲ
1408 1233 1598 1308 κύριος
1631 1237 1758 1291 ἐπε-

149 1316 406 1392 στήρικτο
439 1317 527 1375 ἐπ’
554 1311 772 1391 αὐτῆς,
812 1321 905 1376 καὶ
947 1319 1132 1392 εἶπεν,
1178 1316 1285 1391 ἐγώ
1325 1317 1516 1393 κύριος
1555 1314 1584 1375 5
1626 1316 1758 1386 θεὸς

86 1427 128 1459 15
146 1398 390 1476 Ἀβραάμ
419 1409 519 1459 τοῦ
538 1401 741 1477 πατρός
759 1421 862 1461 σου
884 1406 976 1461 καὶ
1005 1402 1033 1461 5
1052 1403 1184 1470 θεὸς
1208 1403 1415 1463 Ἰσαάκ·
1448 1402 1523 1477 μὴ
1555 1407 1756 1476 φοβοῦ,

148 1485 184 1559 ἡ
215 1490 306 1560 γῆ,
340 1485 429 1559 ἐφ’
465 1479 530 1560 ῆς
560 1486 632 1543 σὺ
664 1486 962 1554 καθεύδεις
995 1486 1078 1544 ἐπ’
1117 1487 1306 1560 αὐτῆς,
1339 1490 1426 1545 σοὶ
1463 1486 1623 1545 δώσω
1657 1485 1757 1544 αὐ-

147 1568 250 1644 τὴν
280 1572 372 1627 καὶ
404 1577 481 1648 τῷ
522 1575 798 1645 σπέρματί
823 1593 955 1644 σου,
998 1574 1090 1629 καὶ
1123 1579 1274 1629 ἔσται
1313 1572 1374 1629 τὸ
1406 1576 1622 1645 σπέρμα
1653 1594 1756 1629 σου

149 1654 223 1723 ὡς
251 1651 286 1728 ἡ
319 1652 494 1728 ἅμμος
524 1661 620 1728 τῆς
650 1652 805 1728 γ’ἥς.”

279 1743 358 1794 14.
397 1737 495 1806 Οἷς
522 1742 642 1813 ἑξῆς
668 1736 951 1812 ἐπιλέγει“
959 1742 1051 1797 καὶ
1074 1737 1278 1813 ανέστη
1294 1738 1489 1813 Ἰακώβ
1510 1738 1570 1798 τὸ
1592 1747 1757 1814 πρωϊ,

85 1849 127 1882 20
149 1825 240 1881 καὶ
273 1829 436 1896 ἔλαβε
465 1824 564 1882 τὸν
587 1830 753 1882 λίθον
774 1821 840 1881 ὃν
862 1822 1117 1898 ὑπέθηκε
1139 1824 1276 1900 πρὸς
1298 1828 1541 1898 κεφαλῆς
1566 1822 1758 1897 αὐτοῦ,

149 1910 241 1966 καὶ
274 1914 507 1982 ἔστησεν
537 1905 708 1969 αυτὸν
739 1906 1006 2012 στήλην.”

279 1997 346 2050 15
376 1993 515 2051 Εἶτα
546 1993 758 2069 προιών
777 1991 948 2051 αὐτὸν
973 1993 1042 2068 δὴ
1072 1997 1270 2052 τοῦτον
1291 1992 1389 2052 τὸν
1421 1996 1758 2066 ἐπιφανέντα

148 2075 300 2155 αὐτῷ
327 2076 469 2136 θεὸν
500 2082 591 2136 καὶ
622 2077 817 2154 κύριον
846 2076 1084 2151 ἄγγελον
1111 2077 1364 2153 ὀνομάζει
1402 2083 1556 2137 θεοῦ.
1619 2081 1757 2152 φησὶ

147 2166 287 2233 γοῦν
316 2161 345 2220 5
371 2159 565 2236 Ἰακώβ
581 2159 710 2221 “uoci
736 2165 890 2221 εἶπέν
912 2189 1005 2237 μοι
1028 2162 1058 2221 5
1082 2161 1312 2237 ἅγγελος
1335 2167 1434 2221 τοῦ
1459 2167 1596 2221 θεοῦ
1621 2160 1756 2220 καθ’

3 2253 19 2273 “
85 2271 127 2304 25
147 2244 358 2321 ὕπνον,
386 2243 603 2320 Ἰακώβ·
662 2248 767 2320 ἐγώ
799 2248 862 2306 δὲ
893 2248 1048 2322 εἶπα,
1079 2257 1135 2307 τί
1164 2245 1384 2319 ἐστίν;”

278 2337 360 2390 16.
394 2334 487 2390 καὶ
529 2335 650 2407 ἑξῆς
674 2329 957 2408 “ε““ω’ρακα,
999 2337 1167 2406 φησὶ,
1208 2331 1387 2391 πάντα
1426 2329 1529 2390 ὅσα
1560 2331 1758 2403 Λάβαν

148 2429 299 2475 ποιεῖ
325 2434 426 2475 σοι.
478 2416 584 2490 ἐγώ
609 2413 767 2490 είμι“
741 2443 770 2475 ο
793 2415 926 2485 θεὸς
955 2417 985 2476 5
1015 2417 1217 2491 ὀφθείς
1247 2436 1334 2475 σοι
1360 2421 1421 2476 ἐν
1444 2414 1593 2493 τόπῳ
1618 2418 1759 2473 θεοῦ

148 2525 216 2558 ου
246 2499 475 2574 ἤλειψας
508 2527 601 2576 μοι
647 2505 762 2560 ἐκεῖ
788 2501 1028 2577 στήλην,
1071 2505 1160 2559 καὶ
1203 2501 1350 2575 ηὔξω
1390 2525 1482 2574 μοι
1522 2503 1636 2557 ἐκεῖ
1666 2496 1758 2557 εὐ-

149 2582 312 2661 κήν-”

84 2693 127 2727 30
237 2675 317 2728 17
328 2666 451 2729 06’
471 2663 997 2750 αὐτόςοῦτοςκαὶτῷ
1013 2669 1757 2747 Ἀβραᾶμπαραφανεὶςθεος

265 2868 289 2907 7
322 2865 436 2910 Gen.
460 2869 528 2920 28,
558 2869 622 2909 10.
799 2869 850 2908 19
883 2866 998 2907 Gen,
1021 2868 1089 2918 31,
1115 2868 1181 2910 11.

1783 667 1848 708 ⁴311)

1781 2449 1796 2471 C
