1992 3186
580 125 886 169 DEMONST
921 126 1142 170 EVANG
1173 127 1250 168 1v.
1660 125 1763 177 251

155 242 394 317 θρωπου
423 241 483 300 τὸ
517 247 870 313 διαιωνίξειν,
905 239 1096 313 ἐπειδὴ
1126 239 1339 313 θνητὸν
1378 244 1471 298 καὶ
1505 245 1768 316 ἐπίκηρον

154 326 215 385 τὸ
257 325 386 384 κα·’θ
426 325 566 399 ἡμᾶς
605 329 780 398 γένος.
845 330 928 382 37.
988 332 1254 398 κρείττων
1291 323 1398 398 ἄρα
1436 350 1516 392 τις
1563 321 1598 397 ἢ
1642 325 1762 383 κατ’

155 409 464 483 ανθρωπον
505 409 534 467 ὁ
578 409 916 483 δηλούμενος
955 401 1028 481 ἦν
1070 413 1130 467 έν
1172 407 1387 476 τούτοις
1438 407 1619 481 ἰερεῦς
1668 413 1769 467 τοῦ

154 501 296 553 θεοῦ
327 493 462 568 μετὰ
490 493 662 568 ὅρκου
694 491 1139 566 διαβεβαιωσεως
1172 498 1372 566 διαρκῆ
1413 490 1558 550 καὶ
1536 491 1767 567 άπειρον

106 578 259 651 ῆτήν
289 579 604 654 ἱερωσύνην
635 577 784 652 παρὰ
825 581 925 635 τοῦ
962 580 1105 635 θεοῦ
1145 580 1490 650 δεδεγμένος.
1562 576 1766 651 ὤμοσε

153 663 260 737 γὰρ
313 663 499 737 (φησὶ)
555 661 771 736 κύριος,
822 664 915 719 καὶ
967 658 1034 718 οῦ
1078 661 1613 763 μεταμεληθήσεται.
1696 660 1766 720 σὺ
1792 685 1813 717 b

157 746 338 820 ιερεῦς
381 754 459 815 εἰς
498 745 595 804 τὸν
634 750 812 803 αἰῶνα
851 745 989 803 κατὰ
1028 745 1133 817 τὴν
1173 745 1327 814 τάξιν
1367 743 1764 819 Μελχισεδέκ.”

153 835 238 889 38.
287 831 476 903 ἐπειδὴ
508 831 613 903 γὰρ
643 828 742 887 τὸν
770 830 1118 903 Μελχισεδὲκ
1147 825 1176 886 ὁ
1217 834 1431 901 Μωσῆς
1474 833 1623 903 ἱερέα
1666 833 1767 886 τοῦ

151 919 294 972 θεοῦ
324 921 423 972 τοῦ
453 911 693 983 ὑψίστου
721 915 1008 986 γεγονέναι
1040 918 1278 985 ἱστορεῖ,
1309 912 1376 970 οὐ
1407 912 1566 990 μύρῳ
1598 932 1766 971 σκευ-

85 1026 131 1058 10
153 1004 299 1075 αστῷ
331 1000 708 1072 κεχρισμένον,
741 997 884 1055 πολὺ
913 996 1183 1071 πρότερόν
1212 1022 1270 1054 τε
1309 1003 1405 1070 τῆς
1435 994 1558 1054 κατ’
1592 996 1764 1055 αὐτὸν

150 1079 486 1156 νομοθεσίας
527 1080 832 1156 γενόμενον
875 1085 1024 1156 ἱερέα
1064 1084 1166 1138 τοῦ
1205 1088 1345 1138 θεοῦ
1386 1084 1487 1138 τοῦ
1524 1078 1763 1150 ὑψίστου

151 1169 243 1224 καὶ
275 1165 413 1225 κατὰ
443 1166 586 1224 πολὺ
616 1172 902 1240 κρείττονα
930 1164 1033 1238 τὴν
1062 1164 1266 1238 ἀρετὴν
1288 1171 1386 1222 τοῦ
1417 1167 1763 1239 βεβοημένου

147 1248 417 1325 Ἀβραάμ·
477 1256 561 1309 39.
613 1251 786 1324 (λέγει
818 1249 868 1307 δ’
906 1242 1012 1307 οῦν
1045 1246 1174 1306 “nal
1207 1250 1556 1323 Μελχισεδὲκ
1602 1257 1764 1322 βασι-

152 1333 280 1401 λεῦς
310 1334 541 1408 Σαλὴμ,
576 1336 756 1408 ἱερεὺς
785 1338 888 1392 τοῦ
916 1337 1059 1392 θεοῦ
1086 1338 1183 1391 τοῦ
1213 1330 1453 1402 ὑψίστου
1495 1332 1764 1407 εῦλόγησε

85 1443 131 1476 15
153 1417 251 1475 τὸν
276 1416 535 1492 Ἀβραάμ.
604 1421 770 1492 χωρὶς
814 1420 875 1475 δὲ
915 1417 1093 1489 πάσης
1135 1415 1449 1491 ἀντιλογίας
1491 1419 1692 1491 (φησὶν
1732 1416 1759 1475 ὁ

152 1501 481 1575 ἀπόστολος)
494 1501 554 1559 τὸ
580 1508 804 1559 ἔλαττον
816 1500 1034 1558 ὑπὸτοῦ
1058 1508 1368 1573 κρείττονος
1394 1501 1758 1576 εὐλογεῖται)
1791 1539 1808 1560 0

154 1589 273 1643 ἐπεὶ
301 1593 495 1644 τοίνυν
525 1589 616 1643 καὶ
641 1582 670 1643 ὁ
697 1586 1071 1659 Μελχισεδὲκ,
1100 1582 1248 1651 ὅστις
1276 1586 1408 1642 ποτὲ
1434 1578 1505 1657 ἦν
1530 1590 1758 1659 ἐκεῖνος,

149 1673 394 1737 τοιοῦτος
438 1674 713 1742 εἰσῆκται,
755 1667 822 1727 οῦ
865 1673 1149 1745 σκευαστῷ
1188 1667 1347 1746 μύρῳ
1388 1673 1759 1743 κεχρισμένος,

152 1755 445 1828 ἰερωμένος
477 1755 538 1811 δὲ
567 1760 642 1830 τῷ
671 1752 890 1830 ὑψίστῳ
919 1756 1065 1830 θεῷ,
1095 1752 1316 1818 εἰκότως
1347 1755 1438 1809 καὶ
1469 1749 1498 1809 ὁ
1538 1754 1630 1810 διὰ
1658 1759 1758 1811 τοῦ
1782 1779 1870 1821 [1131

83 1863 130 1897 20
152 1841 341 1909 Δαβὶδ
383 1837 868 1912 προφητευόμενος
907 1835 1044 1894 κατὰ
1084 1835 1187 1909 τὴν
1226 1836 1382 1904 τάξιν
1414 1839 1760 1910 Μελχισεδὲκ

150 1919 435 1994 ἀνείρηται
464 1924 632 1995 μέγας
661 1946 743 1990 τις
774 1919 853 1979 ὢν
883 1923 974 1978 καὶ
1000 1920 1209 1987 πάντας
1231 1919 1627 1994 ὑπερβεβηκώς
1658 1920 1760 1994 τὴν

151 2004 342 2079 φύσιν,
385 2005 457 2072 ὡς
499 2003 568 2063 ἂν
613 2006 794 2079 ἱερεὺς
837 2002 916 2063 ω”ν
957 2010 1054 2063 τοῦ
1087 2007 1175 2062 ἐπὶ
1215 2004 1443 2063 πάντων
1485 2012 1627 2062 θεοῦ
1669 2009 1760 2062 καὶ

149 2093 246 2162 τῆς
276 2087 582 2164 άγεννήτου
616 2089 903 2163 δυνάμεως
934 2089 1277 2162 σύνθρονος,
1322 2095 1421 2146 τοῦ
1450 2113 1509 2147 τε
1540 2089 1759 2164 προφή-

149 2197 249 2231 του
272 2177 364 2231 καὶ
394 2176 664 2246 βασιλέως
699 2173 915 2246 κύριος,
947 2176 1039 2230 καὶ
1063 2173 1242 2246 ίερεὺς
1269 2171 1371 2246 οὐχ
1395 2170 1609 2245 ἁπλῶς,
1642 2171 1756 2230 ἀλλ’

79 2285 128 2317 25
151 2256 375 2323 αἰώνιος
405 2262 505 2316 τοῦ
535 2256 753 2332 πατρός.
814 2263 901 2314 40.
943 2260 1090 2330 λέγει
1122 2258 1183 2314 δὲ
1225 2259 1316 2313 καὶ
1356 2256 1384 2314 ὁ
1426 2268 1581 2323 θεῖος
1620 2256 1760 2315 ἀπό-

151 2350 368 2414 στολος,
402 2341 662 2412 ἐξετάζων
692 2341 758 2398 τά
787 2341 924 2400 κατὰ
946 2341 1073 2407 τούς
1094 2337 1410 2408 τόπους“ε’ν
1434 2334 1478 2417 ᾦ
1500 2339 1757 2412 περισσό-

150 2448 310 2498 τερον
341 2425 676 2499 βουλόμενος
705 2425 735 2482 ὁ
765 2425 898 2493 θεὸς
936 2429 1204 2493 ἐπιδεῖξαι
1244 2440 1356 2490 τοῖς
1397 2423 1758 2496 κληρονόμοις

150 2506 210 2564 τὸ
241 2507 582 2580 ἀμετάθετον
610 2513 706 2583 τῆς
736 2514 942 2583 βουλῆς
982 2506 1155 2567 αὑτοῦ
1201 2513 1552 2581 ἐμεσίτευσεν
1587 2507 1754 2582 ὅρκῳ,
1780 2531 1804 2562 d

151 2596 245 2647 ἵνα
276 2592 368 2648 διὰ
401 2594 508 2651 δύο
525 2592 862 2668 πραγμάτων
886 2592 1260 2667 ἀμεταθέτων,
1287 2595 1347 2648 ἐν
1370 2589 1451 2656 οἷς
1475 2589 1757 2648 ἀδύνατον

81 2701 128 2734 30
153 2673 471 2742 ψεύσασθαι
501 2676 658 2749 θεὸν,
701 2677 936 2753 ἰσχυρὰν
966 2675 1312 2750 παράκλησιν
1343 2671 1601 2748 ε”χωμεν.”
1665 2676 1756 2731 καὶ

267 2869 318 2908 13
342 2871 387 2908 et
411 2870 461 2908 15
493 2869 611 2908 Heb.
639 2871 676 2917 7,
702 2871 739 2909 1.
763 2872 801 2912 7.
978 2870 1032 2909 26
1063 2869 1182 2909 Heb.
1205 2869 1246 2921 6,
1272 2870 1339 2909 18.
