1992 3186
260 117 365 169 432
942 116 1189 157 EUSEBII

265 236 353 291 ἐπὶ
384 237 479 306 τῆς
509 235 623 304 γῆς.
695 235 778 287 59.
812 233 905 287 καὶ
947 237 1098 287 ἔσται
1131 235 1191 288 έν
1220 235 1289 305 τῇ
1327 230 1505 306 ἡμέρα
1553 235 1735 306 ἐκείνῃ
1768 235 1872 299 ποῖς

262 317 454 388 τόπος,
488 340 553 372 ου
587 313 683 371 ε’ἁν
715 316 817 371 ὠσι
847 322 1016 388 χίλιαι
1047 313 1281 388 ἄμπελοι
1311 323 1503 389 χιλίων
1534 322 1761 387 σίκλων,
1794 323 1872 382 εἰς

263 405 460 474 χέρσον
492 406 708 456 ἔσονται
739 402 830 455 καὶ
865 406 942 466 εἰς
972 398 1250 471 ἄκανθαν,
1282 399 1416 472 μετὰ
1444 402 1640 473 βέλους
1665 403 1758 457 καὶ
1786 425 1872 457 το-

263 483 524 557 ξεύματος
557 483 965 540 εἰσελεύσονται
999 486 1143 555 ἐκεῖ,
1187 481 1270 540 ὅτι
1303 487 1494 557 χέρσος
1525 487 1618 541 καὶ
1649 483 1874 542 ἄκανθα

264 575 415 624 ἔσται
445 571 594 624 πᾶσα
631 563 666 639 ἡ
706 572 806 639 γῆ,
848 570 941 624 καὶ
983 572 1095 628 πᾶν
1133 566 1257 640 ὅρος
1303 567 1711 641 ἆροτριεόμενον
1740 567 1874 641 ἀρο-
1896 592 1917 623 5

215 678 237 709 b
262 651 638 725 τριαθήσεται.
711 651 778 708 οὐ
822 652 893 724 μὴ
938 654 1146 726 ἐπέλθῃ
1189 656 1304 710 ἐκεῖ
1329 651 1519 725 φόβος.
1590 660 1740 710 ἔσται
1769 653 1873 724 γὰρ

262 736 369 793 ἀπὸ
400 740 493 808 τῆς
535 739 735 810 χέρσου
777 739 870 793 καὶ
901 735 1151 810 ἀκάνθης
1184 744 1261 802 εἰς
1302 736 1554 810 βόσκημα
1595 736 1876 809 προβάτου

263 823 355 877 καὶ
388 820 748 893 καταπάτημα
780 819 960 893 βοός.”

390 910 474 961 60.
526 909 775 962 Τοσαῦτα
827 911 1056 964 ἔσεσθαι
1110 909 1170 962 έν
1219 908 1288 980 τῇ
1327 901 1501 980 ἡμέρα
1541 912 1640 962 τοῦ
1672 904 1878 978 Ἐμμα-

268 989 441 1061 νουὴλ
473 990 506 1062 ἡ
538 995 790 1062 παροῦσα
830 996 1138 1062 προφητεία
1168 992 1437 1062 περιέχει·
1495 987 1637 1062 ἅπερ
1682 985 1874 1056 ὁποίας
1899 1014 1939 1045 ιο

264 1079 441 1147 ἔχεται
481 1080 723 1146 θεωρίας
768 1072 884 1146 ὥρα
934 1080 1217 1145 διελθεῖν,
1260 1073 1363 1146 τὴν
1407 1072 1660 1131 διάνοιαν
1701 1077 1874 1132 ε’πιτε-

264 1162 589 1230 μνομένους.
643 1157 883 1230 “συριεῖ,
915 1160 1072 1231 φησὶ,
1104 1157 1293 1231 κύριος
1317 1164 1505 1230 μυίαις
1531 1161 1590 1214 έν
1612 1164 1677 1232 τῇ
1701 1154 1877 1232 ἡμέρᾳ

267 1245 548 1315 έκείνῃ,ο
521 1238 550 1298 ὃ
591 1241 873 1311 κυριεύσει
914 1247 1114 1315 μέρους
1154 1246 1401 1315 ποταμοῦ
1435 1241 1752 1314 Αἰγύπτου,
1785 1245 1877 1299 καὶ

263 1329 332 1399 τῇ
361 1333 625 1399 μελίσσῃ,
667 1324 701 1399 ἤ
741 1333 891 1383 ἔστιν
934 1330 992 1383 ἐν
1038 1325 1188 1401 χώρα
1214 1323 1577 1397 Ἀσσυρίων.”
1642 1330 1725 1383 61.
1759 1340 1878 1393 ταῖς

265 1413 367 1482 μὲν
407 1413 696 1483 προτέραις
739 1414 1156 1483 εἰδωλολατρῶν
1195 1408 1420 1480 ἀνδρῶν
1471 1423 1674 1483 ψυχαῖς
1711 1407 1744 1482 ἢ
1786 1413 1878 1468 καὶ
1903 1432 1942 1464 15

217 1528 235 1549 e
267 1493 601 1568 δυνάμεσιν,
647 1494 720 1561 ὡς
751 1495 928 1567 οἶμαι,
973 1493 1308 1566 ἀκαθάρτοις
1340 1496 1432 1550 καὶ
1461 1493 1659 1566 ἀηδέσι
1690 1501 1878 1567 μυίαις

263 1577 706 1651 ὀνομαζομέναις,
738 1582 830 1636 καὶ
860 1585 1047 1652 μυίαις
1079 1585 1503 1651 Αίγυπτιακαῖς,
1535 1585 1761 1645 θυσίαις
1787 1581 1878 1636 καὶ

265 1668 491 1735 αἵμασιν
518 1662 768 1721 εἰδώλων
790 1662 1135 1737 χαιρούσαις·
1178 1667 1245 1738 τῇ
1271 1664 1332 1719 δὲ
1355 1668 1586 1736 μελίσσῃ
1613 1661 1727 1738 ζςόςο
1752 1666 1879 1720 κέν-

264 1771 396 1818 τρον
439 1750 846 1823 ἐπιφερομένῳ,
890 1746 1209 1819 βασιλεύειν
1247 1771 1305 1804 τε
1344 1750 1435 1803 καὶ
1478 1746 1876 1819 βασιλεύεσθαι

266 1834 359 1888 καὶ
394 1840 655 1905 πολεμειν
699 1835 1075 1907 ἐπισταμένῳ,
1117 1829 1438 1903 αμύνεσθαί
1473 1853 1533 1885 τε
1563 1833 1655 1886 και
1684 1829 1875 1904 τιτρώ-
1899 1855 1940 1886 20

266 1936 420 1973 σκειν
467 1915 637 1973 εἰδότι
682 1916 809 1981 τοὺς
861 1915 1319 1987 ἀνθισταμένους.
1402 1918 1485 1969 62
1528 1913 1729 1981 ταύτας
1776 1915 1879 1971 οὐν

264 1999 402 2072 ὁμοῦ
433 1998 837 2069 συνελθούσας,
867 2022 963 2063 τας
993 2022 1095 2070 μεν
1119 2002 1179 2054 ἐκ
1202 2004 1298 2070 τῆς
1321 2001 1433 2053 τῶν
1459 2003 1878 2067 εἰδωλολατρῶν

266 2083 463 2156 χώρας,
494 2082 589 2148 τὰς
624 2083 683 2138 δὲ
713 2080 820 2138 ἀπὸ
849 2086 946 2154 τῆς
975 2086 1088 2139 τῶν
1111 2081 1578 2140 κατευθυνόντων
1606 2085 1724 2154 γῆς,
1758 2083 1878 2156 (κα-

265 2166 634 2231 τευθύνοντες
654 2165 758 2238 γὰρ
783 2171 840 2222 οἱ
865 2163 1143 2237 Ἀσσύριοι
1179 2165 1600 2240 ἑρμηνεύονται)
1627 2165 1879 2223 κελεύσει

218 2272 243 2304 d
267 2253 357 2307 καὶ
385 2248 569 2323 ὥσπερ
602 2257 896 2322 συρίσματι
926 2254 1024 2307 τοῦ
1056 2257 1254 2321 κυρίου
1294 2252 1386 2306 καὶ
1417 2253 1558 2307 θεοῦ
1587 2253 1700 2306 τῶν
1729 2248 1876 2307 ὅλων
1898 2269 1940 2302 25

266 2338 361 2406 τῆς
386 2333 653 2401 Ἰουδαίας
684 2333 901 2406 ἁποὲσης
934 2334 1349 2405 ἐπικρατήσειν,
1383 2333 1475 2390 διὰ
1503 2332 1606 2404 τὴν
1638 2339 1714 2399 εἰς
1748 2342 1877 2403 Χρι-

268 2418 398 2476 στὸν
438 2416 698 2476 ἀπιστίαν
728 2416 941 2490 αὐτῶν,
985 2422 1045 2475 έν
1074 2422 1141 2492 τῇ
1170 2415 1344 2491 ἡμέρα
1385 2423 1484 2474 τοῦ
1509 2416 1877 2490 Ἐμμανουὴλ,

267 2511 434 2576 φησί·
494 2509 749 2575 σημαίνει
792 2504 851 2559 δὲ
894 2501 984 2559 διὰ
1026 2502 1238 2558 τούτων
1283 2508 1423 2574 ἔθνη
1468 2498 1754 2573 ἀλλόφυλα
1784 2503 1877 2557 καὶ

267 2587 627 2659 στρατιωτικὰ
668 2587 915 2659 οἰκήσειν
953 2580 1056 2658 τὴν
1085 2585 1442 2657 Ἰερουσαλὴμ
1482 2588 1574 2641 καὶ
1617 2586 1719 2656 τὴν
1745 2583 1877 2642 Ἰου-

155 2691 242 2734 [199]
271 2677 435 2727 δαίαν
475 2674 593 2743 γῆν.
655 2677 738 2728 63.
771 2670 906 2744 ὅπερ
947 2673 1039 2728 καὶ
1068 2667 1095 2726 ὁ
1134 2669 1315 2742 σωτὴρ
1346 2667 1502 2743 ἡμῶν
1533 2671 1874 2741 λευκοτέροις
1898 2693 1940 2727 30

267 2752 534 2826 ὀνόμασιν
587 2758 873 2824 ἐθέσπιζεν
927 2753 1100 2812 εἰπών
1143 2752 1273 2810 “uoci
1314 2753 1671 2826 Ἰερουσαλὴμ
1723 2759 1875 2808 ἔσται

383 2880 433 2917 31
468 2879 579 2919 Luc.
602 2880 669 2930 21,
693 2881 761 2920 24.
