1992 3186
561 99 866 140 DEMONST.
898 99 1121 141 EVANG.
1152 99 1253 142 VII.
1282 102 1324 140 3.
1640 98 1742 150 481

132 215 422 289 νήσεσθαι.
486 218 568 272 32.
603 212 686 270 ὅτι
722 215 781 270 δὲ
812 211 939 271 οὐδ’
976 210 1066 286 ἐφ’
1099 209 1345 286 ἕτερονῆ
1380 216 1463 270 ἐπὶ
1492 213 1587 272 τὸν
1619 214 1745 288 ἡμέ,

133 324 293 373 τερον
334 302 556 371 σωτῆρα
605 297 700 354 τὸν
739 296 982 373 Χριστὸν
1032 303 1129 356 τοῦ
1179 303 1319 355 θεοῦ
1371 297 1634 371 ἀνάγεται
1681 298 1746 356 τὰ

137 382 478 491 δηλούμενα,
513 386 571 439 ἐκ
603 387 752 455 ῥίζης
784 381 1086 456 γενόμενον
1102 388 1292 454 Δαβίδ
1322 407 1380 440 τε
1411 386 1501 440 καὶ
1529 381 1746 455 Ἰεσσαὶ,

133 466 235 525 οὐκ
257 468 416 541 οἶμαί
439 492 564 525 τινα
594 465 982 540 ἆμφιβοὲλλειν,
1017 467 1384 539 ἐπιστησαντα
1408 472 1472 542 τῇ
1498 492 1555 524 τε
1583 472 1746 541 ἐπαγ-

89 579 111 611 5
135 560 292 628 γελία
331 557 426 624 τῆς
471 550 827 660 προρρήσεως
868 550 1196 651 ‹pomuov'chqn‘
1201 552 1315 608 καὶ
1357 558 1507 609 ἐσται
1547 553 1579 626 ἡ
1622 558 1741 628 ρίζα

133 643 230 694 τοῦ
266 633 490 708 Ἰεσσαὶ,
546 638 637 692 καὶ
678 632 706 692 ὁ
749 635 1117 745 ἀνιστάμενος
1149 634 1338 708 ἄρχειν
1390 640 1609 709 ἐθνῶν,
1658 636 1742 695 ἐπ’

134 718 289 798 αυτῷ
319 728 459 794 ἔθνη
486 714 795 792 ἐλπιοῦσι,”
831 723 922 778 καὶ
946 736 1058 786 τοῖς
1092 723 1179 778 ἐπὶ
1203 726 1301 777 τοῦ
1326 727 1569 819 σωτῆρος
1590 720 1748 794 ἡμῶν

135 807 515 877 δεικνυμένοις
566 803 984 878 ἀποτελέσμασι.
1058 809 1140 862 33.
1184 806 1348 876 μόνος
1398 809 1535 877 γοῦν
1587 831 1748 873 ουτος

133 888 267 963 μετὰ
297 890 399 963 τὴν
431 893 491 946 ἐκ
520 892 736 963 νεκρῶν
766 888 1096 962 ἀνάστασιν,
1135 887 1208 946 δι’
1244 885 1314 960 ἣν
1345 892 1436 946 καὶ
1467 890 1618 963 οἶμαι
1651 887 1748 947 αὐ-

71 1003 111 1034 ιο
133 973 230 1032 τὸν
251 972 622 1047 ἀνιστάμενον
647 976 1059 1046 ἐπικεκλῆσθαι,
1080 971 1146 1030 οὐ
1171 977 1269 1030 τοῦ
1282 972 1571 1032 ΜΙουδαιων
1591 978 1747 1047 λαοῦ,

134 1056 273 1116 ἄλλα
303 1062 415 1116 τῶν
456 1059 643 1115 ἐθνῶν
682 1056 946 1115 ἁπάντων
976 1049 1167 1132 ἦρξεν,
1213 1057 1286 1124 ῶς
1325 1057 1399 1130 μὴ
1444 1063 1749 1131 δεδεῆσθαι

133 1143 192 1200 τὸ
225 1142 412 1215 λόγιον
455 1145 776 1215 ἑρμηνείας,
821 1145 1011 1215 σαφῶς
1051 1141 1335 1216 προδήλου
1381 1150 1749 1215 καθεστῶτος,

133 1225 279 1295 ὅπως
312 1234 389 1294 είς
421 1225 595 1284 αὐτὸν
624 1229 776 1293 τέλος
810 1235 1002 1300 εἴληφε
1024 1224 1160 1300 μετα
1186 1232 1297 1284 τῶν
1342 1225 1527 1284 ἄλλων
1558 1230 1650 1284 καὶ
1689 1227 1749 1284 τὸ

125 1310 250 1368 “ἐπ’
289 1309 440 1387 αὐτῷ
471 1318 610 1384 ἔθνη
645 1309 982 1368 ἐλπιοῦσιν.”
1027 1316 1110 1369 34.
1144 1311 1210 1368 τὰ
1243 1310 1295 1368 δ’
1335 1307 1406 1378 ῶς
1438 1314 1564 1385 περὶ
1598 1311 1750 1388 ζῴων

72 1423 112 1456 15
137 1398 227 1453 καὶ
258 1403 479 1468 θηρίων
509 1392 903 1468 ἡμερουμένων
927 1398 1018 1452 καὶ
1051 1394 1111 1453 τὸ
1133 1393 1328 1468 ἄγριον
1350 1389 1489 1467 ἦθος
1522 1399 1610 1454 καὶ
1638 1396 1751 1454 ἀτί-

134 1491 316 1538 θασον
366 1479 810 1552 ἀποθησομένων
864 1481 951 1536 ἐπὶ
981 1486 1071 1553 τῇ
1122 1483 1222 1537 τοῦ
1259 1484 1751 1554 προφητευομένου

138 1568 400 1639 ἐπιδημίᾳ
434 1564 702 1637 λεγόμενα
733 1561 1082 1636 ἆλληγοροῐτ’
1116 1560 1187 1621 ἂν
1220 1567 1307 1621 ἐπὶ
1338 1563 1575 1635 τρόπους
1606 1563 1752 1636 ἄπη-

135 1663 249 1715 νεῖς
293 1651 384 1705 καὶ
430 1647 658 1723 ἀγρίους
699 1651 791 1705 καὶ
832 1647 945 1722 ἤθη
978 1647 1203 1721 ἀνδρῶν
1243 1649 1498 1721 θηριώδη
1537 1647 1627 1705 διὰ
1657 1655 1752 1722 τῆς

136 1738 234 1790 τοῦ
268 1737 510 1805 Χριστοῦ
545 1738 902 1798 διδασκαλίας
933 1738 1029 1804 τῆς
1060 1730 1283 1804 ἀλογίας
1315 1734 1404 1789 καὶ
1437 1739 1749 1807 θηριωδιάς

73 1846 113 1878 20
135 1816 574 1890 μεταθησόμενα.
651 1821 734 1874 35.
770 1814 1127 1889 αλληγοροῖτο
1162 1816 1212 1874 δ’
1249 1842 1320 1874 αν
1353 1821 1524 1874 ταῦτα
1560 1823 1751 1890 σαφῶς

137 1925 339 1972 ουτως,
380 1927 451 1958 αν
494 1905 584 1959 καὶ
625 1899 726 1974 τὴν
770 1904 1119 1975 δηλουμένην
1166 1901 1257 1958 δια
1287 1905 1383 1973 τῆς
1415 1909 1752 1975 προφητείας

139 1990 295 2060 ῥίζαν
320 1983 544 2058 Ἰεσσαὶ,
587 1987 679 2043 καὶ
711 1984 813 2058 τὴν
844 1985 1084 2060 ραβδον,
1126 1989 1215 2043 καὶ
1256 1985 1315 2043 τὸ
1347 1984 1522 2052 ανθος
1552 2010 1754 2059 τροπο-

140 2073 320 2142 λογῶν
349 2095 431 2136 τις
463 2076 541 2127 ἔτι
575 2070 960 2146 ἑρμηνεύσειε,
995 2074 1086 2127 καὶ
1118 2067 1189 2135 ῶς
1220 2067 1290 2127 ἂν
1323 2074 1645 2144 ἐπινοηθείη
1673 2077 1752 2128 δι-

140 2153 408 2229 καιοσύνῃ
450 2156 551 2227 μὲν
590 2153 684 2221 τὰς
726 2154 968 2227 πλευρὰς
1001 2153 1374 2228 ζωννύμενος,
1421 2154 1659 2230 ἀληθεία
1694 2157 1752 2212 δὲ

0 2286 2 2320 3
75 2262 118 2295 25
141 2236 243 2311 τὴν
272 2237 456 2311 ὀσφὺν
489 2242 784 2312 είλημένος.
848 2244 930 2296 36.
967 2235 1038 2305 ῶς
1070 2239 1173 2312 γὰρ
1197 2237 1263 2297 οὐ
1289 2240 1531 2297 δυνατὸν
1556 2243 1753 2310 ἑτέρως

0 2325 1 2336 ’
139 2327 310 2380 ταῦτα
340 2320 373 2395 ἢ
406 2324 497 2380 διὰ
527 2324 698 2398 μόνης
729 2322 1093 2396 ἀλληγορικῆς
1125 2322 1442 2390 ἀποδόσεως
1484 2323 1754 2396 ἑρμηνεύ-

145 2429 255 2478 ειν,
299 2405 395 2464 τὸν
426 2405 596 2465 αὐτὸν
627 2406 832 2481 τρόπον
865 2412 1050 2465 ἕπεται
1083 2410 1174 2464 καὶ
1205 2408 1271 2464 τὰ
1302 2411 1428 2479 περὶ
1459 2413 1569 2464 τῶν
1616 2406 1753 2463 κατὰ

141 2490 267 2555 τοὺς
297 2489 499 2557 τόπους
529 2490 947 2566 ὀνομαζομένων
980 2491 1134 2568 ζῴων
1165 2497 1364 2566 χρῆναι
1397 2497 1520 2548 δεῖν
1554 2495 1755 2564 ἐκλαμ-

144 2572 352 2646 βάνειν.

232 2934 457 2962 ΕσεεΒωε
491 2935 566 2962 111.
1377 2920 1443 2972 31
