1992 3186
269 98 373 150 668
943 97 1191 139 EUSEBII

272 215 347 273 δι’
381 212 452 288 ἣν
503 211 673 271 αὐτὸν
711 209 739 270 ὁ
785 211 964 286 πατὴρ
1013 215 1297 286 κατέλιπε,
1350 213 1579 287 φάσκει,
1622 219 1775 272 ίνατί
1809 239 1877 288 με

155 324 247 366 (496)
273 301 650 373 ἐγκατέλιπες;
702 295 763 354 τὸ
814 293 867 353 δ’
911 306 1087 355 αἴτιον
1137 303 1297 355 τοῦτο
1346 290 1416 372 ἦν
1457 297 1492 371 ἡ
1533 303 1632 357 τοῦ
1674 300 1878 368 παντὸς

270 381 590 457 ἀνθρώπων
611 384 809 454 γένους
832 377 1234 454 ἀπολύτρωσις,
1257 384 1336 458 τῷ
1357 389 1519 460 τιμίῳ
1543 388 1730 458 αἵματι
1763 387 1877 453 ἐξα-

270 468 604 542 γοραζομένη
634 463 742 523 ἀπὸ
771 471 869 538 τῆς
899 469 1035 538 πρὶν
1065 473 1304 539 χαλεπῆς
1337 472 1621 540 δουλείας,
1665 462 1735 541 ἦν
1764 484 1878 536 τοῖς

267 550 521 626 άοράτοις
555 549 875 623 δεσπόταις,
920 556 1177 623 δαίμοσιν
1206 549 1543 625 ἀκαθάρτοις
1569 555 1676 628 ..καὶ
1706 575 1879 626 πονη-
1901 573 1922 607 5

270 650 387 710 ροῖς
417 633 656 710 ἄρχουσί
679 658 739 691 τε
767 638 860 692 καὶ
890 635 1195 710 πνεύμασι,
1230 634 1734 701 καταδεδούλωντο.
1795 642 1879 695 38.

270 724 364 778 καὶ
393 719 572 787 ἄλλως
605 721 665 777 δὲ
696 723 1092 778 καταλέλοιπεν
1121 719 1291 778 αὐτὸν
1320 717 1349 778 ὁ
1380 721 1560 795 πατὴρ
1592 727 1670 789 εἰς
1699 721 1759 779 τὸ
1790 724 1882 779 καὶ

271 803 444 863 αὐτοῦ
465 807 564 862 τοῦ
574 808 817 877 Χριστοῦ
839 803 940 877 τὴν
964 801 1104 878 ὑπὲρ
1128 803 1452 879 ἀνθρώπων
1470 805 1728 864 διάθεσιν
1749 803 1883 863 ἆπο-

272 892 579 963 δειχθῆναι.
653 887 740 946 διὸ
768 889 1006 962 μηδενὸς
1038 897 1256 963 ἔχοντος
1289 893 1545 958 ἐξουσίαν
1582 894 1678 964 τῆς
1709 889 1882 949 αὐτοῦ

158 1002 245 1044 [309]
274 981 453 1049 ψυχῆς
485 973 629 1032 ἑκτὸν
667 971 831 1041 αὐτὸς
860 972 1003 1049 ὑπὲρ
1033 973 1357 1047 ἀνθρώπων
1398 972 1574 1048 αὐτὴν
1611 979 1882 1047 τέθεικεν,
1906 994 1947 1026 1⁰

273 1058 460 1133 ὥσπερ
491 1051 594 1117 οὖν
624 1058 877 1116 διδάσκει
920 1062 1100 1132 λέγων
1122 1055 1347 1126 “mmsis
1379 1069 1525 1134 αἴρει
1566 1058 1668 1133 τὴν
1699 1058 1885 1134 ψυχήν

271 1167 382 1218 μου
411 1140 510 1201 ἀπ’
546 1146 702 1217 ἐμοῦ·
755 1147 1012 1212 ἐξουσίαν
1042 1150 1146 1217 ἔχω
1163 1154 1354 1202 θεῖναι
1378 1142 1571 1218 αὐτὴν,
1604 1147 1697 1202 καὶ
1730 1147 1884 1213 ἐξου-
1949 1187 1952 1190 -

224 1253 248 1285 b
273 1235 404 1286 σίαν
435 1233 539 1302 ἔχω
570 1226 739 1285 πάλιν
769 1235 965 1301 λαβεῖν
994 1225 1222 1302 αὖτήν.”

401 1317 484 1370 39.
525 1311 678 1385 Ἑξῆς
716 1311 930 1379 τούτοις
969 1315 1108 1386 φησὶ
1141 1305 1398 1388 “μακρᾶν
1437 1311 1546 1370 ἀπὸ
1585 1316 1681 1386 τῆς
1711 1331 1883 1386 σωτη-

274 1403 397 1472 ρίας
435 1421 543 1470 μου
582 1402 640 1454 οἱ
674 1395 827 1470 λόγοι
866 1400 980 1454 τῶν
1019 1397 1482 1471 παραπτωμάτων
1517 1394 1672 1472 μου.”
1746 1394 1879 1456 ἄνθ’
1906 1415 1947 1449 15

273 1474 341 1539 οὗ
370 1481 399 1539 ὁ
430 1482 534 1555 μὲν
555 1480 791 1549 Ἀκύλας
815 1477 1070 1556 “μακρο“ιν
1099 1479 1208 1540 ἀπὸ
1237 1488 1332 1556 τῆς
1357 1489 1631 1558 σωτηρίας
1653 1506 1762 1556 μου
1786 1481 1887 1558 ῥή-

273 1590 418 1640 ματα
456 1564 806 1640 βρυχήματός
859 1563 1005 1641 μου”
1051 1570 1348 1640 ἐξέδωκεν,
1400 1563 1429 1625 ὃ
1480 1568 1542 1625 δὲ
1583 1566 1885 1641 Σύμμαχος

265 1648 687 1724 “άφεστήκασιν
726 1648 834 1709 άπὸ
871 1657 967 1724 τῆς
1011 1658 1286 1726 σωτηρίας
1333 1677 1442 1726 μου
1481 1656 1538 1710 oc
1580 1650 1732 1725 λόγοι
1773 1655 1886 1709 τῶν

274 1733 540 1810 όδυρμων
568 1733 727 1810 μου,”
759 1739 852 1794 καὶ
882 1733 1018 1794 καθ’
1026 1739 1249 1841 κὲτέραν
1280 1738 1343 1795 δε
1372 1739 1688 1810 φερομένην
1718 1759 1886 1810 ερμη-

275 1828 435 1878 νειάν
475 1825 729 1894 πέμπτην
771 1819 1038 1896 εἴρηται“
1063 1845 1284 1895 μακραν
1329 1819 1436 1879 ἀπὸ
1475 1824 1572 1893 τῆς
1612 1827 1884 1894 σωτηρίας
1906 1841 1948 1873 20

275 1929 383 1979 μου
413 1910 472 1962 οἰ
498 1905 651 1979 λόγοι
680 1909 793 1963 τῶν
826 1904 1072 1980 δεήσεων
1100 1930 1224 1978 μου.
1292 1909 1374 1962 40.
1420 1902 1523 1979 ὅρα
1569 1902 1637 1976 δη
1669 1928 1773 1962 ουν
1801 1928 1885 1961 οτι

276 1987 399 2046 κατ’
433 1988 735 2062 οὐδετέραν
774 1988 987 2047 τούτων
1024 1987 1086 2046 τό
1125 1993 1238 2046 τῶν
1275 1987 1737 2062 παραπτωμάτων
1776 2012 1885 2062 μου

236 2110 254 2132 0
279 2083 508 2146 εἴρηται,
541 2070 614 2139 ὥς
645 2079 979 2146 συμβαίνειν
1009 2074 1139 2130 ποτὲ
1169 2071 1449 2146 σφάλματι
1487 2076 1745 2150 γραφικςό
1771 2097 1886 2131 τοι-

277 2156 449 2223 αύτας
489 2155 643 2223 τινας
695 2155 999 2230 ἐναλλαγάς
1047 2159 1338 2230 φέρεσθαι.
1426 2162 1487 2215 ἐκ
1541 2159 1602 2215 δὲ
1638 2161 1735 2230 τῆς
1773 2160 1887 2215 τῶν

276 2240 553 2299 πλειόνων
585 2243 878 2316 ἑρμηνείας
908 2245 1305 2314 καταληπτέον,
1339 2248 1390 2298 εί
1417 2242 1491 2315 μὴ
1514 2241 1622 2316 ἄρα
1651 2266 1732 2308 τις
1755 2240 1884 2300 κᾶν·
1906 2263 1948 2297 25

276 2331 462 2384 ταῦθα
484 2324 551 2383 τὰ
567 2322 804 2400 ἡμέτερα
821 2324 1236 2401 παραπτώματα
1255 2325 1692 2400 ἐξοικειούμενον
1713 2328 1886 2384 ταῦτα

280 2408 451 2469 αὐτὸν
483 2412 763 2485 εἰρηκέναι
794 2410 1005 2483 φήσειε.

405 2499 491 2553 41.
533 2495 760 2563 Τούτοις
793 2498 918 2568 ἑξῆς
957 2493 1252 2567 ἐπιλέγει“
1261 2497 1290 2551 ὁ
1330 2494 1462 2562 θεός
1492 2519 1600 2569 μου
1633 2493 1886 2568 κεκράξο-

277 2604 375 2653 μαι
405 2578 629 2680 ημέρας,
662 2582 754 2637 καὶ
786 2604 891 2638 ουκ
921 2577 1240 2653 εἰσακούσῃ,
1272 2582 1364 2636 καὶ
1394 2578 1622 2651 νυκτὸς,
1661 2581 1751 2636 καὶ
1783 2602 1887 2636 ουκ

281 2670 358 2731 εἰς
409 2662 609 2722 άνοιαν
659 2663 823 2737 ἐμοί.”
906 2661 1040 2722 ἀνθ’
1083 2687 1150 2721 ου
1187 2662 1356 2721 πάλιν
1404 2663 1432 2721 ὁ
1475 2662 1776 2737 Σύμμαχος
1816 2658 1883 2720 “5
1906 2687 1949 2721 30

395 2859 443 2896 11
477 2857 537 2897 Io.
565 2861 628 2906 10,
654 2859 721 2898 18.
