1992 3186
578 91 887 133 DEMONST.
920 91 1142 133 EVANG.
1172 91 1227 130 X.
1260 91 1299 131 8.
1641 89 1742 142 677

0 173 1 257 1
134 215 425 280 ἵστασθαι,
458 208 549 264 καὶ
580 206 756 280 μηδὲν
785 203 1004 278 ἀγαθὸν
1036 212 1114 272 εἰς
1138 202 1345 273 αὐτοῦς
1370 209 1637 279 ἐνεργεῖν,
1669 213 1744 282 τῷ

134 295 310 367 μηδὲν
349 294 768 365 παραδέχεσθαι
813 287 1016 356 αὐτούς
1057 293 1169 348 τῶν
1211 293 1357 364 ε’μῶν
1400 287 1633 362 άγαθῶν
1666 290 1739 347 δι’

134 376 312 451 ἄκραν
341 382 535 443 κακίας
566 379 699 448 ἕξιν,
731 373 869 432 ἄλλα
892 376 1031 448 μηδὲ
1056 379 1274 448 βοηθοῦ
1305 375 1447 448 μηδὲ
1469 378 1747 447 συνεργοῦ

132 461 426 535 τυγχάνων
453 460 602 527 τινὸς
630 462 743 517 τῶν
772 462 1191 533 προειρημένων
1223 465 1300 526 εἰς
1330 460 1427 517 τὸν
1460 455 1603 532 ὑπὲρ
1635 462 1746 516 τῶν

90 571 110 601 5
136 550 196 604 ἐν
213 544 408 603 ”Ἀιδου
440 549 636 618 ψυχῶν
666 536 863 615 ἆθλον,
895 548 1010 611 πῶς
1033 541 1137 601 οὐκ
1160 541 1229 601 ἂν
1261 543 1503 617 εὐλόγως
1535 543 1737 618 εἴποιμ’
1771 569 1857 611 [313]

133 627 204 688 ἂν
235 634 328 687 καὶ
357 629 439 687 ὅτι
469 637 665 697 θλῖψις
698 628 888 701 ἐγγὺς,
919 626 1002 685 ὅτι
1033 626 1136 686 οὐκ
1166 625 1367 686 ἔστινὸ
1399 632 1656 701 βοηθῶν;
1688 627 1748 687 τό

133 716 236 788 μὲν
274 707 376 772 οὖν
417 712 512 780 τὰς
551 712 796 786 πονηρὰς
837 715 928 769 καὶ
957 711 1335 786 ἀντικειμένας
1378 713 1643 786 δυνάμεις
1672 713 1748 787 μὴ

133 814 430 871 συνεργεῖν
460 796 611 874 αὐτῷ
634 799 775 871 μηδὲ
798 804 1033 870 βοηθεῖν
1057 796 1146 854 ἐπ’
1176 795 1395 870 ἀγαθὸν
1418 795 1565 874 αὐτῶ
1598 823 1748 872 κομι-

134 885 340 959 ζομένῳ
370 881 541 940 οὐδὲν
570 875 641 954 ἦν
669 881 1019 954 θαυμαστόν·
1065 880 1126 939 τὸ
1159 883 1219 939 δὲ
1242 881 1467 940 πάντων
1490 885 1750 956 μέγιστον
1775 916 1792 938 0

71 993 111 1023 ιο
133 972 230 1040 τῆς
259 974 508 1036 θλίψεως
547 972 644 1038 τῆς
688 965 923 1039 μάλιστα
953 965 1244 1039 πιεζούσης
1291 965 1462 1024 αὐτὸν
1491 964 1644 1024 τοῦτ’
1678 959 1750 1040 ἦν

134 1050 261 1127 ἄρα,
292 1051 352 1108 τὸ
375 1054 589 1125 μηδένα
611 1052 751 1123 μηδὲ
775 1054 887 1107 τῶν
909 1056 1108 1108 αἰσίων
1132 1053 1225 1108 καὶ
1251 1054 1449 1118 δεξιῶν
1478 1048 1749 1124 ἀγγέλων,

132 1137 272 1210 μηδὲ
312 1134 423 1209 μὴν
462 1138 574 1193 τῶν
612 1142 790 1192 θείων
835 1134 1158 1208 δυνάμεων,
1200 1140 1407 1208 τολμᾶν
1440 1139 1750 1208 ἐπιβαίνειν

131 1236 246 1287 τοῖς
275 1227 375 1278 τοῦ
398 1218 651 1278 θανάτου
669 1226 989 1291 βασιλείοις,
1020 1220 1162 1293 μηδὲ
1181 1233 1478 1293 συνεργεῖν
1502 1223 1590 1277 ἐπὶ
1621 1227 1750 1293 βοη-

131 1311 265 1380 θείᾳ
295 1310 408 1362 τῶν
438 1303 639 1362 αὐτόθι
671 1309 879 1377 ψυχῶν.
949 1309 1032 1362 69.
1065 1302 1216 1381 μόνῳ
1257 1304 1362 1379 γὰρ
1404 1303 1556 1382 αὐτῷ
1595 1304 1743 1362 τοῦτ’

69 1413 109 1444 15
132 1386 362 1464 ἀτρεμὲς
392 1381 489 1462 ἦν,
523 1391 642 1446 ἐπεὶ
672 1391 764 1445 καὶ
794 1387 946 1465 μόνω
976 1385 1346 1465 ἠνεῴχθησαν
1369 1389 1541 1446 πύλαι
1570 1388 1753 1447 θανά-

132 1498 262 1546 του,
302 1476 394 1531 καὶ
423 1471 600 1547 μόνον
632 1470 804 1530 αὐτὸν
834 1472 1296 1547 πυλωροὶῨΑιδου
1340 1473 1554 1541 ἰδόντες
1587 1479 1751 1547 ἔπτη-

133 1561 261 1631 ξαν,
293 1555 458 1625 αὐτός
487 1582 546 1615 τε
575 1556 603 1614 ὁ
634 1555 693 1614 τὸ
725 1556 920 1631 κράτος
952 1563 1094 1631 ἔχων
1123 1561 1226 1615 τοῦ
1252 1557 1533 1629 θανάτου,
1580 1557 1753 1616 ὑπεκ-

134 1640 265 1709 στὰς
303 1645 416 1700 τῶν
454 1648 756 1714 βασιλείων
794 1640 1051 1716 θρόνων,
1093 1639 1188 1699 ἅτε
1228 1641 1402 1715 μόνον
1431 1641 1601 1700 αὐτὸν
1633 1646 1754 1700 ε’πι-

133 1725 301 1799 γνούς
356 1729 556 1784 ἑαυτοῦ
609 1725 832 1799 κύριον,
902 1725 1170 1800 ἐλάλησεν
1222 1726 1375 1804 αὐτῷ
1427 1725 1614 1800 δεήσει
1660 1730 1753 1784 καὶ

68 1833 110 1864 20
136 1815 383 1886 ἱκετηρία
421 1816 707 1884 μαλακῶς,
761 1810 899 1868 κατὰ
938 1810 1004 1868 τὰ
1057 1809 1374 1884 δηλούμενα
1416 1815 1477 1869 ἐν
1515 1816 1590 1888 τῷ
1628 1809 1752 1884 Ἰῶβ

133 1898 259 1971 περὶ
289 1893 516 1953 τούτων.
567 1901 646 1952 70.
680 1895 829 1967 πλὴν
859 1893 998 1952 ἀλλὰ
1020 1894 1122 1967 τὴν
1146 1893 1323 1969 άσεβῆ
1344 1902 1443 1954 τοῦ
1467 1895 1750 1970 τυράννου

133 1984 610 2038 καταδυναστείαν
631 1982 896 2037 τοσοῦτον
917 1979 1064 2053 ὁρῶν
1086 1979 1412 2054 ἰσχύουσαν,
1446 1977 1518 2048 ῶς
1538 1984 1751 2054 μηδένα
1779 2008 1800 2040 d

133 2062 303 2122 ἄλλον
332 2070 540 2137 τολμᾶν
569 2067 683 2122 τῶν
713 2062 833 2121 κατ’
863 2063 1107 2139 οὐρανὸν
1140 2068 1200 2122 ἐν
1222 2078 1336 2132 τοῖς
1359 2064 1560 2123 αὐτόθι
1590 2073 1754 2140 χωρί-

135 2172 216 2217 οις
240 2163 612 2223 συμπαρεῖναι
637 2147 787 2226 αὐτῷ
810 2151 903 2206 καὶ
925 2152 996 2223 τῇ
1016 2153 1130 2207 τῶν
1160 2145 1362 2208 αὐτόθι
1392 2154 1589 2223 ψυχῶν
1619 2170 1752 2208 συν-

69 2255 110 2285 25
136 2247 321 2308 εργεῖν
361 2240 635 2310 σωτηρίᾳ,
690 2232 913 2300 εἰκότως
953 2236 1129 2306 φησὶν
1160 2232 1282 2291 “gn
1332 2242 1527 2302 θλῑψις
1568 2234 1751 2306 ἐγγὺς,

134 2316 218 2374 ὅτι
257 2314 362 2375 οὐκ
402 2324 554 2375 ἔστιν
591 2317 620 2375 ὁ
663 2314 958 2390 βοηθῶν,”
1003 2317 1126 2383 ἑνὸς
1170 2317 1347 2391 μόνου
1386 2322 1485 2375 τοῦ
1529 2316 1753 2375 κάκεῖσε

134 2407 372 2473 βοηθεῖν
413 2400 566 2476 αὐτῷ
605 2404 923 2473 δυναμένου
954 2400 1408 2470 καταλελοιπότος
1437 2398 1637 2474 αὐτὸν,
1679 2398 1753 2469 ῶς

135 2481 206 2541 ἂν
238 2490 316 2552 εἰς
347 2483 556 2552 πάντας
587 2481 1008 2558 ἆνακηρυχθείη
1038 2483 1098 2542 τὸ
1131 2484 1385 2559 λαμπρὸν
1415 2488 1506 2542 καὶ
1540 2489 1747 2559 ἐξαίρε-

134 2592 231 2625 τον
260 2572 356 2641 τῆς
390 2574 536 2635 ἰδίας
561 2567 736 2626 αὐτοῦ
758 2570 1130 2641 προαιρέσεως
1152 2575 1249 2642 τῆς
1272 2593 1330 2627 τε
1354 2570 1492 2627 κατὰ
1522 2569 1751 2628 πάντων

73 2673 114 2705 30
138 2659 311 2725 νίκης.
376 2657 456 2710 71.
491 2655 584 2709 καὶ
615 2651 914 2726 ἐπειδήπερ
945 2651 974 2710 ὁ
1004 2652 1171 2726 μόνος
1203 2650 1354 2731 αὐτῷ
1383 2662 1620 2728 βοηθεῖν
1654 2660 1751 2712 δυ-

135 2734 372 2809 νάμενος
403 2733 504 2794 οὐκ
534 2728 604 2809 ἦν
629 2734 778 2814 αὐτῷ
800 2737 922 2795 τότε
945 2735 1174 2811 βοηθὸς,
1207 2738 1429 2806 εἰκότως
1450 2738 1752 2813 ἀρχόμενος

386 2819 397 2838 ἱ
448 2817 515 2840 “9

135 2827 291 2894 ἔλεγε
342 2845 402 2878 το
488 2823 608 2894 ηλεὶ
659 2820 780 2894 ἠλεὶ
835 2825 981 2895 λαμᾶ
1029 2826 1374 2898 σαβαχθανὶ,
1426 2822 1573 2882 τοῦτ’
1630 2832 1746 2882 ἔστι
1772 2851 1862 2893 (503)
