1946 3158
208 110 278 164 56
889 112 1140 154 EUSEBII

166 251 190 284 d
213 226 441 303 κατάρα,
472 231 549 304 τςὸ
570 228 710 301 μηδὲ
742 225 984 284 δυνατὸν
1015 223 1200 294 αὐτοῖς
1231 226 1372 286 εἶναι
1402 227 1469 286 τά
1499 229 1648 304 παρὰ
1678 239 1813 288 Μω-

210 326 300 371 σεῖ
335 314 818 385 νενομοθετημένα
850 319 1159 383 συντελεῖν,
1191 315 1597 387 περιῃρημένης
1627 314 1810 372 αὐτῶν

210 401 305 469 τῆς
337 395 752 471 μητροπόλεως,
807 398 897 452 καὶ
945 394 1442 470 ἀποκεκλεισμένης
1485 403 1581 470 τῆς
1639 398 1809 472 μόνον

212 479 413 539 αὐτόθι
490 482 985 554 συγκεχωρημένης
1065 484 1438 539 ἐπιτελεῖσθαι
1504 487 1810 554 Μωσαῖκῆς

211 572 530 640 θρησκείας.
592 569 676 621 22.
710 563 868 637 ἡμεῖς
914 566 976 622 δὲ
1013 564 1110 622 τὸν
1138 561 1249 623 ὑπὸ
1282 569 1535 633 Μωσέως
1565 570 1657 624 καὶ
1697 571 1809 624 τῶν
1833 591 1856 624 5

211 655 422 708 λοιπῶν
462 653 764 722 προφητῶν
799 651 1241 752 κατηγγελμένων
1281 648 1681 724 ἀποδεξάμενοι
1722 651 1815 708 καὶ

211 734 388 792 τούτω
421 741 724 791 πείθεσθαι
758 731 831 791 δι’
869 732 1030 808 εὐχῆς
1071 734 1390 809 ποιούμενοι
1421 738 1703 808 πληρωταὶ
1745 732 1815 794 άν

213 829 402 892 εἰημεν
453 823 548 891 τῆς
602 816 852 886 Μωσέως
896 826 1299 893 παραγγελίας,
1361 816 1437 877 δι’
1493 811 1557 893 ἧς
1608 826 1816 924 ἔφησεν

221 900 424 961 αὐτοῦ
485 900 811 961 ἀκούσεσθε.
902 925 1053 961 πασα
1113 905 1175 961 δε
1234 903 1381 978 ψυχὴ
1439 901 1556 976 ἥτις
1615 900 1686 963 ὅὶν
1741 905 1816 978 μὴ

212 986 423 1062 ἀκούσῃ
455 992 552 1045 τοῦ
588 986 877 1062 προφήτου
921 993 1138 1046 ἐκείνου
1184 987 1716 1061 ἐξολοθρευθήσεται
1759 1013 1818 1047 εκ
1839 1011 1878 1043 10

211 1076 312 1130 τοῦ
332 1076 530 1145 γένους
553 1070 772 1145 αὖτῆς.”
814 1078 898 1131 23.
923 1079 1050 1130 τίνα
1073 1075 1133 1130 δὲ
1155 1072 1437 1141 διετάξατο
1460 1069 1488 1130 ὃ
1512 1072 1815 1147 προφήτης,

215 1149 295 1215 οἷν
329 1156 624 1214 ἐπακούειν
656 1155 860 1232 χρεων,
893 1163 1068 1234 μικρῷ
1111 1157 1362 1231 πρόσθεν
1400 1156 1714 1231 ἀκηκόαμεν
1753 1159 1819 1215 τὰ

213 1240 477 1314 πάνσοφα
521 1244 612 1299 καὶ
647 1245 836 1314 ἐντελῆ
869 1244 961 1299 καὶ
1004 1240 1242 1315 οὐράνια
1283 1246 1740 1317 παραγγέλματα·
1783 1239 1819 1299 ἂ

217 1324 285 1400 δή
317 1323 418 1383 οὐκ
452 1329 511 1383 ἐν
542 1329 703 1395 πλαξὶ
737 1334 980 1394 λιθίναις
1011 1336 1216 1385 Μωσεῖ
1242 1333 1659 1399 παραπλησίως,
1684 1323 1822 1384 οὐδέ

214 1434 277 1484 γε
316 1413 510 1484 μέλανι
544 1414 634 1467 καὶ
675 1411 897 1484 χάρταις
937 1410 1138 1484 ἠξίωσε
1180 1413 1569 1483 παραθέσθαι,
1612 1424 1814 1485 ψυχαῖς
1841 1431 1881 1464 15

125 1519 191 1560 (29)
218 1497 279 1552 δὲ
324 1497 766 1568 κεκαθαρμέναις
819 1498 910 1552 καὶ
963 1495 1167 1569 νοερὰν
1215 1493 1416 1553 οὐσίαν
1465 1499 1820 1569 κεκτημέναις

211 1582 324 1637 τῶν
355 1578 527 1636 αὐτοῦ
558 1583 862 1652 φοιτηταῖν’
898 1584 958 1637 ἐν
989 1577 1076 1646 αἷς
1107 1579 1385 1654 ἐγγράψας
1415 1578 1542 1646 τούς
1571 1585 1668 1652 τῆς
1698 1605 1821 1637 και-

211 1670 313 1736 νῆς
347 1662 622 1736 διαθήκης
665 1662 870 1737 νόμους
922 1671 1100 1738 ἔργοις
1131 1662 1453 1737 άπεπλήρου
1493 1662 1596 1736 τὴν
1637 1663 1821 1737 φήσα-

213 1767 319 1806 σαν
361 1747 452 1805 διὰ
496 1747 765 1822 Ιερεμίου
810 1755 1157 1850 προφητειαν
1192 1744 1580 1821 “διαθη’σομαι
1622 1748 1820 1821 διαθή-

213 1857 318 1906 κην
372 1832 598 1905 καινὴν,
641 1832 708 1890 οὐ
740 1856 878 1891 κατα
928 1833 1031 1904 τὴν
1090 1831 1371 1906 διαθήκην
1428 1829 1499 1905 ἣν
1550 1835 1818 1907 διεθέμην
1841 1854 1883 1887 20

211 1932 326 1982 τοῖς
357 1915 630 1989 πατράσιν
661 1914 860 1974 αὐτῶν.
925 1913 1008 1974 ὅτι
1050 1914 1187 1990 αὕτη
1217 1916 1250 1990 ἡ
1297 1915 1541 1990 διαθήκη
1579 1914 1654 1990 ἣν
1698 1923 1821 1975 δια-

213 1999 462 2074 θήσομαι
492 2026 567 2057 τω
591 2011 724 2058 οἱκω
749 1998 982 2074 Ἰσραὴλ,
1016 1999 1208 2069 διδους
1238 2001 1441 2075 νόμους
1472 2026 1579 2075 μου
1605 2011 1682 2069 εἰς
1705 2001 1820 2060 διά-

213 2109 376 2143 νοιαν
406 2083 612 2157 αὐτῶν,
646 2087 738 2141 καὶ
773 2088 858 2141 ἐπὶ
884 2084 986 2158 τὴν
1016 2092 1255 2160 καρδίαν
1287 2083 1471 2143 αὐτῶν
1491 2085 1687 2161 γράψω
1720 2084 1821 2143 αὐ-

213 2167 361 2241 τούς,
395 2171 486 2225 καὶ
520 2175 711 2243 ἔσομαι
743 2166 929 2227 αὐτῶν
959 2169 1109 2243 θεὸς,
1143 2173 1235 2228 καὶ
1268 2169 1426 2228 αὐτοὶ
1455 2177 1680 2228 ἔσονταί
1713 2195 1821 2244 μου

215 2251 390 2321 λαός.”
1841 2273 1884 2306 25

167 2366 189 2398 b
343 2349 460 2399 VIII.
519 2335 666 2396 Ἀλλ’
711 2333 740 2394 ὁ
779 2338 882 2411 μὲν
925 2341 984 2395 ἐν
1029 2341 1228 2406 πλαξὶν
1269 2337 1532 2411 ἀψύχοις,
1589 2337 1617 2395 ὃ
1661 2337 1712 2395 δ’
1761 2341 1820 2395 ἐν

218 2428 489 2490 διανοίαις
523 2421 716 2492 ζώσαις
746 2421 812 2479 τά
842 2426 1022 2480 τέλεια
1053 2427 1148 2494 τῆς
1189 2426 1382 2494 καινῆς
1416 2421 1687 2494 διαθήκης
1718 2447 1819 2479 πα-

216 2511 564 2582 ραγγέλματα
598 2509 928 2580 ἐνέγραψεν·
972 2513 1030 2564 οἱ
1056 2509 1123 2564 δέ
1156 2530 1219 2578 γε
1250 2506 1418 2564 αὐτοῦ
1460 2508 1705 2579 μαθηταὶ
1743 2510 1822 2584 τῷ

215 2598 314 2648 τοῦ
350 2590 687 2649 διδασκάλου
724 2590 951 2665 νεύματι
983 2591 1326 2663 κατάλληλον
1366 2605 1484 2656 ταῖς
1535 2596 1647 2649 τῶν
1685 2600 1822 2649 πολ-

330 2815 354 2852 9
383 2813 520 2853 Deut.
554 2816 619 2864 18,
647 2816 713 2856 15.
747 2815 812 2854 18.
849 2817 917 2857 19.
957 2814 1058 2857 Act.
1093 2817 1131 2865 3,
1167 2815 1236 2853 22.
1268 2815 1336 2853 23.
1401 2798 1405 2801 ⁴
1456 2814 1508 2852 11
1529 2815 1567 2855 2.
1596 2812 1693 2853 Cor.
1715 2816 1754 2864 3,
1775 2811 1840 2853 3.

217 2869 269 2908 19
298 2868 393 2910 Jer.
427 2871 479 2910 31
501 2885 557 2907 Ξ
587 2873 653 2921 38,
686 2873 754 2913 31.
