1992 3186
269 94 371 147 666
949 96 1195 138 EUSEBII
1277 62 1284 67 ’

157 208 338 280 [3081ὄὶν
376 215 472 284 τῆς
513 213 758 286 γραφῆς,
817 212 936 268 ἐπεὶ
977 212 1069 268 καὶ
1110 217 1316 286 κυρίως
1365 210 1511 270 οὕτω
1561 206 1710 285 παρὰ
1760 226 1874 279 τοῖς

269 295 646 370 ἑβδομήκοντα
660 301 738 352 ἔτι
760 297 852 352 καὶ
871 298 980 353 νῦν
999 293 1344 368 τῇἙβραίων
1362 294 1681 370 ὀνομάζεται
1694 302 1870 372 φωνῇ.

268 384 539 455 φέρονταί
573 402 636 453 γε
677 378 789 454 μὴν
819 377 949 453 παρ’
987 378 1174 447 αὐτοῖς
1217 382 1305 438 ἐπὶ
1350 385 1446 454 τῆς
1474 389 1635 450 θείας
1665 401 1873 455 προση-

266 471 456 538 γορίας
488 466 579 521 καὶ
621 466 807 537 ἕτεραί
840 487 987 531 τινες
1020 466 1388 538 ἐκφωνήσεις,
1431 461 1620 539 ὥσπερ
1649 460 1752 525 οὖν
1783 469 1875 524 καὶ

265 548 325 606 τὸ
356 553 584 606 Σαδδαῖ
620 551 712 606 καὶ
750 547 811 606 τὸ
844 547 985 607 Ἰαω’
1006 551 1098 606 καὶ
1131 549 1190 606 τὸ
1205 548 1315 607 ”Hk
1352 552 1445 607 καὶ
1484 547 1625 607 ἄλλα
1663 550 1917 617 τούτοιςὸ

266 631 635 735 παραπλήσια.
696 638 780 692 29.
814 629 842 690 ὁ
878 632 946 706 δὴ
977 626 1081 691 οὖν
1121 633 1256 707 μετά
1286 647 1471 709 χεῖρας
1510 635 1736 709 Ψαλμός
1765 632 1873 693 ἀπὸ

217 743 240 776 d
265 720 364 776 τοῦ
402 713 472 791 ἢλ
516 715 637 791 ἠλεὶ
684 715 803 791 ἠλεὶ
847 721 993 792 λαμᾶ
1032 725 1353 792 σαβαχθανί
1391 721 1659 793 περιέχει,
1702 712 1746 797 ᾦ
1786 722 1879 778 κέ-

266 826 458 877 χρηται
490 805 581 860 καὶ
610 799 639 860 ὁ
681 802 869 875 κύριος
899 799 1087 877 ἡμῶν,
1130 799 1195 861 οὗ
1226 803 1338 878 μὴν
1367 802 1475 861 ἀπὸ
1514 807 1615 863 τοῦ
1657 807 1872 878 ἐλωείμ.

265 892 347 945 30.
381 886 410 945 ὁ
441 890 581 960 γοῦν
604 886 836 955 Ἀκύλας
869 886 1144 962 διαφορὰν
1176 887 1338 956 εἰδώς
1368 893 1464 962 τῆς
1503 887 1633 960 παρ’
1662 888 1876 964 Ἐβραί-

263 996 345 1039 οις
374 976 518 1030 θεοῦ
549 978 921 1048 προσηγορίας
953 977 1012 1030 ἐκ
1053 978 1166 1032 τῶν
1209 976 1406 1048 ε’λωεὶμ
1448 975 1873 1048 σημαινομένης,
1900 999 1938 1031 ιο

264 1056 322 1114 τὸ
365 1060 474 1114 νῦν
527 1056 872 1132 δηλούμενον
931 1060 992 1115 ἐν
1035 1064 1111 1134 τῷ
1160 1055 1279 1131 ἠλεὶ
1319 1055 1445 1130 ἠλεί
1485 1055 1588 1116 οὐκ
1638 1057 1876 1132 ἠξίωσεν

262 1138 464 1215 ὁμοίως
510 1156 624 1209 τοῖς
664 1151 875 1209 λοιποῖς
917 1141 946 1199 ὁ
986 1143 1118 1209 θεὸς
1161 1139 1188 1201 ὁ
1229 1141 1362 1209 θεός
1401 1166 1509 1216 μου
1548 1143 1877 1216 μεταβαλών

266 1232 473 1299 εἰπεῖν,
515 1225 654 1284 ἀλλὰ
676 1225 914 1300 τει’σχυρέ
951 1251 1059 1300 μου
1100 1229 1297 1301 ἰσχυρέ
1321 1224 1493 1300 μου·”
1535 1227 1595 1285 τὸ
1629 1228 1681 1284 δ’
1717 1226 1877 1301 ἀκρι-

264 1312 358 1383 βές
390 1314 539 1368 ἐστιν
564 1307 756 1385 “ι’σχυ’ς
778 1335 886 1385 μου
912 1310 1066 1385 ἰσχύς
1096 1309 1254 1385 μου.”
1297 1309 1437 1370 ὥστε
1460 1312 1598 1369 κατὰ
1619 1311 1723 1385 τὴν
1753 1311 1876 1370 τού-

263 1419 361 1453 του
403 1393 656 1453 διάνοιαν
695 1394 792 1453 τὸν
834 1394 1013 1470 ἀμνὸν
1042 1402 1140 1454 τοῦ
1169 1401 1308 1454 θεοῦ
1348 1395 1446 1454 τὸν
1474 1394 1740 1471 ἡμέτερον
1770 1414 1874 1455 σω·
1899 1421 1939 1454 15

263 1483 401 1554 τῆρα
431 1478 716 1552 φάσκοντα
747 1480 806 1538 τὸ
835 1477 955 1554 ἦλεὶ
985 1479 1110 1554 ἠλεί
1138 1479 1273 1555 πρὸς
1314 1481 1410 1539 τὸν
1448 1484 1656 1556 πατέρα
1694 1483 1877 1556 λέγειν

257 1560 491 1638 “ίσχυρε’
515 1590 622 1638 μου
655 1568 851 1639 ίσχυρέ
884 1590 1022 1639 μου,
1054 1569 1202 1624 ίνατί
1230 1568 1578 1639 ἐγκατέλιπές
1607 1563 1734 1640 με.”
1788 1570 1873 1624 31.

150 1675 240 1715 (495)
266 1651 356 1706 καὶ
397 1648 534 1723 τάχα
576 1653 691 1707 ἐπεὶ
736 1653 1090 1722 ἐγκατέλιπεν
1128 1644 1299 1708 αὐτὸν
1349 1649 1378 1708 ὁ
1420 1650 1644 1725 ἰσχυρὸς
1683 1649 1875 1723 αὐτοῦ,

260 1732 459 1792 τούτου
483 1733 643 1809 χάριν
670 1734 1062 1809 [ἐσταυρώθη],
1083 1734 1155 1803 ὥς
1178 1754 1352 1810 φησιν
1374 1733 1402 1792 ὁ
1426 1732 1727 1802 ἀπόστολος
1742 1731 1874 1793 “noel

262 1819 367 1892 γὰρ
410 1818 739 1893 ἐσταυρώθη
781 1822 833 1889 ἐξ
874 1818 1203 1892 ἀσθενείας,
1243 1822 1335 1877 καὶ
1375 1824 1436 1893 ζῇ
1477 1823 1537 1877 ἐκ
1585 1818 1936 1893 δυνάμεωςεο

262 1907 433 1976 θεοῦ,
466 1903 539 1970 ὡς
569 1902 642 1978 μὴ
675 1907 1022 1978 σταυρωθεὶς
1055 1914 1138 1977 εἴη
1161 1902 1249 1976 ἂν,
1284 1909 1336 1962 εἰ
1355 1903 1428 1976 μὴ
1458 1899 1487 1960 ὁ
1521 1901 1742 1978 ἰσχυρὸς
1775 1904 1872 1961 αὐ-

261 1992 360 2045 τοῦ
401 1996 786 2046 καταλελοίπει
826 1986 1011 2046 αὐτόν.
1081 1993 1164 2046 32.
1197 1989 1288 2045 καὶ
1329 1985 1432 2061 ὅρα
1464 1993 1515 2045 εἰ
1553 1986 1626 2061 μὴ
1669 1995 1873 2062 ἔπρεπε

263 2071 359 2129 τὸν
387 2069 565 2145 ἀμνὸν
607 2075 708 2129 τοῦ
744 2078 913 2143 θεοῦ,
955 2071 1052 2129 τὸν
1083 2070 1155 2139 ὡς
1200 2070 1482 2145 πρόβατον
1528 2075 1615 2130 ἐπὶ
1647 2072 1873 2146 σφαγὴν

261 2152 506 2229 ἀχθέντα
546 2158 635 2212 καὶ
669 2154 742 2222 ὡς
771 2155 949 2230 ἀμνὸν
989 2159 1243 2214 ἐναντίον
1272 2160 1372 2214 τοῦ
1405 2162 1685 2230 κείροντος
1715 2154 1872 2230 ἄφω-

261 2265 389 2312 νον,
431 2239 525 2307 τὰς
566 2246 772 2307 οἰκείας
817 2238 1081 2314 δυνάμεις
1121 2239 1447 2299 ἀνατιθέναι
1475 2247 1552 2318 τῷ
1582 2245 1731 2319 θεῷ,
1779 2244 1870 2299 καὶ
1894 2263 1935 2297 2⁵

261 2325 439 2398 μηδὲν
469 2330 614 2383 ἴδιον
645 2331 792 2399 ἔχειν
821 2324 1082 2399 ἡγεῖσθαι
1111 2321 1145 2398 ἢ
1174 2324 1347 2398 μόνον
1375 2323 1472 2383 τὸν
1502 2329 1735 2399 πατέρα·
1786 2325 1871 2383 διὸ

263 2411 355 2466 καὶ
396 2410 625 2483 ἰσχυρὸν
663 2409 760 2468 τὸν
801 2414 1010 2483 πατέρα
1039 2410 1212 2468 αὑτοῦ
1240 2410 1535 2482 ἀποκαλεῖ,
1575 2406 1647 2477 ὥς
1687 2412 1778 2468 καὶ
1811 2412 1871 2467 ἐν

214 2521 236 2554 b
266 2492 711 2572 ἑπτακαιδεκάτῳ
750 2501 961 2571 Ψαλμῷ
995 2493 1156 2568 ἰσχὺν
1185 2497 1386 2552 ἑαυτοῦ
1426 2497 1518 2552 καὶ
1549 2501 1870 2568 κραταίωμα

263 2580 352 2636 καὶ
378 2578 706 2652 καταφυγὴν
727 2578 826 2638 τὸν
849 2582 1056 2654 πατέρα
1079 2577 1348 2651 ὀνομάζει,
1367 2576 1867 2652 λέγων“ἀγαπήσω

261 2682 357 2735 σε,
411 2662 569 2736 κύριε
608 2659 642 2736 ἡ
683 2662 841 2738 ἰσχύς
884 2688 1020 2738 μου,
1062 2661 1250 2738 κύριος
1289 2662 1568 2738 στερέωμά
1597 2688 1731 2737 μου,
1775 2664 1931 2721 uulso

375 2858 430 2897 20
461 2858 500 2897 2.
524 2857 627 2898 Cor.
653 2859 718 2908 13,
742 2859 782 2898 4.
957 2859 1011 2898 29
1043 2858 1118 2898 Ps.
1144 2858 1210 2909 18,
1238 2859 1272 2896 1.
