1992 3186
530 134 838 178 DEMONST.
868 133 1089 178 EVANG.
1118 133 1196 174 1v.
1231 134 1296 174 16.
1619 129 1725 182 275

114 249 361 323 γεώδους
390 246 546 322 ῧλης,
579 248 724 323 ὅμως
748 255 844 322 τῆς
875 246 1071 321 ἀρετῆς
1095 250 1187 305 καὶ
1211 251 1308 320 τῆς
1332 254 1725 322 προσωνυμίας

114 337 210 407 τῆς
250 333 423 392 αὐτοῦ
459 331 562 406 τὴν
610 336 946 407 οἰκουμένην
998 336 1331 406 κατέπλησε,
1386 331 1726 406 παρώνυμον

116 418 292 477 αυτοῦ
312 417 372 475 τὸ
404 422 754 492 Χριστιανῶν
794 420 952 491 γένος
993 421 1053 474 ἐν
1083 423 1218 475 πᾶσι
1257 431 1372 484 τοῖς
1404 423 1598 474 ἔθνεσι
1629 435 1724 474 συ-

113 521 467 576 στησαμενος.
528 507 610 559 ’58
644 501 672 559 ὁ
705 504 767 560 δὲ
798 503 1049 568 Μωσέως
1079 499 1204 559 οὐδ’
1239 500 1269 559 ό
1292 526 1342 558 τι
1374 502 1504 559 ποτὲ
1536 504 1596 558 ἐν
1625 526 1727 558 αν-

70 611 92 643 5
113 586 362 661 θρώποις
394 585 696 660 ὠνομασθη
722 592 886 660 δῆλος
917 588 1016 659 ἡν,
1050 593 1101 644 εί
1127 585 1201 660 μὴ
1228 584 1319 643 δια
1349 610 1443 659 της
1474 587 1727 652 Μωσέως

113 675 354 744 γραφῆς·
387 674 480 728 καὶ
503 671 663 738 οὗτος
693 696 796 745 μεν
824 669 931 738 ὀψέ
951 694 1083 728 ποτε
1113 670 1249 743 μετὰ
1278 670 1381 743 τὴν
1406 673 1596 738 ἔξοδον
1625 669 1728 777 m'zv

113 753 220 813 ἀπὸ
252 754 542 828 Αἰγύπτου
583 762 1063 829 περιρραντηρίοις
1103 758 1214 812 τισὶ
1255 757 1346 811 καὶ
1376 768 1494 823 ταῖς
1529 753 1601 811 δι’
1639 760 1727 811 αἱ-

112 838 305 912 μάτων
333 845 560 905 θυσίαις
590 842 903 913 καθαρθεὶς
935 843 1100 915 ἐλαίῳ
1131 841 1381 912 κέχριστο
1420 841 1725 916 σκευαστςόγ.ι

114 926 366 991 ,Μωσέως
406 921 576 980 αὐτὸν
615 923 942 997 κεχρικότος.
1014 927 1096 980 59.
1130 920 1158 979 ὁ
1194 925 1252 980 δὲ
1300 922 1603 996 ἀρχέτυπος
1634 925 1725 980 καὶ

48 1031 90 1063 10
113 1006 330 1081 ἀληθὴς
361 1005 611 1082 ἀρχῆθεν
641 1010 731 1065 καὶ
767 1015 846 1074 εἰς
877 1006 1108 1080 ἄπειρον
1130 1012 1306 1064 αἰῶνα
1329 1005 1453 1073 ὅλος
1486 1005 1558 1064 δι’
1594 1004 1727 1065 ὅλου
1752 1039 1770 1062 e

112 1094 205 1150 καὶ
235 1091 400 1158 αὐτὸς
431 1090 583 1168 αὐτῷ
611 1091 677 1148 τα
708 1090 889 1150 πάντα
919 1091 1103 1164 ὅμοιος
1124 1090 1260 1165 μηδ’
1298 1090 1489 1149 ὁτιοῦν
1519 1100 1727 1165 παραλ-

112 1175 326 1235 λάττων
369 1169 744 1250 Χριστὸς,“ἧν
786 1175 874 1233 ἀεὶ
905 1179 998 1233 καὶ
1038 1175 1144 1248 πρὸ
1175 1182 1270 1248 τῆς
1315 1180 1375 1234 ἐν
1406 1173 1727 1250 ἀνθρώποις

114 1264 436 1334 ἐπιδημίας,
467 1263 560 1317 καὶ
589 1258 709 1334 μετ’
743 1257 922 1333 αὐτὴν
951 1257 1182 1334 ὁμοίως,
1225 1259 1293 1318 οὐ
1331 1261 1469 1333 πρὸς
1500 1259 1727 1334 ἀνθρώ-

114 1367 223 1402 που
253 1341 387 1401 ούδὲ
419 1343 492 1401 δι’
528 1341 667 1417 ὕλης
697 1348 793 1417 τῆς
827 1349 887 1402 ἐν
917 1341 1260 1417 ἀνθρώποις,
1293 1343 1432 1402 ἄλλα
1464 1344 1600 1422 πρὸς
1630 1348 1728 1402 τοῦ

49 1454 90 1487 15
116 1431 203 1485 ἐπὶ
234 1426 460 1485 πάντων
489 1431 631 1486 θεοῦ
659 1434 724 1500 τῆ
756 1427 947 1501 ἆγενεΐ
973 1428 1196 1501 θεότητι
1228 1432 1596 1503 κεχρισμένος.
1640 1434 1723 1486 60.

113 1514 204 1569 καὶ
239 1510 540 1609 ἐπειδήπερ
571 1510 630 1569 τὸ
659 1518 754 1584 τῆς
786 1519 1156 1617 προσηγορίας
1189 1511 1361 1570 αὐτοῦ
1401 1513 1531 1585 παρ’
1568 1538 1727 1586 ημων

114 1594 441 1668 ἐξεταζεται,
465 1600 576 1653 τῶν
608 1600 916 1670 εἰρημένων
946 1619 1209 1654 απαντων
1242 1607 1325 1669 εἰη
1356 1623 1427 1655 αν
1458 1597 1726 1670 ἐπισφρα-

111 1699 282 1753 γισμα
311 1678 372 1736 τὸ
403 1679 551 1752 παρὰ
580 1683 655 1757 τῷ
697 1698 999 1757 σοφωτατῳ
1033 1685 1355 1754 Σολομωντι
1396 1680 1585 1754 λόγιον
1615 1679 1727 1754 φοὲ-

112 1782 248 1822 σκον
279 1767 341 1821 ἐν
370 1788 445 1820 τω
460 1762 715 1837 ’Ἀισματι
745 1789 856 1822 των
887 1762 1150 1840 ᾀσμάτων
1171 1761 1392 1839 “μυ’ρον
1414 1767 1726 1823 ἐκκενωθεν

47 1875 89 1907 20
111 1846 284 1922 ὄνομα
315 1823 474 1906 σού.”
547 1854 630 1906 61.
665 1851 758 1906 καὶ
797 1842 955 1915 οὗτος
994 1848 1100 1922 γαρ
1142 1852 1322 1927 ἐνθέῳ
1364 1855 1535 1927 σοφία
1575 1874 1725 1923 κεχο-

112 1934 438 2006 ρηγημένος,
470 1935 563 1990 καὶ
593 1935 955 2002 καταξιωθεὶς
986 1931 1444 2034 ἀπορρητοτέρων
1471 1937 1597 2006 περὶ
1628 1938 1728 1992 τοῦ

113 2020 356 2090 Χριστοῦ
393 2019 487 2074 καὶ
527 2023 623 2090 τῆς
667 2020 958 2090 ἐκκλησίας
990 2015 1162 2076 αὐτοῦ
1191 2018 1602 2092 θεωρηματων,
1636 2021 1723 2075 καὶ

110 2105 208 2158 τοῦ
246 2126 351 2175 μεν
393 2125 467 2168 ως
509 2105 846 2175 ἐπουρανίου
876 2109 1145 2175 νυμφίου,
1176 2107 1272 2176 τῆς
1305 2105 1366 2160 δε
1398 2127 1474 2170 ως
1503 2102 1727 2176 νύμφης

112 2183 285 2243 αὐτοῦ
312 2185 729 2259 μνημονεύσας,
774 2189 1199 2260 ἐπιζητουμένου
1230 2194 1287 2244 τί
1313 2186 1420 2261 ἄρα
1450 2189 1522 2260 ἠν
1551 2186 1726 2261 ὄνομα

49 2295 91 2328 25
112 2273 188 2346 τῷ
218 2276 466 2347 νυμφίω,
500 2274 774 2344 ἐπιφωνεῖ
793 2270 865 2338 ὥς
886 2270 1022 2343 πρὸς
1045 2267 1217 2329 αὐτὸν
1239 2275 1437 2345 λέγων,
1468 2296 1528 2328 το
1553 2269 1726 2345 ὄνομα

112 2372 242 2427 σου,
287 2360 523 2428 νυμφίε,
568 2354 749 2429 μύρον
794 2359 974 2426 ἐστὶν,
1027 2357 1119 2412 καὶ
1159 2354 1337 2430 μύρον
1377 2352 1477 2428 οὐχ
1517 2351 1724 2425 απλως,

111 2435 250 2494 ἀλλὰ
289 2441 683 2512 κεκενωμένου.
752 2444 837 2497 62.
877 2454 1040 2498 ποῖον
1083 2441 1145 2497 δὲ
1186 2436 1256 2497 ἂν
1295 2443 1510 2512 γένοιτο
1552 2437 1725 2511 ὄνομα

112 2519 293 2593 μύρου
344 2527 725 2598 κεκενωμένου
779 2522 1085 2598 δηλωτικὸν
1136 2521 1170 2596 ἢ
1222 2522 1282 2580 τὸ
1332 2526 1432 2580 τοῦ
1484 2527 1725 2594 Χριστοῦ

113 2601 313 2677 ὅνομας
344 2605 410 2662 οὐ
441 2605 544 2680 γὰρ
569 2604 639 2665 ἂν
661 2606 839 2675 ἄλλως
862 2606 979 2666 οὔτ’
1014 2605 1084 2666 ἂν
1107 2610 1321 2680 γένοιτο
1352 2604 1472 2664 οὔτ’
1509 2603 1581 2663 ἂν
1603 2603 1723 2663 ὀνο-

51 2715 92 2747 30
114 2695 358 2762 μασθείη
389 2690 620 2763 Χριστὸς
650 2689 684 2765 ἢ
715 2691 896 2766 μύρου
938 2693 1367 2766 προσχυθέντος.
1438 2689 1632 2748 ὀποιὸν
1664 2692 1725 2747 δὲ

231 2885 280 2923 19
319 2882 451 2926 Cant,
474 2882 606 2924 Cant.
631 2886 670 2935 1,
692 2887 732 2926 2.

1317 2952 1382 3004 18
1397 2953 1426 2984 *

1751 1958 1774 1990 d
