1946 3158
570 121 879 164 DEMONST.
902 121 1121 163 EVANG.
1154 122 1236 163 111.
1266 123 1308 164 4.
1653 121 1750 172 171

142 241 233 296 καὶ
274 241 388 296 πᾶν
428 239 706 312 τιμωριῶν
748 236 894 304 εἶδος
935 235 1077 312 ὑπὲρ
1108 240 1201 311 τῆς
1242 235 1416 294 αὐτοῦ
1447 242 1751 311 μαρτυρίας
1784 271 1801 292 e

142 322 544 396 ἀναδέχεσθαι,
585 319 688 379 οὐκ
717 316 783 379 ὂν
824 324 985 379 τοῦτο
1016 324 1110 396 τῆς
1141 325 1252 379 τῶν
1282 319 1516 394 φαύλων
1545 327 1753 379 οἰκεῖον

142 406 396 480 φύσεως;
452 411 536 464 44.
572 413 650 464 ἔτι
699 406 759 463 δὲ
790 408 882 463 καὶ
913 405 1087 482 τούτῳ
1120 404 1415 480 πρόσσχες·
1478 411 1528 463 εἰ
1559 404 1627 478 δὴ
1660 409 1752 463 καὶ

142 490 298 549 αὐτοὶ
331 490 527 549 πλάνοι
571 493 662 548 καὶ
705 490 1022 558 ἀπατεῶνες
1056 489 1385 564 ἐτύγχανον,
1418 492 1662 562 προσθὲς
1696 491 1747 547 δ’

96 599 118 632 5
140 573 223 634 ὅτι
253 578 346 633 καὶ
376 574 701 633 ἀπαίδευτοι
733 578 824 632 καὶ
856 579 1139 643 παντελῶς
1172 579 1415 646 ἰδιῶται,
1446 578 1657 649 μᾶλλον
1691 576 1751 632 δὲ

139 685 223 718 οτι
253 662 345 718 καὶ
376 659 679 735 βάρβαροι,
722 662 810 717 καὶ
854 664 950 733 τῆς
980 659 1190 733 Σύρων
1229 657 1295 717 οὐ
1327 661 1497 718 πλέον
1529 662 1750 717 ἐπαΐον-

139 768 226 811 τες
257 751 477 851 φωνῆς,
520 748 635 812 πῶς
678 747 765 802 ἐπὶ
809 747 995 802 πᾶσαν
1034 747 1323 817 προῆλθον
1362 742 1465 815 τὴν
1502 746 1752 818 οἰκουμέ-

137 854 278 902 νην;
309 826 342 901 ἢ
374 835 505 886 ποία
535 835 695 886 τοῦτο
730 834 947 886 διανοία
988 827 1425 901 ε’φαντάσθησαν
1454 832 1750 901 τολμῆσαι;

140 920 271 970 ποία
314 914 375 970 δε
418 913 652 987 δυνάμει
693 911 752 970 τὸ
804 914 1158 986 ἐπιχειρηθεν
1199 911 1610 985 κατῶρθωσαν;
1665 918 1749 970 45.

75 1023 117 1055 10
139 1003 276 1055 ἔστω
307 997 411 1072 γὰρ
446 1000 534 1054 ἐπὶ
565 1004 659 1070 τῆς
690 1003 895 1064 οἰκείας
926 1001 1023 1070 γῆς
1055 1001 1527 1070 καλινδουμένους
1558 997 1752 1070 ἀγροί-

138 1106 271 1149 κους
295 1079 504 1157 ἅνδρας
528 1088 748 1140 πλανᾶν
772 1084 863 1139 καὶ
890 1084 1240 1154 πλανᾶσθαι,
1274 1084 1364 1139 καὶ
1396 1080 1470 1154 μὴ
1497 1079 1588 1155 ἐφ’
1617 1081 1751 1155 ἡσυ-
1776 1106 1800 1138 «1

139 1174 260 1241 χίας
292 1165 601 1239 βάλλεσθαι
632 1165 692 1225 τὸ
724 1182 975 1241 πραγμα
1018 1165 1310 1242 κηρύττειν
1344 1163 1397 1223 δ’
1433 1172 1510 1232 εἰς
1543 1165 1753 1234 πάντας

138 1250 199 1308 τὸ
227 1257 326 1308 τοῦ
351 1250 531 1325 Ἰησοῦ
553 1249 746 1352 ὄνομα,
779 1253 871 1308 και
895 1276 989 1320 τας
1024 1251 1371 1325 παραδόξους
1401 1249 1624 1324 πράξεις
1655 1250 1752 1308 αὐ-

140 1339 238 1392 τοῦ
251 1334 387 1393 κατά
411 1359 470 1392 τε
490 1332 693 1411 ἀγρους
715 1338 806 1393 καὶ
833 1336 972 1394 κατὰ·
992 1335 1158 1394 πόλιν
1179 1334 1487 1408 διδάσκειν,
1511 1339 1604 1393 καὶ
1626 1360 1752 1404 τους

77 1444 118 1476 15
139 1443 241 1493 μεν
271 1417 456 1477 αυτῶν
486 1418 587 1492 τὴν
610 1416 890 1494 Ρωμαίων
920 1418 1096 1494 ἀρχὴν
1126 1424 1216 1478 καὶ
1250 1418 1425 1492 αυτήν
1446 1443 1505 1478 τε
1523 1419 1625 1493 τὴν
1649 1428 1753 1494 βα-

141 1502 504 1576 σιλικωτάτην
535 1502 696 1562 πόλιν
729 1511 1060 1577 νείμασθαι,
1096 1503 1223 1572 τούς
1259 1506 1320 1562 δε
1359 1504 1462 1577 τὴν
1491 1511 1751 1578 Περσῶν,

137 1587 268 1655 τοὺς
293 1589 353 1646 δε
378 1587 479 1661 τὴν
504 1585 825 1688 Ἀρμενίων,
861 1590 1082 1663 ἑτέρους
1109 1589 1170 1646 δε
1199 1587 1259 1646 τὸ
1282 1586 1537 1663 Πάρθων
1568 1594 1752 1661 ἔθνος,

139 1696 231 1730 και
244 1697 316 1730 αυ
341 1671 509 1730 πάλιν
522 1671 581 1731 τὸ
596 1678 867 1744 Σκυθῶν,
882 1698 1034 1740 τινας
1060 1674 1122 1731 δε
1145 1671 1253 1746 ήδη
1276 1675 1367 1730 καὶ
1395 1671 1477 1730 ἐπ’
1505 1670 1646 1730 αυτά
1657 1677 1751 1746 τῆς

139 1759 468 1830 οἰκουμένης
499 1760 690 1815 ἐλθεῖν
719 1757 785 1814 τὰ
825 1755 997 1831 ἄκρα,
1043 1761 1136 1814 ε’πί
1162 1783 1219 1815 τε
1250 1756 1352 1830 τὴν
1377 1754 1569 1816 Ἰνδῶν
1598 1757 1754 1830 φθά-

75 1865 119 1898 20
141 1861 232 1900 σαι
262 1841 467 1916 χώραν,
500 1845 592 1900 καὶ
624 1845 845 1916 ἑτέρους
866 1838 1007 1916 ὑπὲρ
1033 1841 1130 1900 τὸν
1157 1839 1422 1900 Ὠκεανὸν
1445 1851 1753 1915 παρελθεῖν

141 1929 231 1984 ἐπὶ
260 1926 355 1994 τὰς
387 1929 732 2001 καλουμένας
763 1926 1132 1999 Βρεττανικὰς
1163 1925 1400 1999 νήσους,
1441 1929 1616 1984 ταῦτα
1647 1924 1753 1985 οὐκ

141 2008 217 2068 ἔτ’
267 2018 440 2084 ἔγωγε
480 2007 722 2085 ἡγοῦμαι
761 2009 899 2069 κατὰ
940 2010 1246 2084 ἄνθρωπον
1289 2011 1463 2083 εἶναι,
1496 2010 1570 2085 μή
1607 2017 1664 2068 τί
1688 2036 1751 2084 γε

138 2094 274 2153 κατὰ
306 2093 547 2164 εὐτελεῖς
578 2099 670 2154 καὶ
695 2095 946 2168 ἰδιώτας,
978 2102 1188 2154 πολλοῦ
1220 2102 1311 2154 δεῖ
1337 2094 1474 2153 κατὰ
1503 2094 1750 2163 πλάνους
1774 2125 1865 2165 (113)

139 2183 234 2238 καὶ
265 2179 481 2253 γόητας.
551 2185 635 2239 46.
670 2186 727 2238 οἰ
768 2182 828 2238 δὲ
871 2180 1212 2239 διδασκάλου
1252 2179 1474 2254 φαύλου
1505 2183 1596 2237 καὶ
1630 2186 1755 2238 δια-

79 2288 121 2323 25
143 2268 425 2340 στροφέως
456 2267 880 2340 πεπειραμένοι,
913 2268 1004 2323 καὶ
1035 2264 1234 2324 τούτου
1264 2264 1367 2338 τὴν
1398 2272 1629 2338 ἔκβασιν
1657 2269 1753 2338 τῆς

139 2353 396 2423 τελευτῆς
420 2349 857 2425 καθεωρακότες,
891 2358 1068 2417 ποίοις
1099 2348 1206 2423 ἄρα
1237 2349 1418 2423 λόγοις
1450 2348 1752 2423 ἐχρήσαντο

140 2432 277 2507 πρὸς
317 2431 588 2508 ἀλλήλους
631 2441 711 2501 εἰς
755 2433 815 2492 τό
857 2433 1131 2508 σύμφωνα
1172 2436 1299 2507 περὶ
1332 2431 1506 2491 αὐτοῦ
1545 2432 1752 2490 πλάσα-

141 2527 303 2588 σθαι;
345 2522 398 2587 ἐξ
441 2519 562 2586 ἑνὸς
601 2519 706 2593 γὰρ
749 2517 1014 2593 στόματος
1053 2523 1111 2576 oc
1146 2517 1346 2585 πάντες
1387 2520 1480 2574 καὶ
1531 2519 1752 2587 λεπρῶν

141 2599 471 2676 καθάρσεις,
503 2605 596 2661 καὶ
629 2602 911 2677 δαιμόνων
939 2600 1261 2674 ἀπελάσεις,
1293 2604 1508 2674 νεκρῶν
1532 2625 1591 2659 τε
1614 2598 1753 2658 ἀνα-

78 2709 120 2742 30
143 2683 395 2759 βιώσεις,
427 2692 621 2762 πηρῶν
650 2712 710 2745 τε
741 2686 1091 2761 ἀναβλέψεις,
1124 2690 1212 2744 καὶ
1244 2693 1445 2760 μυρίας
1469 2683 1637 2752 ἄλλας
1663 2710 1752 2743 νο-

140 2767 394 2828 σούντων
434 2770 606 2839 ἰάσεις
645 2766 783 2846 πρὸς
823 2769 995 2831 αὐτοῦ
1036 2773 1302 2845 γενέσθαι
1336 2768 1747 2846 ἐμαρτύρησαν,
1776 2798 1796 2829 b

142 2856 234 2911 καὶ
267 2855 355 2912 ε’πὶ
386 2859 583 2930 πᾶσιν,
614 2854 715 2930 τὴν
746 2855 920 2916 αὐτοῦ
947 2855 1082 2931 μετά
1105 2855 1200 2914 τὸν
1230 2854 1480 2915 θάνατον
1511 2853 1751 2928 ἀναβίω-
