1992 3186
608 142 918 185 DEMONST.
949 141 1173 187 EVANG.
1204 142 1283 183 IX.
1316 144 1356 185 6.
1667 141 1768 194 58],

282 263 330 316 3.
364 261 475 316 Καὶ
506 265 683 316 ταῦτα
714 257 805 316 διά
837 262 950 316 τῶν
979 261 1080 315 τοῦ
1100 261 1344 331 σωτῆρος
1366 254 1527 332 ἡμῶν
1556 281 1769 331 προφα-

156 347 265 412 νῶς
304 342 636 417 παραδόξων
676 349 855 417 ἔργων
903 346 1206 417 ἐπληροῦτο
1248 341 1382 415 μετά
1421 341 1482 400 τὸ
1506 340 1769 400 Ἰωάννου

157 428 424 502 κήρυγμα.
486 427 588 500 ὅρα
618 431 915 500 τοιγαροῦν
944 425 1093 494 ὅπως
1124 426 1226 499 τὴν
1250 430 1456 501 ἔρημον
1486 424 1768 500 εὐαγγελί-

158 521 328 585 ζεται,
361 512 462 586 οὐχ
493 511 708 585 ἁπλῶς,
749 513 884 569 οὐδὲ
912 512 1015 584 τὴν
1044 515 1351 585 τυχοῦσαν,
1392 508 1516 568 ἀλλ’
1551 514 1770 583 ἐκείνην

115 623 134 656 5
156 594 556 670 ἀφωρισμένως
597 600 689 654 καὶ
726 595 906 670 μόνην
936 596 1047 668 ’τὴν
1087 595 1236 668 παρὰ
1275 601 1351 673 τῷ
1385 595 1637 670 Ἰορδάνῃ
1669 619 1774 654 πο-

155 686 322 759 ταμῷ.
367 687 416 739 4.
439 681 738 754 ἐπειδήπερ
761 679 910 755 παρὰ
933 678 1102 754 ταύτῃ
1131 685 1435 753 διατρίβων
1460 679 1486 737 5
1513 679 1771 754 Ἰωάννης

157 765 474 839 ἐβάπτιζεν,
517 761 590 832 ὥς
628 764 662 838 ἡ
704 763 890 838 γραφὴ
930 778 1202 838 μαρτυρεῖ
1239 768 1477 836 λέγουσα
1514 761 1770 837 “ἐγένετο

150 848 408 923 Ἰωάννης
432 853 492 908 ἐν
511 856 578 924 τῇ
601 847 784 926 ἐρήμῳ
808 855 1104 921 βαπτίζων,
1138 851 1230 906 καὶ
1257 848 1606 923 ἐξεπορεύετο
1636 850 1772 922 πρὸς

158 933 328 992 αὐτὸν
367 937 516 992 πᾶσα
557 930 590 1006 ἡ
617 931 858 990 Ἰουδαία
896 932 1079 1007 χώρα,
1123 937 1214 991 καὶ
1256 938 1314 991 οί
1347 931 1773 1037 Ἱεροσολυμῖται

94 1045 134 1077 10
156 1018 386 1091 πάντες,
420 1021 511 1076 καὶ
544 1020 894 1089 ἐβαπτίζοντο
925 1015 1023 1075 ὑπ’
1062 1017 1236 1076 αὐτοῦ
1269 1022 1328 1075 ἐν
1357 1042 1433 1076 τω
1459 1015 1769 1093 'Iopffdvryf'

154 1107 203 1160 5.
238 1103 339 1176 τὴν
368 1104 471 1176 μὲν
512 1104 617 1159 οὖν
657 1108 862 1175 ἔρημον
890 1107 988 1175 τῆς
1017 1102 1189 1160 πάλαι
1233 1102 1460 1160 πάντων
1490 1127 1603 1160 των
1634 1103 1772 1160 κατὰ

154 1187 294 1245 θεὸν
322 1185 558 1260 ἀγαθῶν
590 1185 823 1260 ἐρήμου,
856 1189 997 1260 λέγω
1037 1187 1105 1260 δὴ
1134 1190 1229 1260 τῆς
1262 1191 1316 1255 ἐξ
1358 1184 1545 1244 ἐθνων
1577 1191 1804 1260 ἐκκλη-<
1795 1212 1899 1254 (432)-

157 1278 313 1344 σίας,
355 1270 639 1345 σύμβολον
678 1274 954 1345 περιέχειν
986 1271 1253 1345 ἡγοῦμαι,
1295 1272 1392 1329 τὸν
1433 1273 1495 1329 δὲ
1526 1271 1773 1345 ποταμὸν

155 1354 251 1413 τὸν
283 1358 372 1413 ἐπὶ
403 1360 499 1428 τῆς
524 1354 730 1429 ἐρήμου
752 1363 1099 1430 καθαίροντα
1120 1356 1330 1423 πάντας
1350 1355 1479 1423 τοῦς
1501 1354 1773 1414 άπολουο-

92 1465 132 1497 15
154 1443 356 1514 μένους
388 1445 449 1498 ἐν
479 1464 630 1497 αυτω
661 1447 976 1514 καθαρσίου
1004 1440 1154 1508 τινὸς
1187 1442 1330 1499 εἶναι
1347 1440 1484 1498 κατά
1515 1440 1772 1499 διάνοιαν

155 1528 554 1599 θεωρουμένου
586 1523 793 1597 εἰκόνα,
824 1528 952 1599 περὶ
982 1517 1052 1582 οῦ
1084 1529 1442 1583 διαλαλοῦσιν
1473 1550 1530 1582 αι
1561 1528 1770 1598 γραφαὶ

155 1607 468 1681 λέγουσαι“
476 1614 576 1667 τοῦ
604 1613 854 1682 ποταμοῦ
882 1634 948 1666 τα
968 1608 1258 1684 ὁρμήματά
1278 1607 1647 1683 ευφραίνουσι
1669 1608 1771 1682 τὴν

156 1691 320 1751 πόλιν
361 1697 461 1751 τοῦ
499 1697 654 1751 θεοῦ.
663 1691 694 1712 ”
763 1699 811 1750 6.
845 1700 1101 1767 σημαίνει
1142 1696 1204 1751 δε
1232 1698 1392 1752 τοῦτο
1436 1692 1538 1767 τὴν
1567 1692 1771 1752 ἀέναον

157 1777 424 1886 ἐπιρρρὴν
460 1782 560 1834 τοῦ
600 1784 765 1835 θείου
806 1778 1117 1852 πνεύματος
1161 1778 1388 1880 άνωθεν
1437 1777 1772 1851 πηγάζοντος

91 1884 134 1916 20
156 1864 248 1918 καὶ
278 1859 381 1934 τὴν
411 1865 510 1918 τοῦ
539 1866 683 1919 θεοῦ
711 1860 876 1919 πόλιν
906 1861 1200 1935 άρδοντος,
1241 1861 1386 1920 οὕτω
1428 1866 1772 1964 καλουμένης

156 1950 252 2018 τῆς
293 1945 431 2003 κατὰ
471 1944 613 2003 θεὸν
652 1954 946 2014 πολιτείας.
1019 1949 1178 2014 οὗτος
1223 1947 1292 2020 δὴ
1324 1940 1427 2004 οὖν
1457 1945 1485 2004 5
1532 1946 1772 2021 ποταμὸς

155 2033 255 2087 τοῦ
283 2034 423 2088 θεοῦ
453 2033 546 2088 καὶ
575 2034 734 2105 μέχρι
762 2036 860 2106 τῆς
891 2031 1097 2106 ἐρήμου
1119 2031 1522 2105 κατελήλυθεν,
1557 2032 1775 2134 δηλαδη
1797 2057 1817 2088 b

155 2118 250 2188 τῆς
294 2117 350 2183 ἐξ
395 2117 584 2173 ἐθνων
630 2118 948 2190 ἐκκλησίας,
1004 2119 1097 2174 καὶ
1142 2116 1316 2191 ταύτῃ
1361 2141 1473 2174 των
1518 2120 1578 2175 ἐν
1623 2114 1775 2192 αυτῷ

157 2204 399 2268 ζωτικῶν
442 2198 705 2273 ναμάτων
737 2203 904 2258 εἰσέτι
934 2205 1043 2259 νῦν
1075 2206 1405 2276 ἐπιχορηγεῑ.
1477 2199 1614 2274 πρὸς
1644 2200 1775 2258 τού-

92 2305 270 2350 25τοις
316 2282 349 2356 ἡ
393 2292 702 2357 προφητεία
744 2291 812 2358 τῇ
846 2290 1165 2361 δηλωθείσῃ
1208 2285 1390 2362 ἐρήμῳ
1425 2284 1780 2358 δοθήσεσθαί

155 2385 294 2440 φησι
323 2365 425 2441 τὴν
456 2366 623 2436 δόξαν
653 2373 753 2426 τοῦ
782 2369 1035 2441 Λιβάνου
1066 2374 1158 2427 καὶ
1188 2369 1292 2443 την
1321 2369 1485 2443 τιμὴν
1514 2373 1771 2441 τοῦΚαρ·

155 2447 349 2522 μήλου.
415 2456 459 2507 7.
493 2458 575 2518 τίς
617 2449 669 2508 δ’
705 2459 854 2511 ἔστιν
884 2450 917 2527 ἡ
951 2453 1083 2523 δόξα
1122 2458 1222 2511 τοῦ
1252 2452 1505 2524 Λιβάνου
1544 2449 1578 2525 ἢ
1609 2452 1643 2524 ἡ
1677 2452 1768 2510 διὰ
1794 2478 1883 2522 [2691

157 2537 379 2591 θυσιῶν
422 2535 559 2592 κατὰ
600 2533 697 2593 τὸν
735 2540 988 2605 ,Μωσέως
1026 2536 1202 2611 νόμον
1242 2539 1635 2609 ἐπιτελουμένη
1675 2545 1769 2593 λα-

157 2624 341 2691 τρεία,
386 2615 454 2690 ἣν
493 2619 970 2694 παραιτησάμενος
1008 2617 1036 2678 5
1076 2621 1208 2689 θεὸς
1252 2620 1344 2679 διὰ
1374 2625 1470 2693 τῆς
1502 2619 1770 2694 λεγούσης

94 2723 136 2755 30
158 2707 495 2775 προφητείας
518 2698 710 2761 Ἳνατί
733 2728 826 2777 μοι
856 2710 1089 2777 λίβανον
1114 2709 1173 2764 ἐκ
1198 2704 1361 2779 Σαβὰ
1383 2703 1644 2780 φέρετε;”
1678 2708 1770 2762 καὶ

272 2898 322 2936 17
355 2897 430 2937 Ps.
451 2897 520 2944 46,
543 2898 584 2936 4.
759 2899 811 2939 30
843 2898 937 2940 Jer.
962 2900 1001 2950 6,
1025 2901 1091 2942 20.
