1946 3158
222 124 291 177 30
903 124 1150 165 EUSEssn

224 247 464 315 δίκαιος,
497 238 762 313 ἀληθινὸς
781 285 796 313 ,
828 238 1131 313 ἄμεμπτος,
1162 240 1462 313 θεοσεβὴς,
1494 238 1830 315 ἀπεχόμενος

223 323 330 384 ἀπὸ
362 325 567 392 παντὸς
610 328 858 398 πονηροῦ
901 323 1245 397 πράγματος,
1287 323 1392 399 πρὸ
1434 328 1547 383 τῶν
1578 329 1830 394 Μωσέως

223 409 441 485 χρόνων
470 408 907 484 μεμαρτύρηται·
954 405 1012 476 ὃς
1045 407 1114 479 δὴ
1145 412 1237 466 καὶ
1267 423 1467 485 πεῖραν
1496 412 1592 482 τῆς
1625 416 1701 477 εἰς
1730 410 1828 469 τὸν

222 498 335 552 τῶν
364 492 511 552 ὅλων
541 494 679 552 θεὸν
710 490 995 565 εὐσεβείας
1039 490 1115 551 δι’
1149 492 1360 568 ἀθρόας
1389 497 1485 567 τῆς
1507 497 1619 552 τοῖν
1648 491 1832 568 ῦπαρ-

223 578 434 654 χόντων
465 575 741 651 ἀποβολῆς
781 574 1048 651 ’ὑποσχών
1098 579 1356 651 μέγιστον
1397 575 1660 650 εὐσεβοῦς
1689 575 1831 636 ῦπό-
1852 604 1872 637 5

225 670 422 736 δειγμα
452 661 660 735 τρόπου
691 664 783 719 καὶ
814 677 927 728 τοῖς
960 661 1079 735 μετ’
1117 660 1289 720 αὐτὸν
1318 662 1704 735 ἀπολέλοιπεν,
1736 663 1832 720 τὸν

224 747 533 822 φιλόσοφον
567 749 782 804 ἐκεῖνον
814 745 1168 820 ἐπιφωνήσας
1209 747 1410 820 λόγον
1417 743 1645 820 γυμνὸς
1677 750 1834 821 ἐξῆλ-

179 865 195 887 c
223 843 331 890 θον
363 835 422 889 ἐκ
453 837 661 898 κοιλίας
690 829 894 905 μητρός
924 855 1050 905 μου,
1081 830 1287 905 γυμνὸς
1318 834 1410 890 καὶ
1433 829 1832 908 ἀπελεύσομαι

222 916 249 975 5
283 915 471 990 κύριος
504 921 745 988 ἔδωκεν,
785 912 814 973 5
855 915 1046 990 κύριος
1076 913 1365 990 αφείλατο
1426 915 1499 982 [ὃς
1537 919 1614 993 τῷ
1656 922 1832 993 κυρίῳ

223 1005 440 1074 ἔδοξεν,
472 999 618 1058 οὕτω
651 1003 741 1057 καὶ
774 1002 1002 1072 ἐγένετο.
1077 1011 1161 1074 εἰή
1202 1000 1262 1059 τὸ
1292 999 1468 1075 ὄνομα
1507 1006 1707 1075 κυρίου
1738 998 1832 1057 εὖ-
1853 1025 1895 1058 10

223 1083 583 1159 Zoywwe'vovf'

351 1176 397 1227 8.
434 1172 544 1228 Καὶ
574 1167 672 1226 τὸν
702 1165 969 1226 ἁπαντων
999 1168 1194 1243 κύριον
1235 1171 1418 1242 σέβων
1447 1168 1649 1235 ταύτας
1678 1166 1833 1243 ἠφίει

221 1279 316 1322 τας
377 1278 601 1328 φωνας,
654 1249 718 1321 ἃς
766 1251 978 1329 προϊών
1016 1252 1044 1311 5
1094 1251 1259 1320 αὐτὸς
1309 1259 1575 1327 διασαφει
1633 1250 1710 1311 δι’
1755 1254 1834 1312 ὠν

222 1338 395 1412 φησι
402 1335 592 1412 σοφὸς
616 1362 721 1410 γαρ
755 1341 868 1395 ἐστι
895 1343 1132 1413 ὃιανοία,
1164 1337 1422 1411 κραταιός
1445 1361 1505 1395 τε
1528 1340 1621 1395 καὶ
1643 1339 1831 1411 μέγας,

221 1423 249 1480 5
282 1430 450 1482 σείων
479 1422 581 1495 τὴν
610 1419 705 1480 ὑπ’
743 1420 984 1494 οὐρανὸν
1017 1427 1075 1479 ἐκ
1105 1429 1413 1495 θεμελίων,
1454 1426 1512 1480 οὗ
1551 1423 1613 1479 δὲ
1643 1425 1832 1480 στῦλοι
1855 1447 1896 1480 15

224 1507 392 1581 αὐτῆς
423 1506 770 1578 σαλεύονται,
801 1506 830 1564 5
855 1509 1032 1579 λέγων
1061 1510 1139 1584 τῷ
1162 1503 1318 1584 ἡλίῳ,
1351 1509 1444 1564 καὶ
1474 1505 1578 1564 οὐκ
1607 1505 1832 1564 ἀνατέλ-

223 1602 331 1665 λει,
374 1616 510 1649 κατα
554 1593 616 1649 δε
654 1590 875 1665 ἄστρων
906 1598 1360 1666 κατασφραγίζει,
1404 1587 1432 1649 ὁ
1463 1589 1705 1658 τανύσας
1734 1589 1832 1649 τὸν

223 1674 464 1751 οὐρανὸν
494 1675 675 1750 μόνος.
684 1674 717 1695 ”
1299 1698 1306 1702 ·

350 1767 396 1819 9.
432 1767 506 1819 Ει
534 1759 604 1834 δὴ
635 1752 738 1818 οῦν
759 1763 956 1818 τοῦτον
979 1757 1150 1818 αὐτὸν
1173 1762 1387 1818 ἐκεινον
1407 1783 1519 1816 των
1540 1758 1709 1816 παλαι
1740 1762 1834 1817 καὶ

174 1870 193 1901 d
223 1847 329 1918 πρὸ
359 1848 613 1912 Μωσέως
642 1847 930 1917 θεοφιλῶν
951 1842 1091 1902 θεὸν
1113 1851 1341 1918 ἔναγχος
1362 1847 1497 1902 πᾶσι
1527 1857 1641 1910 τοῖς
1672 1851 1830 1903 ἔθνε-
1853 1869 1895 1904 20

224 1948 314 1987 σιν
344 1929 373 1986 5
405 1935 648 2003 Χριστοῦ
679 1927 838 2001 λόγος
868 1926 1068 2002 ὁμοίως
1101 1930 1330 1994 ἐκείνοις
1370 1926 1542 2001 μόνον
1574 1925 1831 2002 εὐσεβεῖν

226 2012 537 2085 διετάξατο,
581 2016 830 2086 πέφηνεν
868 2011 1017 2079 ὅπως
1055 2014 1314 2071 κοινωνοὶ
1352 2012 1703 2087 γεγενήμεθα
1732 2017 1831 2086 τῆς

224 2107 345 2170 ἴσης
391 2094 578 2155 αὐτῶν
636 2100 864 2155 ἐκείνων
911 2092 1220 2168 εὐσεβείας·
1289 2100 1384 2170 τῆς
1441 2098 1503 2155 δὲ
1549 2097 1832 2171 εὐσεβείας

154 2203 198 2247 [9]
223 2180 584 2256 μετασχόντες
648 2187 816 2254 δῆλον
877 2179 950 2248 ὡς
1002 2183 1094 2238 καὶ
1144 2184 1239 2254 τῆς
1291 2179 1545 2254 εὐλογίας
1596 2190 1834 2256 μεταλη-

222 2265 460 2340 ψόμεθα.
547 2271 626 2324 10.
681 2263 819 2322 ἀλλὰ
870 2267 962 2322 καὶ
1027 2263 1123 2322 τὸν
1173 2269 1271 2323 τοῦ
1323 2272 1463 2324 θεοῦ
1509 2266 1703 2340 λόγον,
1764 2263 1832 2324 ὂν
1853 2290 1895 2323 25

225 2351 293 2423 δὴ
334 2351 575 2426 Χριστὸν
627 2346 761 2424 ἡμῖν
813 2348 1247 2424 προσαγορεύειν
1290 2357 1476 2424 φίλον,
1507 2349 1707 2425 ὁμοίως
1739 2348 1833 2408 κᾶ-

223 2451 396 2494 κεῐνοι
427 2434 652 2509 γνόντες
696 2433 1186 2509 ἐμαρτυρήθησαν·
1234 2440 1291 2492 οἴ
1317 2459 1380 2508 γε
1411 2437 1503 2492 καὶ
1533 2436 1675 2492 πολὺ
1708 2441 1832 2492 δια-

223 2520 505 2595 φερόντως
555 2526 651 2593 τῆς
705 2523 982 2594 ἐμφανοῦς
1034 2516 1206 2577 αὐτοῦ
1249 2526 1556 2595 παρουσίας
1617 2543 1677 2577 τε
1738 2521 1831 2576 καὶ

222 2613 558 2679 θεοφανείας
617 2603 953 2678 ἠξιώθησαν.
1055 2610 1134 2662 11.
1189 2602 1499 2662 ἐπάκουσον
1558 2607 1697 2676 γοῦν
1757 2603 1830 2670 ὥς

223 2689 390 2748 πάλιν
422 2688 586 2756 αὐτὸς
616 2689 646 2747 5
670 2693 884 2762 ,Μωσῆς
912 2688 1008 2747 τὸν
1031 2692 1368 2762 ἐπιφανέντα
1397 2702 1511 2755 τοῖς
1541 2692 1830 2762 θεοφιλέσι
1853 2711 1894 2744 30

339 2888 360 2926 7
393 2886 494 2926 Job.
524 2887 559 2934 1,
585 2887 650 2925 ⁶21.
829 2887 880 2926 14
909 2886 1012 2926 Job.
1036 2887 1076 2935 9,
1099 2887 1138 2924 4.
