1992 3186
243 138 348 189 400
915 135 1166 178 EUSEBII

777 301 906 362 Ἀπὸ
937 308 1037 361 τοῦ
1059 301 1302 363 (Ησαΐου.

198 445 221 477 d
374 430 477 479 XX.
526 413 780 490 “““Ὀρασις
821 414 1126 489 Αἰγύπτου.
1211 417 1336 474 ἰδοὺ
1377 415 1564 491 κύριος
1611 416 1850 490 κάθηται

249 506 336 560 ἐπὶ
366 503 601 574 νεφέλης
632 499 871 572 κούφης,
904 502 995 557 καὶ
1026 498 1140 572 ἥξει
1172 506 1249 568 εἰς
1281 510 1586 574 Αἴγυπτον,
1618 503 1710 558 καὶ
1742 521 1853 559 σει·

247 584 516 657 σθήσεται
555 578 621 640 τὰ
662 590 1011 658 χειροποίητα
1052 584 1344 657 Αἰγύπτου
1394 583 1501 641 ἀπὸ
1552 583 1854 659 προσώπου

247 668 449 741 αὐτοῦ,
491 670 582 724 καὶ
623 667 657 740 ἡ
696 674 898 741 καρδία
939 666 1124 725 αὐτῶν
1153 667 1522 741 ἡττηθήσεται
1555 671 1614 725 ἐν
1644 666 1852 740 αὐτοῖς,
1877 692 1896 723 5

246 755 337 810 καὶ
379 750 846 826 ἐπεγερθήσονται
878 751 1175 825 Αἰγύπτιοι
1219 755 1306 809 ἐπὶ
1349 757 1719 824 Αἰγυπτίους,
1765 754 1857 809 καὶ

247 835 543 910 πολεμήσει
575 834 871 908 ἅνθρωπος
902 834 998 893 τὸν
1027 833 1273 909 ἀδελφὸν
1298 831 1486 908 αὑτοῦ,
1518 838 1611 892 καὶ
1637 833 1856 909 ἄνθρω·

248 944 347 988 πος
382 920 479 977 τὸν
523 927 760 993 πλησίον
801 918 988 977 αὑτοῦ.
1059 918 1215 986 πόλις
1249 922 1337 976 ἐπὶ
1376 918 1540 977 πόλιν
1569 921 1660 976 καὶ
1691 918 1857 992 νόμος

249 1007 336 1061 ἐπὶ
368 1003 555 1078 νόμον.
618 1005 710 1060 καὶ
740 1002 1147 1078 ταραχθήσεται
1176 1003 1236 1060 τὸ
1275 1009 1494 1076 πνεῦμα
1535 1007 1646 1060 τῶν
1677 1010 1856 1075 Αἰγυ-

247 1095 425 1145 πτίων
456 1091 516 1144 ἐν
547 1084 756 1160 αὐτοῖς,
788 1090 878 1144 καὶ
909 1086 1012 1159 τὴν
1032 1085 1244 1159 βουλὴν
1274 1084 1462 1144 αὐτῶν
1487 1086 1855 1160 διασκεδασω,
1882 1111 1921 1142 10

248 1175 340 1228 καὶ
381 1169 790 1244 ἐπερωτήσουσι
829 1170 958 1237 τοὺς
998 1170 1169 1238 θεοὺς
1209 1166 1426 1242 αὐτῶν,
1470 1172 1560 1228 καὶ
1591 1170 1657 1228 τὰ
1686 1167 1857 1243 ἆγοὲλ-

248 1279 391 1328 ματα
431 1253 649 1327 αὐτῶν,
691 1258 782 1312 καὶ
821 1255 949 1320 τοὺς
991 1259 1050 1311 ἐκ
1093 1259 1186 1328 τῆς
1228 1258 1326 1326 γῆς
1366 1257 1721 1326 φωνοῦντας,
1765 1256 1857 1310 καὶ

247 1338 376 1405 τούς
417 1338 922 1413 ἐγγαστριμύθους,
963 1340 1055 1395 καὶ
1098 1337 1410 1414 παραδώσω
1451 1348 1739 1411 Αἴγυπτον
1780 1344 1858 1404 εἰς

248 1438 434 1496 χεῖρας
485 1421 806 1496 ἀνθρώπων
857 1428 1069 1496 κυρίων
1120 1427 1401 1498 σκληρῶν,
1465 1423 1557 1478 καὶ
1609 1428 1858 1494 βασιλεῖς

249 1508 476 1579 σκληροὶ
503 1505 898 1580 κυριεύσουσιν
924 1503 1174 1563 αὐτῶν·”
1241 1507 1332 1563 καὶ
1369 1503 1435 1562 τὰ
1471 1504 1683 1573 τούτοις
1719 1508 1854 1578 ἑξῆς.
1881 1528 1920 1560 15

140 1615 228 1656 (296)
250 1594 298 1648 2.
326 1591 416 1647 καὶ
449 1593 557 1647 νῦν
585 1589 682 1647 τὸν
706 1589 973 1663 δεύτερον
1001 1588 1135 1663 μετα
1165 1590 1261 1647 τὸν
1291 1595 1402 1647 τῶν
1421 1588 1567 1647 ὅλων
1597 1587 1735 1647 θεὸν
1765 1590 1858 1646 καὶ

248 1673 472 1749 κύριον,
505 1671 676 1731 αὐτὸν
707 1673 776 1746 δὴ
806 1671 904 1731 τὸν
935 1677 1030 1731 τοῦ
1060 1678 1199 1731 θεοῦ
1229 1673 1424 1746 λόγον,
1467 1671 1619 1746 ἥξειν
1646 1679 1727 1740 ἐἰς
1759 1682 1858 1730 Αἵ·

248 1780 461 1830 γυπτον
501 1754 534 1829 ἡ
579 1761 832 1832 παροῦσα
876 1765 1185 1831 προφητεία
1225 1764 1509 1830 σημαίνει,
1565 1759 1654 1813 καὶ
1706 1753 1858 1828 ἥξειν

249 1839 351 1898 ούκ
382 1839 638 1915 ἀφανῶς,
679 1838 807 1898 οὐδ’
839 1838 1085 1916 ἀοράτως
1097 1885 1112 1913 ,
1154 1838 1282 1898 οὐδ’
1325 1839 1463 1896 ἄνευ
1492 1837 1639 1906 τινος
1670 1858 1858 1912 σωμα-

249 1929 400 1997 τικῆς
424 1927 741 1999 περιβολῆς,
773 1923 894 1980 ἀλλ’
927 1926 1015 1981 ἐπὶ
1038 1926 1274 1996 νεφέλης
1296 1921 1508 1996 κούφης
1530 1922 1854 1997 ὀχούμενον,
1879 1946 1920 1978 20

249 2013 458 2080 μᾶλλον
491 2009 551 2063 δὲ
582 2009 671 2064 ἐπὶ
698 2006 905 2080 πάχους
932 2009 1197 2081 ἐλαφροῦ·
1245 2004 1389 2063 οὕτω
1414 2005 1518 2081 γὰρ
1544 2014 1690 2080 ἔχειν
1719 2009 1856 2079 φασὶ

249 2088 351 2161 τὴν
382 2089 655 2163 Ἐβραίων
693 2088 905 2162 φωνήν.
981 2095 1029 2147 3.
1064 2092 1375 2163 λεγέτωσαν
1417 2096 1553 2162 δῆτα
1586 2087 1858 2165 Ἑβραίων

249 2178 444 2239 παῖδες
475 2172 606 2230 πότε
635 2172 768 2246 μετὰ
797 2174 925 2240 τοὺς
946 2172 1176 2232 ”Ησα’ίόυ
1205 2173 1439 2249 χρόνους
1468 2170 1496 2231 ὃ
1530 2174 1718 2247 κύριος
1750 2180 1858 2232 Αἰ-

249 2263 499 2329 γυπτίοις
531 2256 962 2330 ἐπιδεδήμηκεν,
1003 2260 1096 2314 καὶ
1136 2271 1290 2324 ποῖος
1322 2257 1535 2331 κύριος·
1584 2254 1662 2324 εἷς
1691 2255 1796 2332 γὰρ
1827 2256 1855 2314 ὁ

205 2364 227 2396 b
253 2343 340 2397 ἐπὶ
371 2339 596 2398 πάντων
625 2340 783 2408 θεός’
855 2343 947 2398 καὶ
977 2345 1091 2408 πῶς
1125 2343 1211 2397 ἐπὶ
1243 2340 1450 2415 πάχους
1493 2344 1736 2414 ἐλαφροῦ
1765 2333 1855 2398 οὗ-
1878 2363 1919 2396 25

250 2449 340 2491 τος
372 2429 694 2497 ἐποχεῖσθαι
725 2426 939 2498 λέγεται
970 2427 1060 2482 καὶ
1091 2428 1325 2491 τοπικῶς
1363 2429 1672 2497 ἐπιβαίνειν
1703 2426 1855 2499 μέρει

250 2511 359 2565 τινὶ
389 2511 484 2580 τῆς
509 2512 628 2581 γῆς.
671 2513 721 2566 4.
757 2511 1213 2583 ἑρμηνευέτωσαν
1237 2509 1299 2566 δὲ
1328 2511 1420 2565 καὶ
1443 2507 1502 2566 τό
1533 2508 1703 2583 πάχος
1737 2513 1855 2566 ἐλα-

251 2591 422 2664 φρὸν,
465 2598 524 2648 τί
562 2593 692 2649 ποτε
722 2591 828 2667 ἄρα
861 2596 999 2666 ἐστὶ,
1042 2596 1134 2650 καὶ
1176 2590 1268 2650 διὰ
1297 2599 1355 2650 τί
1387 2591 1459 2666 μὴ
1490 2590 1627 2651 ἄνευ
1656 2591 1854 2651 τούτου

252 2677 465 2746 λέγεται
496 2675 523 2731 ὁ
556 2675 742 2751 κύριος
775 2680 1066 2751 ἐπιδημεῖν
1095 2680 1162 2751 τῇ
1192 2676 1474 2754 Αἰγύπτῳ.
1549 2681 1598 2734 5.
1632 2675 1763 2734 πότε
1795 2677 1855 2733 δὲ

365 2867 389 2904 2
419 2867 495 2906 Es.
523 2868 590 2919 19,
616 2869 654 2911 1.
