1992 3186
247 144 351 198 548
925 141 1173 184 EUSEBII

252 259 343 319 διὰ
373 258 433 318 τὸ
463 258 725 317 ταπεινὸν
757 254 943 315 αὐτῶν
967 260 1276 331 παραθέσει
1297 261 1408 316 τῶν
1431 263 1683 316 παλαιῶν
1705 254 1856 327 ὑψω-

251 345 468 421 μοὲτων,
518 343 614 400 τὸν
667 346 779 400 τῶν
830 343 1250 417 προειρημένων
1287 338 1606 417 ἀφανισμὸν
1652 342 1855 400 ἀπολο-

141 454 230 496 (406)
253 429 595 504 φυρόμεναι,
629 426 703 494 ὡς
734 426 899 502 κηρὸς
939 423 1045 483 ἀπὸ
1086 424 1386 501 προσώπου
1424 426 1598 502 ’πυρὸς
1631 425 1860 500 ε’κτακή-

252 534 471 586 σονται,
515 514 608 570 καὶ
651 507 725 578 ὦς
755 510 913 584 ὕδωρ
953 508 1405 586 καταφερόμενον
1445 514 1506 570 ἐν
1536 510 1855 584 καταβάσει,

142 626 228 669 [253]
255 596 345 656 διὰ
384 595 444 655 τὸ
484 600 699 670 πλῆθος
738 602 851 654 τῶν
893 598 952 653 έν
991 592 1183 662 αὐταῖς
1222 593 1327 652 ἀπὸ
1371 599 1483 653 τῶν
1526 595 1859 671 κρειττόνων
1882 620 1902 652 5

251 685 342 740 ἐπὶ
383 681 449 739 τα
478 687 645 756 χείρω
677 678 1134 739 καταπιπτόντων
1163 678 1443 754 ὁσημέραι.
1505 685 1551 738 8.
1587 678 1767 738 πάντα
1799 682 1861 738 δὲ

247 765 421 824 ταῦτα
451 783 626 840 φησιν
656 771 885 824 ἔσεσθαι
918 761 995 822 δι’
1040 762 1302 837 ἀσέβειαν
1342 774 1499 823 οἴκου
1532 763 1727 837 Ἰακὼβ
1768 767 1861 822 καὶ

252 849 327 910 δι’
362 848 638 925 ἁμαρτίαν
669 859 827 908 οἴκου
854 847 1084 923 Ἰσραήλ.
1147 855 1229 917 τίς
1264 847 1313 906 δ’
1349 841 1420 922 ἦν
1451 847 1484 921 ἡ
1516 846 1741 922 ἀσέβεια
1771 852 1863 907 καὶ

249 935 282 1010 ἡ
329 935 568 1010 ἁμαρτία
607 932 820 1008 προϊών
861 936 983 1007 ἑξῆς
1027 935 1264 1007 ἐπιλέγει
1295 930 1392 991 “oc
1427 933 1864 1008 βδελυσσόμενοι

251 1027 420 1095 κρίμα
472 1023 562 1078 καὶ
607 1042 789 1078 παντα
829 1018 893 1077 τὰ
935 1016 1082 1092 ὀρθὰ
1123 1021 1578 1092 διαστρέφοντες,
1619 1023 1676 1076 οἱ
1712 1024 1861 1076 οἰκο-
1886 1043 1926 1075 10

253 1107 553 1179 δομοῦντες
586 1103 742 1163 Σιων
775 1108 835 1162 έν
873 1108 1102 1177 αἵμασιν
1133 1106 1224 1160 καὶ
1257 1101 1616 1178 Ἰερουσαλὴμ
1649 1106 1709 1162 έν
1738 1099 1864 1160 αδι-

252 1198 425 1264 κίαις,
460 1193 519 1247 ἐν
549 1213 631 1256 οις
663 1194 855 1263 αι’μασι
885 1185 1110 1246 κακεῖνο
1151 1179 1223 1260 ἦν
1251 1185 1311 1244 τὸ
1341 1211 1454 1245 των
1483 1183 1738 1246 ὑστατων
1768 1211 1863 1244 κα-

253 1298 369 1332 κων
398 1281 696 1347 παραίτιον
739 1271 926 1340 αὐτοῖς
957 1271 1292 1346 γενόμενον,
1335 1269 1426 1344 ἐφ’
1471 1263 1515 1348 ᾧ
1555 1270 1659 1342 τὴν
1689 1268 1862 1345 ἀσεβῆ

207 1386 231 1419 b
255 1357 453 1432 φωνὴν
486 1365 563 1425 εἰς
596 1356 827 1425 ἑαυτους
863 1355 1242 1414 ἐπεσπασαντο
1275 1356 1553 1430 φήσαντες
1601 1351 1697 1413 “τό
1730 1353 1865 1430 αἷμα

253 1442 427 1500 αὐτοῦ
469 1441 558 1515 ἐφ’
608 1442 749 1516 ἡμᾶς
800 1444 892 1499 καὶ
939 1444 1026 1499 ἐπὶ
1065 1465 1131 1499 τα
1170 1443 1335 1499 τέκνα
1365 1439 1538 1514 ἡμῶν.
1550 1437 1579 1460 ”
1666 1445 1713 1498 9.
1770 1439 1863 1498 δια
1886 1465 1928 1498 15

252 1531 393 1600 γοῦν
433 1529 608 1601 φησὶν
649 1524 789 1584 αὐτὰ
842 1550 1015 1583 ταυτα
1047 1524 1160 1594 “ὦς
1206 1522 1373 1601 αγρὸς
1415 1523 1572 1583 Σιων
1610 1522 1864 1600 ἄροτρια-

252 1611 517 1685 θήσεται,
550 1613 642 1669 καὶ
664 1608 1022 1685 Ιερουσαλὴμ
1055 1635 1128 1678 ως
1151 1607 1619 1685 ὀπωροφυλακιον
1643 1608 1861 1682 ε’σται,”

253 1718 394 1770 απερ
426 1695 548 1753 οὐδ’
587 1694 782 1753 αλλοτε
813 1696 1035 1753 πώποτε
1064 1692 1097 1767 ἢ
1127 1719 1263 1768 μετα
1293 1719 1360 1752 τα
1390 1717 1527 1751 κατα
1557 1698 1655 1751 τοῦ
1686 1697 1866 1766 σωτῆ-

256 1805 349 1855 ρος
387 1779 550 1853 ἡμων
588 1782 962 1854 τετολμημένα
993 1778 1180 1853 αληθῆ
1224 1777 1326 1852 τὴν
1358 1785 1588 1851 ἔκβασιν
1630 1786 1862 1851 εἰ’.ληχεν

259 1870 339 1921 10.
375 1868 428 1932 ἐξ
463 1868 682 1922 ἐκείνου
713 1863 818 1967 γάρ
850 1888 934 1922 τοι
957 1865 1049 1921 καὶ
1082 1869 1161 1930 εἰς
1191 1867 1357 1968 δεῦρο
1384 1860 1611 1935 ἐσχάτης
1637 1864 1863 1934 ἐρημίας
1886 1887 1927 1919 20

257 1948 679 2022 καταλαβούσης
720 1948 849 2015 τοὺς
888 1947 1119 2019 τόπους,
1161 1944 1220 2002 τὸ
1260 1970 1363 2019 μεν
1402 1947 1536 2020 πρὶν
1568 1944 1865 2018 διαβόητον

258 2030 445 2090 αὐτῶν
476 2032 634 2090 Σιων
663 2029 820 2106 όρος,
861 2028 986 2088 ἀντὶ
1017 2033 1111 2102 τῆς
1143 2029 1312 2087 παλαι
1357 2032 1415 2086 έν
1457 2026 1609 2107 αὐτςο
1638 2032 1865 2103 μελέτης

259 2117 350 2173 καὶ
383 2113 667 2188 ασκήσεως
691 2122 803 2173 τῶν
826 2117 1187 2190 προφητικῶν
1216 2117 1309 2171 καὶ
1332 2121 1511 2172 θείων
1541 2113 1751 2187 λόγων,
1786 2138 1865 2172 ων

212 2238 229 2260 c
259 2205 455 2266 παῖδες
505 2199 565 2256 τὸ
618 2202 751 2273 πρὶν
783 2198 1057 2274 Εβραίων
1110 2200 1201 2256 καὶ
1253 2206 1542 2272 θεοφιλεῖς
1584 2204 1864 2274 προφῆται

261 2290 427 2358 ἱερεῖς
457 2308 515 2342 τε
546 2286 638 2341 καὶ
672 2282 997 2341 διδάσκαλοι
1028 2289 1125 2341 τοῦ
1158 2282 1361 2350 παντὸς
1393 2289 1598 2350 ἔθνους
1630 2286 1690 2340 έν
1722 2281 1865 2356 αὐτῇ
1885 2308 1928 2340 25

262 2366 352 2426 διὰ
386 2372 634 2441 σπουδῆς
668 2371 983 2440 ἐποιοῦντο,
1031 2367 1122 2424 διὰ
1157 2366 1438 2441 Ῥωμαίων
1479 2365 1705 2442 ἀνδρῶν
1736 2365 1858 2424 κατ’

259 2450 429 2511 οὐδὲν
459 2457 554 2526 τῆς
585 2457 779 2525 λοιπῆς
813 2454 1155 2527 διαφέρουσα
1186 2451 1365 2526 χώρας
1395 2466 1744 2527 γεωργεῖται,
1789 2450 1864 2518 ὥς

257 2541 349 2595 καὶ
380 2534 519 2611 ἡμᾶς
544 2536 745 2605 αὐτοὺς
767 2535 1080 2611 ὀφθαλμοῖς
1105 2544 1451 2611 παραλαβεῖν
1473 2539 1673 2610 βουσὶν
1696 2533 1867 2611 ἀρού-

258 2646 428 2694 μενον
468 2624 560 2679 καὶ
603 2620 1107 2697 κατασπειρόμενον
1146 2619 1242 2679 τὸν
1271 2620 1465 2680 τόπον·
1516 2617 1549 2694 ἡ
1584 2621 1644 2678 δὲ
1667 2619 1864 2694 Ἰερου-

259 2707 438 2778 σαλὴμ
471 2705 610 2779 αὐτὴ
643 2703 714 2774 ὥς
745 2704 1207 2783 ὀπωροφυλοέκιον
1236 2711 1331 2779 τῆς
1364 2709 1425 2764 έν
1456 2704 1602 2779 αὐτῇ
1631 2707 1864 2771 παλαιᾶς
1887 2731 1928 2764 30

375 2901 428 2940 14
457 2900 622 2945 Matth.
645 2901 711 2950 27,
735 2901 804 2942 25.
