1992 3186
273 138 376 190 228
951 100 1201 181 EUsssssn

271 262 433 329 τρίβη
467 261 542 322 εἰς
574 254 675 327 τὴν
705 257 811 327 γῆν
834 250 862 311 ὁ
887 252 1241 313 ἀποστέλλων
1263 254 1399 330 πρὸς
1423 255 1603 314 πάντα
1625 256 1690 314 τὰ
1722 263 1877 329 ἔθνη.

273 339 342 397 σὺ
377 341 437 396 δὲ
470 341 626 404 εἶπας
659 343 718 396 ἐν
747 342 813 412 τῇ
846 343 1064 413 διανοίᾳ
1095 356 1218 411 σου,
1252 345 1328 406 εἰς
1351 339 1448 397 τὸν
1477 338 1720 414 οὐρανὸν
1749 339 1881 398 ἀνα-

273 422 540 497 βήσομαι,
584 421 767 481 ἐπάνω
808 425 922 479 τῶν
962 420 1181 497 ἄστρων
1222 429 1321 480 τοῦ
1362 421 1607 494 οὐρανοῦ
1635 423 1881 498 ’θήσομαι

273 507 371 565 τὸν
411 506 623 580 θρόνον
662 530 787 580 μου.
857 503 1206 580 ἀναβήσομαι
1239 506 1421 565 ἐπάνω
1467 514 1579 566 τῶν
1609 513 1881 582 νεφελῶν,

274 599 464 664 ἔσομαι
503 590 688 663 ὅμοιος
727 593 804 667 τῷ
832 589 1063 667 ὑψίστῳ.
1143 596 1251 648 νῦν
1292 593 1352 648 δὲ
1394 598 1470 659 εἰς
1488 589 1684 664 ’Ἅιδην
1715 617 1883 650 κατα-
1927 615 1946 647 5

273 675 418 750 βήσῃ
451 678 542 732 καὶ
575 680 652 740 εἰς
683 673 748 731 τὰ
778 676 1010 748 θεμέλια
1040 677 1135 746 τῆς
1165 672 1323 748 γῆς.”

402 763 448 816 5.
484 757 652 832 Ὁμοῦ
695 757 764 831 δὴ
795 767 1024 816 πλεῖστα
1059 757 1149 815 διά
1179 758 1390 817 τούτων
1431 758 1460 816 ὁ
1493 758 1652 833 λόγος
1685 763 1887 834 ἐμφαί-

274 867 385 914 νει,
437 841 539 915 τὴν
578 847 677 900 τοῦ
721 845 1066 916 δηλουμένου
1106 842 1579 918 φρενοβλάβειαν,
1634 844 1735 917 τὴν
1778 841 1885 901 άπὸ

227 958 244 981 c
279 933 390 985 τῶν
420 926 750 1001 κρειττόνων
784 929 873 985 ἐπὶ
903 927 967 984 τὰ
998 934 1163 1002 χείρω
1195 926 1563 1000 κατάπτωσιν,
1593 928 1653 985 τὸ
1676 932 1771 1000 τῆς
1803 931 1886 985 ἐκ·

274 1011 532 1078 πτώσεως
563 1013 731 1078 τέλος.
804 1011 960 1069 δεινὰ
1009 1013 1070 1069 δὲ
1099 1011 1236 1069 κατὰ
1265 1016 1377 1070 τῶν
1408 1015 1594 1070 ε’θνῶν
1624 1011 1886 1070 ἁπάντων
1910 1032 1949 1064 10

275 1094 573 1168 ἀπειλήσας
617 1097 827 1172 θατέρᾳ
859 1095 1098 1168 ληπτοὺς
1139 1110 1252 1163 τοῖς
1285 1102 1601 1169 προβολίοις
1631 1094 1758 1162 τοὺς
1790 1094 1886 1154 ἆν-

166 1179 542 1253 [1021θρῶπους
591 1177 817 1254 εὕρατο,
859 1179 1151 1255 πρόχειρον
1194 1181 1284 1237 καὶ
1328 1183 1380 1248 ἐξ
1421 1186 1626 1247 οἰκείας
1665 1179 1886 1254 γνώμης

273 1264 375 1336 τὴν
418 1266 504 1321 ἐπὶ
545 1263 603 1321 τὸ
647 1263 817 1321 κακὸν
861 1270 1140 1336 ἔμπτωσιν
1189 1261 1267 1321 δι’
1301 1262 1661 1332 αὐτεξούσιον
1691 1270 1889 1338 προαί-

276 1368 431 1422 ρεσιν
463 1351 845 1421 κεκτημένους.
890 1353 937 1404 6.
973 1354 1115 1406 ἔσειε
1147 1351 1284 1420 δῆτα
1315 1353 1409 1422 τῆς
1433 1347 1539 1405 ἀπὸ
1571 1352 1683 1406 τῶν
1713 1372 1886 1422 κρειτ-

274 1433 454 1490 τόνων
486 1430 727 1500 στάσεως
759 1431 852 1499 τὰς
883 1430 1086 1503 πόλεις,
1118 1435 1344 1499 καὶτοῖς
1369 1438 1464 1504 τῆς
1496 1429 1700 1504 ἡδονῆς
1733 1434 1887 1489 δελέ-
1911 1450 1951 1483 1⁵

276 1537 403 1575 ασιν
436 1518 523 1574 ε’πὶ
571 1520 683 1574 πᾶν
715 1516 862 1583 εἶδος
892 1515 1233 1589 φαυλότητος
1273 1514 1366 1583 τὰς
1397 1522 1508 1573 τῶν
1539 1518 1758 1574 πολλῶν
1789 1540 1887 1574 κα-

276 1604 449 1658 τέσπα
482 1600 658 1674 ψυχὰς
674 1647 688 1672 ,
719 1597 926 1659 οὐδένα
956 1624 1014 1658 τε
1043 1606 1289 1674 μηχανῆς
1321 1598 1639 1658 καταλιπων
1661 1599 1885 1674 τρόπον,

277 1684 480 1758 μύθοις
497 1687 622 1759 περὶ
647 1688 801 1742 θεῶν
826 1691 1070 1758 αἰσχροῖς
1094 1687 1184 1742 καὶ
1212 1683 1546 1757 διηγήμασιν
1568 1681 1887 1749 άκολάστοις

222 1791 241 1823 d
279 1768 342 1827 τὰ
373 1777 509 1842 φίλα
540 1771 632 1826 καὶ
664 1767 799 1842 πρὸς
830 1765 1043 1842 ἡδονὴν
1072 1773 1184 1827 τῶν
1214 1767 1593 1841 ἁλισκομένων
1626 1765 1698 1824 δι’
1737 1769 1885 1824 ε’ντέ-

277 1878 413 1927 χνου
445 1852 726 1927 δαιμόνων
748 1850 957 1925 άπάτης
973 1850 1367 1925 προυβάλλετο.
1426 1856 1470 1908 7.
1502 1849 1674 1925 ταύτῃ
1699 1875 1756 1908 τε
1786 1851 1887 1922 τὴν
1911 1869 1950 1900 20

278 1941 611 2011 οἰκουμένην
663 1935 884 1994 ἅπασαν
939 1934 1079 1993 ἑλῶν
1130 1935 1449 2008 ὑποχείριον
1493 1948 1742 2008 συνεῖχε,
1797 1937 1888 1991 καὶ

277 2019 508 2094 ἠφάνιζε
538 2019 603 2077 τά
632 2023 743 2077 τῶν
775 2023 961 2078 ἐθνῶν
989 2017 1132 2092 ὅρια,
1165 2017 1300 2092 ὅπερ
1331 2020 1421 2075 καὶ
1447 2018 1700 2091 ποιήσειν
1729 2016 1890 2091 ἠπεί-

279 2113 360 2161 λει
394 2102 565 2161 εἰπών
596 2100 822 2176 “άφελῶ
852 2101 977 2177 ὅρια
1009 2107 1222 2176 ε’θνῶν,
1255 2105 1347 2160 καὶ
1377 2101 1479 2175 τὴν
1510 2103 1674 2176 ἰσχὺν
1704 2102 1889 2159 αὐτῶν

279 2186 673 2261 προνομεύσω,
716 2189 807 2244 καὶ
848 2193 1014 2244 σείσω
1055 2185 1241 2254 πόλεις
1287 2189 1738 2260 κατοικουμένας,
1795 2188 1887 2242 καὶ

279 2271 380 2345 τὴν
419 2274 751 2344 οἰκουμένην
789 2269 925 2344 ὅλην
965 2270 1345 2344 καταλήψομαι
1385 2277 1451 2345 τῇ
1483 2273 1621 2345 χειρὶ
1653 2269 1725 2336 ῶς
1756 2287 1887 2327 νοσ-
1911 2286 1951 2319 25

282 2355 462 2414 σιάν.”
510 2361 555 2414 8.
592 2361 763 2413 ἔνθεν
786 2353 892 2428 ἤδη
924 2354 1117 2413 λοιπὸν
1140 2353 1364 2413 πάντων
1389 2352 1707 2429 ἀνθρώπων
1731 2376 1889 2410 κατε-

282 2439 468 2514 κράτει
499 2438 708 2514 πλάνῃ,
744 2442 999 2512 δαίμονές
1023 2463 1080 2497 τε
1104 2441 1334 2512 πονηροὶ
1363 2436 1497 2496 κατά
1521 2435 1699 2495 πάντα
1721 2436 1890 2495 τόπον

283 2527 373 2582 καὶ
406 2523 568 2582 πόλιν
599 2526 690 2580 καὶ
721 2522 907 2596 χῶραν
928 2519 1038 2580 ὑπὸ
1061 2529 1136 2599 τῷ
1168 2529 1352 2599 οἰκείῳ
1383 2520 1606 2595 ἄρχοντι
1638 2519 1889 2579 κατετάτ-

282 2625 465 2666 τοντο·
534 2611 625 2665 καὶ
679 2610 815 2681 δῆτα
868 2606 1138 2680 δυνάμεσι
1189 2611 1441 2680 χθονίαις
1491 2608 1582 2662 καὶ
1629 2619 1890 2678 πονηροῖς

283 2692 597 2765 πνεύμασιν
627 2690 748 2749 ἀντὶ
779 2695 892 2748 τῶν
931 2694 1215 2766 προτέρων
1243 2692 1341 2748 τοῦ
1382 2694 1521 2748 θεοῦ
1554 2694 1888 2762 λειτουργῶν
1910 2706 1952 2738 30

284 2774 312 2831 ὁ
345 2781 449 2841 π’ἆς
487 2781 600 2832 τῶν
640 2773 960 2849 ἀνθρώπων
991 2781 1109 2847 βίος
1143 2773 1622 2846 καταδεδούλωτο,
1665 2771 1890 2830 πάντων

285 2858 505 2931 ἀθρόως
537 2861 628 2915 καὶ
661 2863 964 2932 ἐπιρρεπῶς
994 2873 1106 2926 τοῖς
1136 2863 1230 2932 τῆς
1263 2856 1463 2932 ἡδονῆς
1494 2855 1740 2925 όλίσθοις
1774 2860 1890 2914 ἐπι-
