1992 3186
524 124 831 165 DEMONST.
863 124 1082 166 EVANG.
1115 125 1192 165 1v.
1227 126 1294 167 12.
1327 127 1393 167 13.
1660 123 1766 175 239

280 252 404 301 XIII.
461 238 620 297 Οὕτω
677 237 746 312 δὴ
787 237 999 297 τούτων
1050 237 1289 312 ἐχόντων
1328 236 1394 296 οὐ
1435 245 1525 296 δεῖ
1563 238 1764 313 ταράτ-

153 335 351 382 τεσθαι
394 323 491 382 τὸν
535 327 702 395 νοῦν,
744 325 965 395 γένεσιν
1004 326 1096 380 καὶ
1138 328 1295 396 σῶμα
1345 325 1436 380 καὶ
1475 321 1630 395 πάθη
1671 327 1764 380 καὶ

152 407 402 466 θάνατον
431 411 556 482 περὶ
587 406 683 464 τὸν
713 405 884 465 ἅῦλον
925 410 1017 464 καὶ
1047 405 1340 481 ἀσώματον
1367 411 1466 464 τοῦ
1495 411 1640 464 θεοῦ
1670 407 1761 465 λό·
1786 435 1875 475 (165)

152 517 252 565 γον
283 489 572 550 ἀκούοντα.
637 490 710 558 ὡς
740 491 845 564 γὰρ
876 490 1003 548 οὐδ’
1049 488 1283 563 ἡλιακοῦ
1313 490 1495 564 φωτὸς
1525 489 1762 550 πάθοιέν

110 605 129 636 5
153 601 203 634 τι
234 574 450 643 ἀκτῖνες
480 579 546 634 τὰ
576 574 754 633 πάντα
776 580 1103 648 πληροῦσαι,
1135 581 1227 633 καὶ
1249 574 1519 650 σωμάτων
1549 580 1762 647 νεκρῶν

153 663 244 718 καὶ
285 658 352 718 οὐ
393 664 662 734 καθαρῶν
704 659 1104 732 ἐφαπτόμεναι,
1147 659 1288 717 πολὺ
1329 661 1499 718 πλέον
1539 656 1572 733 ἡ
1614 659 1763 717 ἀστό-

153 769 338 848 ματος
357 749 455 802 τοῦ
496 750 636 802 θεοῦ
668 742 900 816 δύναμις
942 742 1056 801 οὔτ’
1104 740 1175 800 ἀν
1215 743 1391 802 πάθοι
1432 743 1533 816 τὴν
1562 743 1762 802 οὐσίαν

153 828 267 886 οὔτ’
305 825 375 886 ἀν
396 835 631 901 βλαβείη
662 825 840 884 οὔτ’
818 826 888 884 ἀν
920 835 1124 900 χείρων
1150 851 1281 885 ποτε
1306 831 1504 901 ἑαυτῆς
1529 831 1762 900 γένοιτο,

153 911 400 985 σώματος
431 910 733 985 ἀσωμάτως
765 914 1114 985 ἐπαφωμένη.
1176 916 1224 968 2.
1258 918 1315 968 τί
1341 911 1473 986 γάρ;
1514 911 1638 985 οὐχὶ
1670 915 1761 969 καὶ

90 1026 130 1056 10
155 1002 279 1070 δίχα
318 1000 417 1054 τοῦ
463 995 591 1054 καθ’
643 1020 673 1052 ο
720 995 1072 1068 ἐνηνθρώπει
1111 994 1360 1069 σώματος
1400 994 1487 1053 ἀεὶ
1536 999 1627 1052 καὶ
1673 997 1763 1053 διὰ

152 1081 357 1146 παντὸς
387 1078 539 1153 ἥκων
572 1078 643 1137 δι’
689 1077 820 1153 ολης
859 1084 954 1152 τῆς
985 1083 1097 1137 τῶν
1128 1088 1414 1153 στοιχείων
1454 1083 1545 1137 καὶ
1577 1077 1763 1138 αὐτῶν

155 1165 223 1237 δὴ
254 1169 366 1222 τῶν
397 1163 669 1238 σωμάτων
698 1161 862 1236 ὕλης,
894 1161 984 1221 οἷά
1013 1188 1093 1230 τις
1122 1167 1265 1222 θεοῦ
1295 1164 1455 1236 λόγος
1487 1161 1567 1222 ὢν
1599 1170 1760 1237 δημι-
1786 1193 1807 1225 b

153 1250 379 1323 ουργὸς,
425 1254 524 1322 τῆς
569 1252 622 1316 ἐξ
668 1245 840 1306 αυτοῦ
880 1256 1079 1321 σοφίας
1120 1252 1180 1305 ἐν
1225 1247 1364 1323 αὐτῇ
1403 1247 1531 1315 τοῦς
1562 1247 1760 1320 λόγους

152 1331 634 1406 ἀποσφραγίζεται,
666 1336 744 1408 τῷ
771 1332 875 1406 μὲν
904 1331 1101 1409 ἀψύχῳ
1133 1331 1295 1405 ζωὴν,
1326 1337 1401 1410 τῷ
1434 1334 1495 1390 δὲ
1525 1331 1759 1409 ἀμόρφῳ

91 1443 130 1475 15
154 1413 272 1473 ὄντι
304 1418 395 1473 καὶ
425 1413 603 1473 ἀειδεῑ
629 1415 732 1488 τὴν
761 1415 936 1488 φύσιν
968 1415 1190 1491 μορφὴν
1223 1415 1759 1490 ἐναποτυποῦμενος,

154 1499 219 1556 τά
248 1523 308 1557 τε
340 1503 400 1557 ἐν
431 1498 580 1576 αὐτῷ
625 1499 798 1572 κάλλη
830 1501 921 1556 καὶ
966 1499 1061 1566 τὰς
1092 1497 1418 1573 ἀσωμάτους
1461 1504 1611 1567 ἰδέας
1641 1515 1759 1567 ταῖς

153 1589 264 1640 τῶν
297 1582 567 1657 σωμάτων
611 1582 896 1655 ποιότησιν
929 1584 1460 1657 ε’ναποματτόμενος,
1493 1587 1667 1641 κινῶν
1699 1585 1761 1640 δὲ

152 1667 218 1724 τά
248 1673 322 1744 τῷ
354 1674 539 1744 οἰκείῳ
579 1666 725 1743 λόγῳ
767 1665 953 1740 ἀψυχα
984 1669 1075 1724 καὶ
1107 1666 1368 1740 ἀκίνητα,
1408 1671 1543 1740 γῆν,
1582 1666 1759 1741 ὕδωρ,

152 1749 306 1824 ἀέρα,
338 1756 478 1825 πῦρ,
511 1757 559 1808 3.
593 1750 886 1823 πάνσοφόν
915 1776 1038 1808 τινα
1070 1754 1160 1808 καὶ
1197 1750 1577 1826 παναρμόνιον
1608 1757 1760 1824 κίνη-

89 1863 131 1895 20
153 1854 262 1907 σιν,
295 1838 386 1893 καὶ
418 1834 485 1893 τά
514 1833 695 1893 πάντα
727 1838 781 1903 ἐξ
811 1832 1077 1907 ἀκοσμίας
1100 1838 1341 1908 κοσμῶν,
1373 1833 1558 1903 αῦξων
1579 1858 1636 1892 τε
1667 1837 1758 1892 καὶ

153 1926 582 1993 τελεσιουργῶν,
635 1917 775 1992 αὐτῇ
827 1943 886 1976 τε
938 1921 1117 1996 ε’νθέῳ
1161 1922 1252 1976 καὶ
1293 1923 1486 1994 λογικῇ
1526 1918 1759 1992 δυνάμει
1790 1956 1809 1978 e

154 2007 450 2078 μονονουχὶ
482 2001 652 2062 ἐπιών
682 2001 748 2060 τά
777 2002 983 2076 πάντα,
1033 2006 1124 2061 καὶ
1166 2001 1258 2061 διά
1298 2003 1526 2061 πάντων
1563 2007 1759 2077 χωρῶν

154 2086 379 2146 πάντων
409 2113 466 2146 τε
491 2087 886 2161 ἐφαπτόμενος,
918 2086 1038 2145 ἀλλ’
1069 2085 1189 2145 οῦτι
1209 2110 1273 2159 γε
1288 2085 1506 2160 βλάβην
1530 2091 1590 2145 ἐκ
1611 2112 1757 2154 τινος

155 2171 507 2245 ἐπαγόμενος,
539 2170 672 2230 οὐδὲ
691 2171 793 2244 τὴν
813 2171 989 2244 φύσιν
1011 2170 1186 2245 αὐτὴν
1206 2169 1757 2245 μολυνόμενος,οῦτω

89 2282 130 2314 25
156 2255 223 2328 δὴ
254 2255 320 2312 τά
349 2255 485 2314 κατὰ
511 2261 683 2313 ταῦτα
714 2257 806 2313 καὶ
838 2260 898 2313 ἐν
928 2253 1247 2329 ἀνθρώποις
1286 2255 1611 2329 γενόμενος,
1653 2255 1761 2312 πά-

153 2347 241 2396 λαι
272 2342 374 2413 μὲν
404 2343 631 2414 βραχέσι
662 2343 753 2397 καὶ
784 2337 1008 2417 ἀριθμῷ
1037 2348 1292 2412 ληπτοῖς,
1335 2340 1523 2413 μόνοις
1556 2341 1615 2396 δὲ
1646 2354 1758 2404 τοῖς

153 2422 522 2498 ἀναγράπτοις
571 2422 876 2497 προφήταις
932 2447 991 2481 τε
1033 2427 1124 2480 καὶ
1178 2430 1412 2489 δικαίοις
1464 2421 1758 2495 ἀνδράσιν,

154 2505 344 2565 ἄλλοτε
375 2507 552 2575 ἄλλως
586 2513 869 2581 ἐφαίνετο,
904 2510 993 2566 ἐπὶ
1023 2510 1166 2566 τέλει
1200 2508 1261 2564 δὲ
1291 2521 1403 2573 τοῖς
1427 2511 1596 2563 πᾶσιν
1626 2504 1754 2578 ἤδη,

154 2590 387 2662 φαύλοις
415 2617 474 2649 τε
503 2594 595 2649 καὶ
625 2591 915 2665 ἀσεβέσιν,
953 2588 1225 2665 Ἑβραίοις
1265 2615 1323 2648 τε
1353 2586 1490 2662 ὁμοῦ
1521 2591 1612 2646 καὶ
1629 2588 1754 2647 ”Ελ-
1781 2617 1804 2648 <1

90 2701 131 2733 30
156 2683 309 2747 λησι,
363 2672 439 2731 δι’
493 2672 955 2748 ὑπερβάλλουσαν
1016 2679 1114 2732 τοῦ
1165 2673 1498 2746 παναγάθου
1554 2671 1757 2745 πατρὸς

155 2757 488 2832 χρηστότητα
541 2761 631 2816 καὶ
683 2766 1118 2833 φιλανθρωπίαν
1160 2755 1506 2833 εὐεργετικὸν
1559 2757 1757 2813 ἑαυτὸν

156 2846 246 2899 καὶ
278 2841 549 2916 σωτήριον
579 2849 887 2917 παρείχετο,
923 2842 1231 2916 διαρρήδην
1260 2844 1419 2899 τοῦτο
1451 2839 1754 2915 προκηρύτ-
