1992 3186
255 133 360 185 230
939 132 1187 174 EUSEBII

212 272 233 305 d
261 252 349 307 ἐπὶ
390 253 488 322 γῆς
529 252 697 306 πᾶσιν
738 247 766 304 ὁ
809 249 1084 319 δηλωθεὶς
1114 246 1385 322 θεομάχος
1427 246 1715 322 εἰργάζετο.
1779 252 1859 306 12.

257 333 521 408 συνήργει
556 333 617 390 δὲ
648 328 798 408 αὐτῷ
832 333 922 388 καὶ
953 335 1064 388 πᾶν
1093 329 1153 388 τὸ
1183 335 1294 390 τῶν
1310 330 1645 406 ἀκαθάρτων
1676 330 1863 406 δαιμό-

259 442 373 476 νων
396 423 591 490 φῦλον.
635 414 797 482 αὐτός
819 438 882 487 γε
911 413 1023 488 μὴν
1055 413 1084 472 ὁ
1105 422 1200 488 τῆς
1221 422 1414 483 κακίας
1437 415 1679 491 ἐξάρχων
1700 413 1861 474 ταῦτ’

257 509 551 577 ἔπραττεν,
584 506 755 576 μανία
786 498 1135 574 φρονήματος
1169 499 1401 558 ἐκτόπου
1431 499 1526 567 τὰς
1557 501 1693 559 κατὰ
1723 500 1865 558 πάν-

256 610 368 644 των
398 582 720 659 ἀνθρώπων
751 591 894 662 ἔργῳ
926 587 1153 658 πληρῶν
1177 583 1430 656 ἀπειλὰς,
1463 587 1555 642 καὶ
1585 584 1686 658 τὴν
1707 584 1862 643 “ἐ’σο-
1886 615 1906 648 5

255 695 352 743 μαι
381 667 564 743 ὅμοιος
595 671 672 746 τῶ
699 665 953 746 ὑψίστω”
986 666 1160 726 ἄθεον
1192 671 1481 727 ἐπιτείνων
1500 668 1716 743 φωνὴν,
1746 684 1865 738 ταῖς

256 777 314 810 τε
344 757 456 811 τῶν
477 751 813 827 ἀκαθάρτων
837 755 929 810 καὶ
952 757 1215 827 πονηρῶν
1242 753 1523 827 δαιμόνων
1541 752 1866 828 ὑπηρεσίαις

256 836 532 912 χρησμοὺς
563 840 655 895 καὶ
687 843 989 911 θεραπείας
1021 840 1111 895 καὶ
1143 835 1208 895 τά
1230 843 1455 896 τοιαῦτα
1476 853 1595 906 ταῖς
1625 842 1736 896 τῶν
1765 835 1866 896 άν-

260 921 513 998 θρῶπων
543 927 816 995 γοητείαις
847 920 1259 996 προϊσχόμενος.

145 1031 233 1071 (161)
385 1006 451 1064 X.
481 1003 570 1064 Ἐν
598 1005 837 1082 τοσαύτῃ
871 1012 1008 1079 δῆτα
1039 1013 1232 1074 κακίας
1272 1011 1419 1083 φορᾷ
1448 1007 1624 1079 μηδὲν
1655 1005 1865 1080 ἐπαμύ-
1889 1033 1929 1065 10

257 1115 376 1149 νειν
416 1097 527 1149 τῶν
571 1094 704 1164 πρὶν
737 1089 1061 1164 ἐφεστώτων
1091 1090 1342 1163 ἀγγέλων
1386 1105 1498 1158 τοῖς
1529 1089 1865 1165 ὑποχειρίοις

259 1182 448 1232 ἔθνεσι
492 1178 918 1248 δεδυνημένων,
959 1173 1098 1231 ἀλλὰ
1138 1180 1233 1247 τῆς
1275 1176 1376 1249 μὲν
1415 1179 1608 1248 λοιπῆς
1639 1180 1865 1242 κτίσεως

149 1286 235 1327 [103]
262 1261 698 1333 ἐπιμελομένων,
744 1272 857 1325 τοῖς
899 1282 955 1316 τε
997 1265 1095 1316 τοῦ
1139 1258 1348 1333 κόσμου
1387 1261 1612 1334 μέρεσιν
1644 1263 1867 1316 ἐπιστα-

212 1371 231 1403 b
257 1343 537 1416 τούντων,
571 1346 661 1400 καὶ
692 1349 767 1420 τῷ
808 1349 905 1400 τοῦ
938 1341 1163 1401 πάντων
1195 1348 1534 1417 δημιουργοῦ
1565 1346 1704 1401 θεοῦ
1734 1341 1868 1402 νεύ-

256 1453 383 1501 ματι
424 1426 690 1500 συνήθως
733 1431 1211 1501 διακονουμένων,
1251 1434 1346 1500 τῆς
1389 1428 1451 1485 δὲ
1492 1433 1606 1485 τῶν
1640 1433 1867 1501 θνητῶν
1890 1451 1932 1485 15

257 1511 514 1579 πτώσεως
560 1509 625 1568 οὗ
673 1514 1197 1586 περιδρασσομένων
1245 1512 1335 1569 διὰ
1380 1510 1481 1585 τὴν
1525 1517 1636 1570 τῶν
1681 1518 1867 1571 κακῶν

257 1595 633 1654 αὐθεκούσιον
662 1602 773 1654 τῶν
817 1593 1137 1670 ἀνθρώπων
1169 1601 1410 1670 αἵρεσιν,
1453 1595 1636 1670 μακρά
1664 1621 1745 1663 τις
1775 1599 1867 1654 καὶ

258 1679 711 1754 δυσθεράπευτος
741 1686 853 1738 τῶν
884 1683 972 1738 ἐπὶ
1004 1686 1101 1754 γῆς
1132 1679 1393 1739 ἁπάντων
1423 1679 1741 1753 κατεκράτει
1771 1679 1868 1738 νό-

255 1783 376 1837 σος,
431 1763 617 1822 ἄλλων
669 1763 847 1832 ἄλλως
897 1770 1010 1822 τῶν
1065 1768 1253 1823 ἐθνῶν
1291 1763 1399 1822 ὑπὸ
1439 1770 1551 1822 τῶν
1606 1770 1866 1837 πονηρῶν

255 1848 587 1922 πνευμάτων
624 1850 1093 1923 ἐξοιστρουμένων
1122 1851 1211 1904 καὶ
1243 1855 1320 1915 εἰς
1355 1847 1658 1920 ἀνήκεστον
1681 1846 1866 1920 βυθὸν
1889 1872 1930 1906 20

254 1940 447 2000 κακίας
492 1930 932 1991 άποπιπτόντων.
1008 1937 1056 1990 2.
1090 1930 1196 2004 ἤδη
1241 1937 1379 2004 γοῦν
1421 1929 1736 2005 ῶμοφάγων
1776 1935 1868 1990 καὶ

255 2015 712 2089 άνθρωποβόρων
734 2008 955 2090 θηρίων
977 2015 1183 2088 τρόπον
1206 2014 1412 2090 σάρκας
1436 2017 1580 2082 τινὲς
1604 2021 1715 2074 τῶν
1738 2024 1865 2089 φιλ-

211 2136 230 2158 c
256 2098 433 2156 τάτων
459 2105 764 2157 θοινᾶσθαι
787 2097 957 2157 καλὸν
980 2098 1232 2172 ἡγοῦντο,
1258 2102 1348 2156 καὶ
1371 2099 1641 2175 μητράσιν
1659 2097 1867 2172 ἀνέδην

255 2186 345 2240 καὶ
389 2182 656 2256 ἀδελφαῖς
696 2187 788 2241 καὶ
827 2182 1140 2257 θυγατράσι
1182 2189 1516 2257 μίγνυσθαι,
1559 2182 1766 2258 ἀγχόνῃ
1806 2207 1864 2241 τε

255 2267 611 2341 περιβάλλειν
641 2262 770 2334 τούς
800 2267 1170 2340 γεγηρακότας
1213 2271 1303 2325 καὶ
1345 2272 1471 2326 κυσὶ
1512 2270 1604 2325 καὶ
1643 2273 1862 2334 οἰωνοῖς
1886 2290 1928 2322 25

254 2350 383 2418 τούς
414 2350 662 2426 νεκρούς.
735 2358 782 2409 3
815 2359 873 2409 τί
901 2350 970 2424 δή
1002 2370 1087 2409 σοι
1117 2359 1608 2426 μνημονευσαίμην
1653 2348 1724 2406 ἂν
1752 2356 1864 2408 τῶν

257 2442 436 2508 δῆθεν
466 2442 646 2507 θεῶν,
689 2434 873 2493 αὐτῶν
916 2434 983 2507 δὴ
1023 2435 1398 2509 τῶνφαύλων
1431 2434 1738 2509 δαιμόνων,
1769 2434 1865 2501 τὰς

257 2517 405 2593 ῶμὰς
450 2522 542 2577 καὶ
585 2519 847 2587 ἐκτόπους
886 2518 1389 2594 ἀνθρωποθυσίας,
1444 2526 1520 2587 εἰς
1561 2517 1624 2585 ἃς
1663 2516 1723 2576 τὸ
1765 2519 1864 2575 ἀν-

254 2603 539 2676 θρώπειον
569 2606 726 2677 γε’νος
759 2606 1053 2677 ἐξέμηναν;
1084 2608 1132 2661 4.
1167 2606 1259 2661 καὶ
1290 2610 1462 2662 ταῦτα
1492 2609 1629 2676 γοῦν
1663 2605 1722 2660 ἐν
1752 2616 1865 2668 τοῖς

256 2691 690 2761 προηγουμένοις
719 2692 814 2761 τῆς
843 2685 979 2761 μετὰ
1018 2701 1203 2762 χεῖρας
1233 2687 1555 2755 ὑποθέσεως
1586 2708 1866 2761 προπαρε-
1887 2708 1928 2740 30

370 2879 393 2918 6
426 2879 503 2923 Es.
530 2882 594 2934 14,
623 2883 686 2920 14.
