1946 3158
517 128 825 171 DEMONST.
855 127 1078 170 EVANG.
1108 128 1193 169 111.
1227 129 1266 167 6.
1615 124 1714 177 197

107 253 309 312 ἔθνους
343 247 430 302 ἐπὶ
461 249 646 320 οἰκείῳ
677 242 904 316 ὀνόματι
936 241 1203 299 σύστασιν
1241 239 1598 312 ποιήσασθαι.
1655 239 1716 297 τὸ

110 331 170 387 δὲ
199 328 273 403 μὴ
303 328 476 402 μόνον
508 330 765 400 ἐννοῆσαι
804 330 998 400 τοῦτο,
1044 324 1184 383 ἄλλα
1226 327 1318 382 καὶ
1362 328 1718 399 κατορθῶσαι

105 411 166 471 τὸ
198 413 511 486 βουληθὲν,
543 416 658 479 πῶς
690 408 756 468 ού
787 415 972 468 πᾶσαν
1011 407 1320 484 άνθρῶπου
1349 408 1618 467 καλύπτοι
1648 405 1718 467 ὂὲν

107 495 308 571 φύσιν;
342 499 617 570 βασιλέων
643 497 704 553 δὲ
731 494 965 569 δόγμασι
996 497 1088 552 καὶ
1119 497 1372 551 παλαιῶν
1397 496 1719 568 νομοθετῶν

64 607 84 640 5
107 580 434 655 φιλοσόφων
462 604 522 638 τε
552 583 644 637 καὶ
677 584 920 652 ποιητῶν
945 582 1037 636 καὶ
1059 577 1346 651 θεολόγων
1379 581 1431 646 ἐξ
1465 582 1720 645 ἐναντίας

107 668 315 724 θέσθαι
345 664 549 739 νόμους
579 662 707 731 τούς
739 663 857 721 κατ’
890 670 1334 737 εἰδωλολατρίας,
1369 665 1460 719 καὶ
1491 661 1720 729 τούτους

108 754 408 824 κρατῦναι,
440 748 684 823 ἀμάχους
714 772 774 805 τε
803 751 895 805 καὶ
926 745 1224 821 ἀηττήτους
1250 753 1327 813 εἰς
1357 745 1570 820 μακρὸν
1602 750 1722 804 ἐπι-

112 838 286 902 δεῖξαι
318 840 493 892 αἰῶνα
512 879 526 905 ,
558 840 642 900 τίς
672 831 893 890 πῶποτε
922 830 1140 905 γοήτων
1172 830 1550 904 διανενόηται;
1597 826 1626 887 ὃ
1658 831 1721 888 δὲ

109 916 291 992 σωτὴρ
323 921 414 975 καὶ
447 917 637 992 κύριος
667 913 826 990 ἡμῶν
855 914 959 974 ούκ
992 915 1250 988 ἐνενόησε
1280 916 1412 988 μὲν,
1444 911 1511 972 ού
1541 912 1722 972 τετόλ-

45 1027 87 1059 10
109 1026 248 1076 μηκε
280 1003 341 1059 δὲ
373 1006 741 1077 ἐπιχειρῆσαι·
799 998 922 1058 ἀλλ’
957 997 1090 1058 οὐδὲ
1124 1003 1442 1074 ἐπεχείρησε
1472 1000 1607 1073 μὲν,
1654 995 1722 1056 ού

109 1085 447 1160 κατώρθωσε
482 1089 558 1143 δέ.
619 1091 702 1142 32.
739 1087 823 1144 ἑνὶ
856 1086 916 1142 δὲ
948 1084 1147 1160 ῥήματι
1170 1086 1261 1141 καὶ
1292 1090 1390 1160 μιᾷ
1420 1086 1586 1157 φωνῇ
1614 1081 1725 1156 φή-

111 1190 211 1237 σας
243 1169 378 1245 πρὸς
408 1171 534 1238 τοὺς
567 1174 767 1228 ἑαυτοῦ
807 1168 1060 1244 μαθητάς
1085 1165 1495 1241 “πορευθε’ντες
1538 1178 1724 1241 μαθη-
1745 1193 1833 1236 (132)

110 1254 342 1313 τεύσατε
365 1254 544 1312 πάντα
567 1253 633 1311 τὰ
657 1262 796 1327 ἔθνη
824 1259 883 1312 ἐν
913 1258 988 1331 τῷ
1013 1252 1247 1327 ὀνόματί
1270 1277 1397 1326 μου,
1433 1251 1724 1310 διδάσκον-

111 1362 200 1405 τες
251 1337 452 1406 αὐτοὺς
503 1353 694 1412 τηρεῖν
745 1338 924 1396 πάντα
974 1336 1076 1395 ὅσα
1118 1336 1472 1411 ἐνετειλάμην
1522 1333 1723 1411 ὑμῖν,”

51 1444 92 1477 15
117 1428 280 1497 ἔργον
333 1426 502 1495 ἐπῆγε
553 1429 628 1498 τῷ
674 1421 850 1498 λόγῳ,
892 1419 1089 1479 αὐτίκα
1136 1446 1196 1478 τε
1246 1420 1617 1495 ἐμαθητεύετο
1666 1424 1727 1478 ἐν

112 1506 280 1583 ὀλίγῳ
312 1510 423 1564 πᾶν
453 1509 610 1579 γένος
632 1504 913 1578 Ἑλλήνων
957 1502 1095 1579 ὁμοῦ
1127 1508 1218 1562 καὶ
1258 1504 1587 1580 βαρβάρων,
1634 1508 1727 1562 καὶ

114 1590 272 1664 νόμοι
290 1595 424 1648 πᾶσι
448 1604 560 1657 τοῖς
585 1597 777 1648 ἔθνεσι
807 1596 1229 1663 κατεσπείροντο
1256 1593 1495 1646 ἐναντίοι
1515 1592 1584 1662 τῇ
1614 1593 1727 1646 τῶν

113 1681 365 1732 παλαιῶν
398 1680 830 1750 δεισιδαιμονία,
862 1673 1021 1747 νόμοι
1048 1672 1329 1747 δαιμόνων
1355 1676 1604 1747 πολέμιοι
1635 1675 1728 1730 καὶ

113 1757 291 1832 πάσης
332 1762 523 1834 ἐχθροὶ
553 1760 836 1816 πολυθέου
879 1757 1118 1831 πλάνης,
1160 1756 1318 1831 νόμοι
1351 1761 1604 1815 Σκυθῶν
1634 1759 1727 1814 καὶ

50 1865 92 1898 20
114 1846 354 1918 Περσῶν
384 1845 475 1900 καὶ
506 1847 619 1901 τῶν
650 1841 836 1900 ἄλλων
858 1841 1160 1918 βαρβάρων
1185 1844 1581 1914 σωφρονισταὶ,
1617 1845 1727 1906 ἐπι-

115 1934 432 2002 στρεπτικοί
450 1952 508 1985 τε
532 1926 710 1999 πάσης
733 1929 1006 2000 ἐκθέσμου
1031 1929 1122 1984 καὶ
1148 1924 1468 1999 θηριώδους
1496 1931 1727 1999 διαίτης,

114 2009 272 2085 νόμοι
301 2015 414 2070 τῶν
446 2015 498 2080 ἐξ
531 2017 731 2078 αἰῶνος
762 2008 895 2086 παρ’
923 2009 1111 2079 αὐτοῖς
1131 2010 1392 2084 Ἐλλησιν
1418 2014 1568 2068 ἐθῶν
1598 2007 1728 2068 άνα-
1755 2037 1777 2069 b

112 2098 423 2170 τρεπτικοὶ,
467 2099 659 2168 καινῆς
704 2097 763 2152 δε
802 2098 894 2154 καὶ
935 2093 1182 2169 άληθοῦς
1215 2093 1501 2167 εὐσεβείας
1531 2119 1729 2168 καταγ-

113 2186 368 2251 γελτικοί.
432 2186 514 2238 33.
549 2188 606 2238 τί
635 2184 772 2254 δῆτα
811 2205 913 2238 ουν
942 2195 1057 2247 τοῖς
1089 2178 1259 2237 πάλαι
1289 2178 1450 2253 γόησι
1480 2178 1587 2252 πρὸ
1617 2182 1731 2237 τῶν

51 2285 92 2319 25
114 2266 215 2321 τοῦ
249 2262 429 2337 Ἰησοῦ
471 2263 718 2339 χρόνων,
767 2262 801 2337 ἢ
841 2267 933 2322 καὶ
972 2288 1108 2338 μετα
1150 2267 1352 2336 ταῦτα,
1398 2267 1651 2322 τοιοῦτον
1694 2288 1729 2335 η

115 2350 206 2405 καὶ
237 2348 625 2422 παραπλήσιον
655 2347 1005 2422 τετόλμηται,
1049 2345 1122 2415 ῶς
1165 2347 1387 2415 εἰκότως
1418 2347 1592 2421 φάναι
1625 2345 1728 2404 αύ-

114 2431 211 2489 τὸν
251 2430 384 2507 παρ’
432 2435 636 2508 ἑτέρων
677 2432 1003 2507 ὠφελῆσθαι
1042 2432 1108 2490 τά
1138 2437 1232 2506 τῆς
1263 2438 1546 2505 γοητείας;
1590 2437 1639 2488 εἰ
1671 2429 1721 2487 δ’

115 2513 321 2575 οὐδένα
365 2515 435 2575 ἄν
477 2543 558 2585 τις
605 2523 716 2592 ἔχοι
761 2520 943 2591 λέγειν
988 2514 1136 2594 αὐτῷ
1182 2519 1470 2590 γεγονέναι
1516 2513 1725 2589 ὅμοιον,

117 2596 302 2666 οὐδεὶς
331 2599 436 2674 γὰρ
468 2595 537 2674 ἦν
567 2599 718 2678 αύτῷ
743 2612 913 2668 αἴτιος
943 2606 1038 2674 τῆς
1062 2600 1330 2672 τοσαύτης
1361 2598 1576 2674 ἀρετῆς,
1610 2596 1725 2672 ῶρα

54 2705 96 2738 30
118 2686 419 2758 τοιγαροῦν,
443 2681 732 2759 ὁμολογεῖν
757 2689 920 2758 ξένην
943 2684 1067 2743 τινὰ
1097 2688 1188 2742 καὶ
1213 2691 1380 2742 θείαν
1409 2683 1583 2757 φύσιν
1614 2687 1725 2741 ἐπι-

231 2878 281 2916 12
312 2876 475 2920 Matth.
498 2878 566 2929 28,
592 2880 657 2919 19.
