1946 3158
213 117 285 168 24
903 119 1151 160 EUSEBII

214 236 429 293 Μωσέα
467 240 586 306 βίος
630 232 1087 308 δυσκατόρθωτος
1133 226 1233 307 ἦν,
1280 234 1354 309 μή
1392 243 1449 293 τί
1492 260 1555 309 γε
1588 235 1825 303 δυνατὸς

217 322 593 377 ἐπιτελεῖσθαι
612 321 702 375 καὶ
727 332 839 384 τοῖς
863 326 1075 385 λοιποῖς
1107 325 1361 377 ἔθνεσιν·
1410 326 1578 378 ἔνθεν
1603 320 1826 389 εἰκότως

215 401 244 461 ὁ
276 403 457 476 σωτὴρ
504 406 595 460 καὶ
641 402 830 476 κύριος
874 401 1030 476 ἡμῶν
1056 400 1261 477 Ἰησοῦς
1305 402 1334 461 ὁ
1379 404 1500 471 υίὸς
1543 409 1641 462 τοῦ
1684 408 1827 463 θεοῦ

214 486 350 562 μετά
379 488 481 560 τὴν
514 492 572 545 ἐκ
602 493 817 559 νεκρῶν
859 485 1164 546 ἀνάστασιν
1203 502 1316 556 τοῖς
1347 486 1519 546 αὐτοῦ
1549 500 1824 563 μαθηταῖς

148 572 389 637 (ωείπών
428 571 838 644 “πορευθέντες
886 572 1270 646 μαθητεύσατε
1309 571 1488 630 πάντα
1536 574 1601 631 τὰ
1642 571 1819 647 ἔθνη”
1846 597 1870 630 5

147 680 191 724 [6]
220 659 457 730 ἐπιλέγει
478 655 875 723 “διδάσκοντες
906 656 1106 726 αὐτοὺς
1136 673 1326 732 τηρεῖν
1366 656 1545 715 πάντα
1575 655 1680 715 ὅσα
1713 661 1826 715 ἐνε-

220 740 486 814 τειλάμην
514 737 707 814 ὑμῖν.”

344 830 428 882 42.
466 822 550 882 Οὐ
581 825 686 899 γὰρ
716 824 783 882 τὰ
818 828 1066 893 Μωσέως
1097 825 1302 900 νόμιμα
1330 824 1619 885 διδάσκειν
1647 825 1827 884 πάντα

215 910 280 967 τὰ
314 916 454 983 ἔθνη
485 908 961 984 παρεκελεύσατο,
1005 907 1125 968 ἀλλ’
1162 909 1265 969 ὅσα
1297 910 1460 979 αὐτὸς
1493 913 1824 969 ἐνετείλατο·

214 998 388 1052 ταῦτα
422 991 473 1050 δ’
507 986 577 1066 ἦν
607 995 673 1052 τὰ
713 997 773 1052 ἐν
802 1009 915 1061 τοῖς
958 992 1297 1068 εὐαγγελίοις
1328 994 1502 1053 αὐτοῦ
1530 994 1824 1070 φερόμενα.
1852 1017 1895 1050 10

218 1077 439 1146 εἰκότως
470 1071 574 1136 οὖν
613 1082 705 1137 καὶ
744 1083 801 1136 οἱ
839 1078 1011 1136 αὐτοῦ
1042 1083 1287 1153 μαθηταὶ
1327 1082 1420 1137 καὶ
1449 1084 1507 1137 οὗ
1532 1078 1828 1138 ἀπόστολοι

218 1167 277 1220 ἐν
307 1166 376 1238 τῇ
405 1166 532 1238 περὶ
561 1167 672 1220 τῶν
715 1167 901 1222 ἐθνῶν
946 1167 1137 1233 σκέψει
1175 1164 1505 1238 ὁμολογοῦσι
1547 1164 1620 1238 μὴ
1654 1162 1829 1222 δύνα-

217 1258 353 1305 σθαι
391 1245 458 1304 τά
507 1252 751 1315 Μωσέως
796 1247 999 1322 νόμιμα
1051 1263 1165 1316 τοῖς
1212 1256 1439 1307 ἔθνεσιν
1482 1247 1827 1322 ἐφαρμόζειν,

216 1330 308 1389 ὅτε
338 1331 472 1406 μήτε
505 1330 691 1399 αὐτοῖς
722 1332 858 1406 μήτε
887 1347 1000 1399 τοῖς
1042 1332 1316 1407 πατράσιν
1347 1330 1534 1390 αὐτῶν
1566 1330 1830 1405 εὖκατόρ-

171 1442 191 1474 b
217 1427 374 1474 θωτα
404 1419 647 1490 γέγονεν.
708 1420 853 1490 λέγει
887 1414 941 1474 δ’
975 1410 1079 1475 οὖν
1111 1421 1170 1475 ἐν
1199 1431 1317 1487 ταῖς
1349 1417 1628 1490 Πράξεσιν
1657 1418 1686 1474 ὁ
1718 1420 1824 1475 Πέ-
1851 1437 1894 1470 15

216 1525 342 1575 τρος
365 1501 511 1558 “νῦν
541 1493 645 1558 οὖν
675 1508 733 1559 τί
758 1501 1036 1575 πειράζετε
1066 1500 1163 1559 τὸν
1191 1501 1331 1561 θεὸν
1355 1505 1635 1560 ἐπιθεῖναι
1665 1499 1829 1573 ζυγὸν

219 1588 308 1642 ἐπὶ
338 1585 435 1643 τὸν
463 1584 737 1659 τράχηλον
765 1589 878 1643 τῶν
907 1590 1210 1660 μαθητῶν,
1251 1583 1317 1644 ὃν
1360 1584 1487 1644 οὔτε
1516 1591 1574 1644 οἱ
1598 1588 1829 1661 πατέρες

220 1666 378 1743 ἡμῶν
408 1668 535 1728 οὔτε
565 1667 722 1744 ἡμεῖς
754 1669 1060 1744 ἰσχύσαμεν
1089 1670 1360 1743 βαστάσαι
1376 1669 1427 1740 ;”

345 1759 429 1812 43.
464 1753 709 1821 Εἰκότως
742 1755 803 1812 δὲ
847 1757 940 1812 καὶ
970 1752 1134 1822 αὐτὸς
1175 1754 1203 1812 ὁ
1236 1758 1450 1827 ,Μωσῆς
1479 1751 1694 1812 τούτων
1725 1752 1831 1811 αὐ-

217 1842 329 1896 τῶν
371 1842 559 1897 ἕνεκεν
604 1842 792 1911 ἕτερον
836 1836 970 1913 παρ’
1015 1838 1215 1896 ἑαυτὸν
1259 1835 1675 1912 ἀναστήσεσθαι
1721 1845 1828 1912 ἔφη
1850 1859 1893 1892 20

161 1986 165 1989 V
219 1921 539 1996 προφήτην,
573 1925 664 1980 καὶ
683 1926 882 1980 τοῦτον
904 1926 1217 1997 νομοθέτην
1241 1929 1470 1981 ἔσεσθαι
1499 1925 1612 1980 τῶν
1643 1927 1829 1981 ἐθνῶν

218 2003 483 2065 ἀπάντων
525 2006 957 2080 εὐαγγελίζεται,
1014 2006 1111 2064 τὸν
1151 2007 1394 2082 Χριστὸν
1434 2006 1828 2080 αἰνιττόμενος,

220 2088 370 2168 αὐτῷ
409 2116 468 2149 τε
508 2098 811 2150 πείθεσθαι
850 2106 966 2158 τοῖς
1015 2097 1238 2159 οἰκείοις
1277 2107 1565 2167 παραινεῖ,
1607 2084 1722 2149 ῶδέ
1752 2116 1830 2164 πη

170 2214 187 2235 c
219 2178 311 2233 καὶ
341 2180 503 2234 τοῦτο
533 2183 814 2245 θεσπίζων
849 2172 1178 2251 “προφήτην
1215 2177 1350 2250 ὑμῖν
1389 2175 1688 2249 ἀναστήσει
1727 2175 1830 2234 κύ-

221 2285 336 2332 ριος
377 2259 405 2318 ὁ
446 2260 577 2328 θεὸς
621 2264 679 2318 ἐκ
718 2262 830 2319 τῶν
859 2259 1121 2334 ἀδελφῶν
1164 2257 1325 2335 ὑμῶν
1370 2258 1443 2328 ῶς
1490 2262 1609 2335 ἐμὲ,
1656 2259 1827 2319 αὐτοῦ
1849 2275 1892 2308 25

221 2344 534 2404 ἀκούσεσθε
574 2343 710 2403 κατὰ
750 2344 930 2403 πάντα
969 2344 1071 2403 ὅσα
1113 2341 1184 2402 ἂν
1225 2344 1441 2419 λαλήσῃ
1471 2344 1620 2418 ὑμῖν.
1677 2351 1829 2403 ἔσται

223 2431 312 2502 δὲ,
363 2433 514 2488 πᾶσα
545 2429 720 2504 ψυχὴ,
774 2429 891 2502 ἥτις
931 2425 1003 2487 ἂν
1040 2428 1115 2503 μὴ
1155 2429 1368 2504 ἀκούσῃ
1407 2436 1505 2487 τοῦ
1541 2427 1830 2502 προφήτου

222 2517 465 2587 ἐκείνου,
500 2514 1031 2587 ἐξολοθρευθήσεται
1063 2517 1123 2572 ἐκ
1151 2520 1250 2572 τοῦ
1281 2516 1476 2587 γένους
1506 2510 1731 2585 αὖτῆς.”

348 2604 430 2656 44.
463 2602 574 2657 Καὶ
605 2604 802 2658 τοῦτον
845 2601 905 2656 δὲ
947 2598 1045 2656 τὸν
1085 2596 1404 2673 προφήτην,
1447 2596 1702 2670 δηλονότι
1732 2596 1831 2655 τὸν

222 2683 481 2757 Χριστὸν,
506 2687 558 2752 ἐξ
575 2682 861 2742 Ἰουδαίων
873 2681 1239 2757 προελθόντα,
1262 2683 1488 2741 πάντων
1507 2685 1619 2739 τῶν
1642 2685 1828 2760 ἐθνῶν
1850 2696 1894 2729 30

337 2878 360 2915 5
391 2876 555 2916 Matth.
581 2878 647 2924 28,
675 2879 740 2917 19.
903 2881 954 2917 15
984 2877 1082 2918 Act.
1107 2880 1173 2929 15,
1199 2880 1262 2917 10.
1421 2878 1474 2916 24
1505 2876 1643 2916 Dent.
1670 2876 1736 2926 18,
1764 2875 1829 2914 18.
