1946 3158
507 121 828 167 DEMONST:
849 124 1069 168 EVANG.
1102 125 1186 166 111.
1219 127 1262 166 6.
1598 125 1699 177 189

89 244 179 300 καὶ
224 240 466 308 ἀνοσίοις
512 244 810 315 ἐγχειρῶν,
854 239 1035 298 πάντα
1074 238 1299 312 πράττει
1346 244 1578 314 αἰσχροῦ
1609 245 1698 298 καὶ

89 329 345 399 ῥυπαροῦ
385 328 616 399 κέρδους
661 324 836 399 χάριν.
907 330 956 381 2.
988 324 1063 398 μή
1102 350 1154 383 τι
1192 316 1294 383 οὖν
1336 328 1428 382 καὶ
1458 324 1486 382 5
1519 325 1699 399 σωτὴρ

89 413 180 468 καὶ
222 409 410 485 κύριος
451 407 609 484 ἡμῶν
645 407 878 482 Ἰησοῦς,
918 409 946 467 5
979 408 1214 484 Χριστὸς
1253 414 1351 468 τοῦ
1381 414 1550 482 θεοῦ,
1591 435 1698 468 τοι-

89 498 248 554 οῖσδέ
272 515 418 552 τισιν
449 501 634 568 ἔνοχος
665 487 763 567 ἦν;
803 494 1015 568 πόθεν,
1049 490 1082 568 ἢ
1114 498 1258 568 πῶς,
1291 490 1320 551 5
1352 509 1465 561 τοῖς
1499 496 1699 553 ἑαυτοῦ

47 591 395 653 ομαθηταῖς,
442 576 515 646 ὠς
556 577 691 653 πρὸς
741 578 927 636 αὐτῶν
971 579 1410 654 μεμαρτύρηται,
1466 579 1697 654 εἰρηκώς
1722 603 1743 634 d

79 661 188 737 τεμὴ
231 663 511 737 κτήσησθε
555 663 766 737 χρυσὸν
805 663 935 738 μηδ’
981 663 1229 739 ἄργυρον
1272 671 1350 730 εἰς
1389 662 1484 731 τὰς
1527 662 1699 733 ζώνας

90 746 281 822 ὑμῶν,
325 748 399 822 μὴ
440 747 624 822 πήραν
667 755 743 815 εἰς
774 745 936 821 ὁδὸν,
979 748 1108 822 μηδ’
1146 746 1547 821 ὑποδήματα;”
1581 754 1698 816 πῶς

91 831 144 890 δ’
193 830 263 891 ἂν
310 838 602 891 ἐπείθοντο
647 836 863 905 λέγοντι
908 837 1000 890 καὶ
1034 836 1094 890 ἐν
1133 830 1699 906 ἀπομνημονεύμασιν

89 917 386 991 ἐγγράφοις
416 922 588 974 ταῦτα
618 915 991 991 παραδιδόναι
1030 914 1253 989 ἠξίουν,
1297 924 1349 974 εί
1382 917 1700 1025 χρηματιζό-

26 1026 67 1058 10
88 1026 257 1075 μενον
297 1001 394 1059 τὸν
437 1000 776 1060 διδάσκαλον
817 1000 1008 1075 ἑώρων
1054 1005 1146 1059 καὶ
1176 996 1440 1059 τάναντία
1471 1009 1552 1069 οἱς
1584 1005 1700 1060 ετέ-

89 1111 220 1158 ρους
245 1090 503 1144 ἐδίδασκε
525 1085 807 1159 μετιόντα;
840 1092 888 1144 3.
923 1085 1091 1144 πάλαι
1117 1084 1171 1143 δ’
1198 1084 1268 1143 άν
1292 1085 1699 1159 καταγελάσαν-

88 1194 175 1239 τες
207 1173 380 1229 αὐτοῦ
409 1173 502 1228 καὶ
531 1176 644 1229 τῶν
666 1170 847 1244 λόγων
868 1170 1315 1238 καταπτύσαντες
1339 1169 1700 1245 ἀνεχώρησαν

87 1259 184 1327 τῆς
213 1263 519 1329 μαθητείας
551 1255 794 1329 εἰκότως,
828 1263 880 1314 εἰ
898 1253 1086 1326 αὐτοῖς
1115 1257 1218 1330 μὲν
1237 1259 1463 1313 τοιαῦτα
1485 1260 1700 1329 σεμνῶς

91 1346 502 1413 νομοθετοῦντα
535 1339 757 1414 ἑώρων,
801 1338 974 1398 αὐτὸν
1007 1342 1066 1398 δὲ
1105 1339 1203 1399 τὸν
1233 1343 1546 1414 νομοθέτην
1575 1339 1693 1398 κατ’

18 1447 67 1479 '15
91 1421 296 1481 οὐδένα
325 1423 531 1498 τρόπον
564 1423 834 1498 ἑπόμενον
864 1440 977 1492 τοῖς
1008 1431 1230 1495 οἰκείοις
1261 1424 1459 1498 λόγοις.
1514 1429 1562 1482 4.
1597 1424 1697 1482 πά-

92 1517 180 1566 λιν
210 1505 237 1565 5
280 1510 381 1581 μὲν
421 1507 552 1581 γόης
583 1511 675 1565 καὶ
710 1505 783 1574 ὥς
826 1507 1051 1581 άληθῶς
1092 1508 1299 1577 πλάνος
1328 1524 1444 1575 τοῖς
1473 1506 1698 1581 ἀπειρη·

89 1596 274 1664 μένοις
305 1596 532 1660 καὶτοῖς
574 1590 817 1659 ἀνοσίοις
850 1593 1052 1651 ἑαυτὸν
1094 1597 1422 1651 ἐπιδίδωσιν
1456 1590 1700 1651 άνοσίων
1723 1616 1810 1657 (1245)

91 1680 182 1734 καὶ
212 1676 497 1750 ἀθεμίτων
537 1673 759 1749 ἡδονῶν
799 1680 990 1736 ἕνεκεν
1019 1677 1228 1751 θήρας,
1275 1676 1416 1736 ὥστε
1458 1675 1567 1750 ἤδη
1610 1678 1700 1734 διὰ

88 1762 182 1829 τὰς
211 1767 548 1835 μαγγανείας
579 1761 781 1834 γύναιά
810 1786 934 1820 τινα
965 1761 1330 1834 καταβάλλειν
1360 1764 1451 1819 καὶ
1482 1760 1695 1819 ὑποσύ-

29 1867 70 1901 20
93 1869 212 1919 ρειν
242 1850 310 1921 τῇ
340 1843 513 1904 αὐτοῦ
543 1854 732 1920 κακία·
793 1843 822 1903 5
857 1848 919 1903 δὲ
959 1847 1141 1920 σωτὴρ
1184 1850 1275 1904 καὶ
1315 1846 1504 1921 κύριος
1545 1842 1700 1919 ἡμῶν
1726 1872 1793 1913 1821

91 1927 212 1988 οὐδ’
252 1937 403 1989 ἔστιν
445 1937 623 1989 εἰπεῖν
662 1928 812 1997 ὅπως
842 1929 1215 2005 ἀνέστραπται
1245 1933 1372 2005 περὶ
1404 1930 1700 2004 σωφροσύ-

91 2039 224 2087 νην,
265 2012 428 2073 ὁπότε
459 2014 627 2073 πάλιν
657 2021 715 2072 οἱ
745 2019 994 2089 μαθηταὶ
1032 2020 1374 2090 μαρτυροῦσι
1404 2030 1699 2089 παραινεῖν

89 2099 217 2173 μηδ’
256 2102 549 2174 ἐμβλέπειν
592 2103 816 2172 γυναικὶ
858 2098 977 2174 μετ’
1026 2104 1326 2174 ἐπιθυμίας
1368 2099 1696 2173 ἀκολάστου,

91 2183 348 2257 φήσαντα
372 2180 614 2258 “ε’ρρέθη
643 2200 757 2253 τοῖς
786 2182 1062 2259 ἄρχαίοις,
1103 2182 1170 2243 οὐ
1200 2184 1539 2260 μοιχεύσεις·
1590 2187 1697 2258 ἐγὼ

29 2291 71 2339 25
95 2269 155 2326 δὲ
186 2272 327 2342 λέγω
358 2267 495 2343 ὑμῖν
540 2266 620 2327 ὅτι
663 2273 771 2336 πᾶς
810 2269 838 2327 5
873 2272 1160 2343 ἐμβλέπων
1201 2283 1442 2343 γυναῖκα
1473 2270 1607 2343 πρὸς
1637 2269 1697 2328 τὸ

14 2387 18 2391 -
94 2356 434 2427 ἐπιθυμῆσαι
464 2352 640 2427 αὐτὴν
683 2352 791 2428 ἤδη
825 2357 1146 2428 ἐμοίχευσεν
1178 2353 1354 2428 αὐτὴν
1389 2358 1449 2412 ἐν
1471 2359 1535 2430 τῇ
1568 2380 1696 2426 καρ-

94 2443 186 2512 δίᾳ
218 2434 444 2496 αὖτοῦ.”
507 2443 556 2495 5.
589 2445 687 2496 καί
714 2462 844 2496 ποτε
868 2437 1182 2511 ἀναγκαίως
1214 2443 1303 2497 ἐπὶ
1335 2437 1575 2515 ὠφελείᾳ
1607 2441 1695 2496 καὶ

94 2529 335 2597 σωτηρίᾳ
382 2527 603 2581 πολλῶν
633 2529 997 2597 Σαμαρείτιδι
1036 2526 1260 2595 γυναικὶ
1308 2522 1699 2596 διαλεγόμενον
1723 2548 1743 2577 ι,

94 2603 262 2663 αὐτὸν
293 2610 614 2680 τεθεαμένοι
651 2607 991 2681 ἐθαύμαζον,
1023 2607 1106 2665 ὅτι
1129 2608 1263 2681 μετὰ
1286 2607 1548 2681 γυναικὸς
1581 2606 1698 2664 ἐλά-

31 2711 71 2745 30
95 2698 204 2761 λει,
237 2690 549 2764 παράδοξόν
579 2717 629 2749 τι
659 2697 818 2750 τοῦτο
852 2692 1108 2761 δόξαντες
1138 2691 1295 2764 ὁρᾶν,
1328 2692 1510 2765 ὥσπερ
1542 2690 1698 2749 οὔπω

211 2886 234 2924 6
269 2884 433 2924 Matth.
461 2886 524 2935 10,
552 2886 617 2925 10.
793 2888 846 2926 24
878 2887 1040 2929 Matth.
1066 2889 1105 2938 5,
1130 2887 1196 2928 27.
