1992 3186
214 131 320 184 574
895 129 1144 171 EUSEBII

216 246 315 306 τὸν
344 246 473 304 υἱόν
501 243 646 319 μου”
684 246 952 313 ἐξέδωκεν
981 243 1009 301 ὁ
1033 242 1283 311 Ἀκύλας.
1327 243 1638 318 ἀναγκαίως
1672 247 1731 304 δὲ
1762 245 1821 304 τό

217 332 387 407 ῥητὸν
419 327 935 403 ἐπεσημειωσάμην,
970 331 1194 403 ἐπείπερ
1226 331 1318 386 καὶ
1347 326 1375 387 ὁ
1406 339 1705 398 Ματθαῖος
1734 334 1820 389 τέ-

215 426 399 474 θειται
439 414 542 486 τὴν
582 419 953 487 προφητείαν,
1000 409 1240 485 ὁπηνίκα
1272 419 1348 480 εἰς
1381 422 1668 487 Αἴγυπτον
1700 421 1824 473 δια-

216 501 552 572 κομισθῆναι
582 497 681 555 τὸν
705 495 921 571 Ἰησοῦν
944 495 1211 555 κάκεῖθεν
1236 501 1570 557 ἐπανελθεῖν
1602 503 1690 557 ἐπὶ
1721 499 1825 573 τὴν

215 589 321 655 γῆν
349 586 450 640 τοῦ
471 580 691 656 Ἰσραὴλ
724 581 940 655 ἐδήλου.
1009 589 1060 638 εἰ
1086 583 1147 638 δὲ
1172 581 1527 657 ἐπιμέμφοιτό
1544 607 1623 650 τις
1645 588 1712 658 τῇ
1745 590 1823 651 εἰς
1844 607 1865 640 5

215 675 505 740 Αἴγυπτον
533 664 880 741 ἀναχωρήσει
910 671 1008 724 τοῦ
1040 671 1286 740 σωτῆρος
1316 664 1492 741 ἡμῶν,
1526 677 1657 724 ἵστω
1688 668 1826 725 κατὰ

168 778 190 811 d
214 750 380 823 λόγον
423 750 600 824 αὐτὴν
643 753 945 824 γεγονέναι.
1035 756 1082 808 3.
1127 749 1253 809 οὔτε
1297 750 1402 827 γὰρ
1445 754 1686 826 ἐπισχεῖν
1729 749 1828 810 τόν

203 834 462 909 Ἡρώδην
505 840 602 908 τῆς
657 834 1127 911 αύτοπροαιρέτου
1179 842 1372 903 κακίας
1423 840 1706 910 προσῆκον
1755 828 1829 910 ἦν

212 918 326 978 οὔτ’
364 913 435 977 αὖ
467 923 673 995 βρέφος
714 919 788 978 ἔτ’
827 919 963 978 ὄντα
993 919 1088 978 τὸν
1118 926 1339 995 σωτῆρα
1376 925 1490 979 τῶν
1517 920 1826 994 θαυμάτων

212 1002 566 1080 ἀπάρξασθαι
597 1008 690 1062 καὶ
719 1004 824 1080 πρὸ
856 1007 1054 1078 καιροῦ
1081 1005 1183 1079 τὴν
1206 1012 1373 1064 θείαν
1397 1009 1824 1064 ἐπιδείκνυσθαι
1847 1028 1887 1060 10

216 1088 484 1163 δύναμιν,
528 1088 664 1164 ὅπερ
709 1086 780 1147 ἀν
826 1089 1106 1164 ἐπράχθη,
1156 1097 1207 1147 εἰ
1244 1089 1567 1164 παραδόξως
1600 1093 1827 1164 ἐπιβου-

213 1173 450 1232 λεύοντα
479 1173 632 1231 αὐτω
659 1172 757 1231 τὸν
780 1170 1037 1249 Ηρώδην
1066 1177 1370 1248 μετῆλθεν,
1402 1179 1667 1248 μηδαμῶς
1689 1197 1824 1232 υπο-

213 1263 405 1332 μείνας
446 1284 549 1332 την
591 1265 668 1325 εἰς
700 1269 990 1331 Αἴγυπτον
1021 1256 1131 1332 ἅμα
1176 1272 1290 1325 τοῖς
1320 1263 1582 1332 γονεῦσιν
1612 1259 1823 1333 ἀναχω-

214 1361 391 1415 ρησιν.
453 1348 500 1400 4.
536 1341 673 1400 ἀλλά
704 1368 810 1417 γαρ
841 1345 911 1415 ὴν
934 1346 1029 1415 τῆς
1053 1349 1363 1418 κρείττονος
1389 1350 1704 1417 οἰκονομίας
1737 1347 1825 1400 ἐπὶ

213 1431 408 1502 καιροῦ
431 1429 530 1485 τοῦ
551 1425 928 1500 προσήκοντος
943 1431 1057 1485 τῶν
1078 1431 1174 1500 τῆς
1198 1427 1458 1502 θεότητος
1471 1425 1824 1503 ἀπάρξασθαι
1848 1450 1888 1482 15

211 1510 521 1585 θαυμάτων
563 1537 604 1568 ω
645 1537 709 1584 γε
752 1511 844 1569 δια
886 1510 1090 1579 παντὸς
1129 1516 1228 1569 τοῦ
1271 1519 1401 1585 βίου
1431 1513 1491 1570 τὸ
1523 1516 1702 1586 πρᾶον
1734 1515 1825 1570 καὶ

210 1595 540 1664 ἀνεξίκακον
579 1595 1017 1672 μεμαρτύρηται,
1057 1603 1333 1675 προχείρω
1363 1622 1466 1671 μεν
1497 1603 1574 1664 εἰς
1604 1595 1700 1665 τάς
1732 1622 1827 1655 ευ-

213 1689 395 1748 ποιίας
427 1687 519 1738 καὶ
548 1681 642 1749 τὰς
673 1679 860 1747 κοινάς
900 1680 1217 1756 εὐεργεσίας
1261 1684 1571 1759 γενομένῳ,
1612 1685 1825 1755 μηδένα

215 1767 276 1822 δὲ
305 1769 417 1823 τῶν
446 1766 520 1839 μὴ
551 1763 871 1824 ἀκουόντων
890 1762 1238 1843 ἀμυνομένῳ,
1269 1765 1401 1840 μηδ’
1436 1764 1527 1823 ὅτε
1549 1763 1662 1832 “ὦς
1693 1765 1823 1838 πρό-

213 1856 384 1920 βατον
416 1853 504 1908 ἐπὶ
537 1850 762 1924 σφαγὴν
791 1848 955 1923 ἤγετο
997 1852 1090 1907 καὶ
1131 1847 1204 1917 ὧς
1243 1847 1414 1923 ἀμνὸς
1441 1853 1694 1907 ἐναντίον
1724 1855 1821 1907 τοῦ
1845 1874 1886 1906 20

99 1962 187 2002 (427)
213 1941 493 2009 κείροντος
525 1931 794 2009 ἅφωνος.”
841 1938 888 1991 5.
924 1938 1038 2000 πῶς
1062 1926 1166 1990 οὖν
1190 1933 1333 1999 εἰκὸς
1358 1926 1427 2005 ἧν
1456 1932 1552 1990 τὸν
1575 1938 1825 1992 τοιοῦτον

215 2023 335 2076 δεῖν
367 2023 427 2076 ἐν
457 2025 663 2094 παιδίῳ
694 2018 768 2090 μὴ
813 2017 935 2090 οὐχὶ
965 2016 1321 2090 ὑποχωρῆσαι
1350 2020 1419 2092 τῇ
1445 2021 1546 2075 τοῦ
1567 2016 1823 2092 Ἡρώδου

212 2108 407 2177 κακία,
441 2094 486 2178 ᾦ
516 2104 607 2158 καὶ
641 2105 699 2158 ἐν
729 2100 895 2173 ἀνδρὶ
925 2100 985 2157 τὸ
1017 2097 1332 2176 ἀναχωρεῖν
1374 2104 1467 2158 καὶ
1497 2101 1624 2169 τούς
1655 2125 1825 2176 πονη-

213 2183 342 2258 ρούς
375 2188 648 2243 ἐκκλίνειν
678 2183 1116 2260 μεμαρτύρηται,
1160 2185 1606 2260 ἐπικρύπτεσθαί
1642 2211 1700 2244 τε
1730 2189 1824 2244 καὶ

211 2268 556 2343 ὑποφεύγειν
605 2269 701 2327 τὸν
745 2272 831 2326 ἐπὶ
872 2283 988 2335 ταῖς
1031 2273 1516 2342 παραδοξοποιίαις
1563 2276 1819 2341 ἔπαινον;
1843 2293 1885 2325 25

212 2353 449 2429 παρῄνει
479 2358 620 2428 γοῦν
649 2368 763 2421 τοῖς
792 2352 888 2411 ὑπ’
927 2351 1100 2412 αὐτοῦ
1123 2357 1592 2428 θεραπευομένοις
1622 2358 1822 2428 μηδενὶ

212 2441 409 2511 λέγειν.
485 2445 531 2497 G.
568 2445 619 2496 εἰ
648 2436 702 2496 δ’
738 2440 827 2496 ἐπὶ
866 2438 963 2496 τὸν
1006 2437 1142 2496 λαὸν
1171 2437 1272 2512 τὴν
1313 2445 1658 2511 προφητείαν
1689 2436 1819 2496 ἀνα·

212 2526 372 2597 φέροι
402 2547 501 2595 τις,
533 2522 766 2596 φάσκων
789 2525 915 2596 περὶ
940 2526 1040 2580 τοῦ
1064 2526 1123 2580 ἐκ
1148 2525 1452 2596 σπέρματος
1482 2527 1580 2580 τοῦ
1605 2522 1819 2596 Ἰσραὴλ.

212 2612 349 2664 λαοῦ
383 2614 669 2681 εἰρῆσθαι,
704 2606 1045 2680 ἐπιστησάτω
1076 2613 1141 2682 τῇ
1171 2611 1270 2664 τοῦ
1300 2606 1467 2679 λόγου
1490 2606 1817 2682 ἀκολουθίᾳ,

210 2695 380 2749 ταῦτα
412 2698 642 2750 ἔσεσθαι
673 2691 897 2767 φησάσῃ
928 2690 1063 2766 μετά
1091 2690 1151 2749 τό
1177 2697 1353 2750 εἰπεῖν
1377 2690 1448 2758 ὡς
1479 2692 1613 2766 πρὸς
1643 2688 1816 2764 αὐτὴν
1839 2711 1880 2743 30

326 2886 377 2924 19
409 2885 486 2925 Es.
510 2886 579 2938 53,
603 2887 639 2925 7.
