1992 3186
268 125 374 178 474
946 124 1193 167 EUSEBH

273 233 353 300 ὦν
392 249 602 315 εἴρηται
633 235 852 313 “ὡ’μοσε
891 237 1079 313 κύριος
1117 240 1195 316 τῷ
1223 241 1414 311 Λαβὶδ
1443 238 1744 314 ἀλήθειαν,
1779 242 1872 298 καὶ

272 325 340 384 οὐ
384 324 458 398 μὴ
499 321 746 398 ἀθετήσῃ
789 319 984 381 αὐτόν·
1047 325 1106 379 ἐκ
1145 326 1361 397 καρποῦ
1397 329 1492 397 τῆς
1531 330 1740 391 κοιλίας
1771 342 1874 382 σου

271 408 517 482 θήσομαι
549 410 638 464 ε’πὶ
667 406 764 464 τὸν
793 404 1005 480 θρόνον
1036 403 1192 464 σου.”

397 497 446 549 6.
480 494 752 564 Σολομῶν
774 504 902 557 παῖς
925 491 1027 564 μἐν
1051 487 1130 548 ὢν
1147 495 1246 547 τοῦ
1259 492 1449 563 Δαβὶδ
1471 492 1563 548 καὶ
1591 495 1687 564 τῆς
1711 499 1875 564 βασι-

270 580 420 642 λείας
446 574 699 649 διάδοχος
730 576 980 648 πέφηνεν
1002 571 1467 648 ὁμολογουμένως.
1511 566 1669 642 οὗτος
1693 576 1754 633 δὲ
1782 578 1874 632 καὶ
1897 599 1917 631 5

218 693 239 715 e
269 658 366 719 τὸν
408 663 470 717 ἐν
490 658 886 734 Ἱεροσολύμοις
930 657 1075 717 νεών
1102 662 1178 736 τῷ
1209 661 1326 735 θεῷ
1358 662 1571 733 πρῶτος
1604 662 1876 732 ἐδείματο,

269 746 363 802 καὶ
392 747 588 802 τοῦτον
619 741 761 809 εἰκὸς
789 741 1186 816 ὑπολήψεσθαι
1214 740 1343 810 τούς
1375 747 1435 799 ἐκ
1458 745 1752 816 περιτομῆς
1782 744 1878 800 τὸν

270 826 760 903 προφητευόμενον
800 826 970 885 εἶναι·
1027 823 1126 893 οὓς
1167 830 1454 900 ἐπιστῆσαι
1492 824 1663 884 καλὸν
1694 833 1746 883 εί
1772 823 1885 884 οἷοί

269 936 328 970 τε
359 913 472 970 εἶεν
501 914 592 969 ἐπὶ
612 914 919 985 Σολομῶνα
935 909 1166 984 ἀνάγειν
1193 910 1292 968 τὸν
1320 910 1566 985 χρησμὸν
1594 909 1878 984 φάσκοντα

263 995 394 1053 “noel
434 995 744 1070 ἀνορθώσω
784 994 882 1053 τὸν
919 994 1133 1070 θρόνον
1173 991 1344 1052 αὐτοῦ
1383 1002 1463 1061 εἰς
1500 992 1597 1052 τὸν
1641 992 1875 1067 αἰῶνα,”
1901 1018 1941 1049 10

269 1083 363 1137 καὶ
387 1073 555 1146 αὐθις
579 1077 711 1153 μεθ’
737 1078 905 1154 ὅρκου
931 1077 1230 1145 διατάσεως
1253 1075 1600 1182 ὀμωμοκέναι
1621 1077 1718 1136 τὸν
1740 1077 1879 1136 θεὸν

271 1168 334 1222 ἐν
361 1167 439 1241 τῷ
468 1163 608 1241 ἁγίω
628 1162 801 1222 αὐτοῦ
838 1160 935 1230 ‘cog
957 1160 1064 1238 ἀρα
1089 1161 1283 1220 ἔσται
1260 1186 1290 1219 ο
1313 1161 1518 1236 θρόνος
1541 1165 1640 1220 τοῦ
1661 1184 1880 1236 προφη-

268 1250 598 1321 τευομένου,
634 1244 705 1314 ὥς
736 1244 764 1304 ὁ
796 1244 976 1320 ήλιος,
1008 1250 1102 1304 καὶ
1131 1251 1192 1303 αἱ
1221 1243 1416 1319 ἡμέραι
1445 1270 1544 1304 του
1574 1245 1855 1320 οὐρανοῦῖ

273 1337 318 1390 7.
354 1338 405 1389 εί
431 1330 535 1406 γάρ
569 1331 638 1404 δή
666 1355 747 1398 τις
777 1356 906 1398 τους
936 1330 1169 1407 χρόνους
1191 1329 1459 1399 ἐξετάσειε
1481 1333 1578 1402 τῆς
1597 1353 1695 1387 του
1674 1334 1879 1388 Σολο-

223 1435 248 1467 d
271 1419 452 1489 μῶνος
498 1422 809 1488 βασιλείας,
871 1414 1279 1490 τεσσαράκοντα
1331 1420 1451 1487 ἔτη,
1510 1413 1577 1471 οὗ
1629 1421 1878 1485 πλείονα,
1902 1436 1942 1468 15

272 1498 518 1573 εὑρήσει·
579 1505 630 1556 εἰ
680 1500 743 1557 δὲ
794 1502 886 1557 καὶ
935 1505 1048 1556 τῶν
1090 1497 1366 1572 διαδόχων
1419 1494 1590 1556 αὐτοῦ
1634 1497 1879 1569 συνάξοι,

267 1580 395 1640 οὐδ’
424 1580 515 1656 ἐφ’
541 1581 687 1649 ὅλοις
712 1590 1091 1649 πεντακοσίοις
1115 1589 1295 1640 ἔτεσιν
1326 1580 1477 1656 εὕροι
1501 1579 1571 1639 ἂν
1594 1581 1722 1647 τοὺς
1744 1581 1881 1639 πάν-

268 1691 364 1734 τας
407 1668 846 1740 διαγενομένους.
923 1673 970 1725 8.
1015 1664 1154 1724 ἀλλά
1193 1673 1331 1724 ἔστω
1374 1666 1501 1731 τούς
1540 1663 1743 1732 αὐτούς
1787 1667 1879 1722 καὶ

269 1752 427 1825 μέχρι
481 1753 576 1823 τῆς
625 1750 863 1824 ὑστάτης
920 1747 1025 1808 ὑπὸ
1072 1750 1355 1824 Ῥωμαίων
1414 1755 1732 1854 πολιορκίας
1781 1751 1882 1806 τοῦ

265 1832 551 1893 Ἰουδαίων
582 1841 784 1902 ἔθνους
816 1838 1105 1909 διαρκέσαι
1136 1840 1485 1907 νομίζεσθαι·
1534 1838 1594 1888 τί
1618 1833 1719 1888 οὐν
1749 1836 1879 1889 τοῦ-
1902 1857 1943 1888 20

266 1942 330 1975 το
361 1918 497 1993 πρὸς
527 1918 630 1990 τὴν
659 1925 1006 1993 προφητείαν
1027 1914 1145 1983 “scs
1173 1917 1271 1974 τὸν
1302 1921 1507 1987 αἰῶνα,
1548 1917 1641 1972 καὶ
1676 1939 1750 1983 ως
1782 1914 1880 1973 τὸν

266 2000 446 2074 ἥλιον,
478 2004 572 2058 καὶ
605 1998 677 2067 ὥς
707 2000 802 2068 τὰς
832 1997 1036 2074 ἡμέρας
1065 2005 1163 2058 τοῦ
1193 1997 1436 2074 οὐρανοῦ
1471 2005 1755 2073 διαμενεῖν
1782 1998 1880 2057 τὸν

269 2082 483 2157 θρόνον
521 2081 729 2142 αὐτοῦ”
770 2090 1175 2154 θεσπίζουσανς
1228 2083 1288 2140 τὸ
1343 2085 1402 2141 δὲ·
1437 2080 1567 2140 “καὶ
1620 2082 1725 2156 ἐγώ
1759 2089 1882 2141 ἔσο-

270 2192 367 2240 μαι
384 2167 533 2244 αὐτῷ
559 2174 635 2234 είς
659 2170 867 2242 πατέρα
891 2170 983 2224 καὶ
1008 2166 1174 2234 αὐτὸς
1193 2175 1346 2225 ἔσται
1369 2191 1459 2240 μοι
1481 2173 1557 2234 εἰς
1583 2164 1745 2224 υίόν”
1764 2170 1880 2234 πῶς

267 2247 340 2308 ἀν
379 2255 455 2327 τῷ
498 2258 789 2324 Σολομωνι
827 2247 1145 2352 ἀρμόσειεν,
1187 2250 1276 2308 ὅτε
1319 2249 1626 2325 διαρρήδην
1666 2249 1699 2322 ἡ
1743 2249 1879 2307 κατὰ
1902 2273 1943 2304 25

268 2334 442 2392 αὐτὸν
475 2340 687 2408 ἱστορία
708 2332 968 2438 ἀλλότρια
991 2337 1082 2392 καὶ
1106 2332 1464 2411 ἀπωκισμένα
1493 2339 1588 2407 τῆς
1618 2336 1716 2391 τοῦ
1739 2338 1879 2391 θεοῦ

270 2417 633 2491 εἰσποιήσεως
672 2422 800 2494 περὶ
839 2418 1015 2476 αὐτοῦ
1055 2417 1335 2489 διδάσκεις
1388 2423 1436 2475 9.
1471 2416 1639 2474 ἄκουε
1681 2415 1733 2474 δ’
1777 2411 1880 2474 οὖν

270 2509 396 2560 οιάν
425 2509 762 2578 κατηγορίαν
792 2502 966 2561 αὐτου
995 2504 1305 2575 καταλέγει
1349 2500 1481 2558 “mxl
1511 2504 1781 2575 Σολομῶν
1810 2494 1880 2573 ἦν

269 2585 660 2660 φιλογύναιος,
701 2590 794 2645 καὶ
833 2594 996 2660 ἔλαβε
1025 2600 1293 2660 γυναῖκας
1334 2585 1623 2660 ἀλλοτρίας
1653 2584 1878 2656 πολλὰς,

272 2672 362 2726 καὶ
383 2669 485 2742 τὴν
504 2674 788 2746 θυγατέρα
808 2669 1032 2747 Φαραώ,
1058 2675 1442 2743 Μωαβίτιδας,
1471 2666 1876 2742 Ἀμμανίτιδας,
1899 2689 1942 2720 30

387 2864 408 2901 1
440 2863 514 2905 Ps.
542 2865 635 2912 131,
660 2865 723 2904 11.
898 2866 951 2905 28
982 2867 1020 2907 3.
1042 2864 1158 2917 Reg.
1183 2865 1248 2916 11,
1275 2864 1311 2905 1.
