1992 3186
591 135 901 178 DEMONST.
924 135 1143 178 EVANGr.
1175 137 1253 177 IV.
1288 138 1353 178 16.
1664 136 1768 188 269

537 319 666 380 Ἀπὸ
697 326 809 379 τῶν
834 318 1095 396 Ἱερεμίου
1124 320 1370 395 θρήνων.
1789 360 1842 398 (19

161 428 365 483 Χριστὸς
405 424 644 499 ὀνομαστὶ
670 424 760 472 ὑπὸ
798 423 1044 472 Ἰουδαίων
1085 424 1509 496 ἐπιβουλευόμενος
1548 429 1630 472 καὶ
1667 435 1768 480 τοῖς

628 483 821 528 ἔθνεσιν
845 481 1286 541 ἐπιγινωσκόμενος.

279 585 551 662 “Πνεῦμα
591 587 890 662 προσώπου
922 586 1079 661 ἡμῶν
1111 587 1343 660 Χριστὸς
1383 586 1569 662 κύριος
1602 608 1770 646 συνε-

117 697 139 729 5
161 671 353 746 λήφθη
396 677 456 730 ἐν
501 688 619 739 ταῖς
662 678 996 744 διαφθοραῖς
1038 670 1224 729 αὐτῶν
1254 664 1323 728 οῦ
1355 682 1580 745 εἴπομεν
1613 677 1672 730 ἐν
1702 680 1768 747 τῇ

162 761 288 833 σκιᾷ
322 756 522 829 αὐτοῦ,
556 755 832 829 ζησόμεθα
865 759 924 814 ἐν
953 771 1066 822 τοῖς
1099 762 1342 813 ἔθνεσιν.
1355 754 1381 775 ”

286 846 370 897 37.
409 846 483 898 Oc
518 844 807 898 θεσπέσιοι
843 843 943 898 τοῦ
985 843 1124 897 θεοῦ
1164 845 1441 912 προφῆται
1482 838 1540 896 τὸ
1571 842 1771 913 μέλλον

158 932 299 1001 θείῳ
353 924 625 998 πνεύματι
675 927 1021 998 συνορῶντες
1075 922 1336 995 ζήσεσθαι
1382 926 1484 997 μὲν
1539 924 1770 992 ἑαυτούς

159 1011 251 1065 καὶ
281 1007 407 1076 τοῦς
440 1011 654 1066 ἑαυτῶν
684 1007 880 1080 λόγους
913 1004 985 1074 ῶς
1016 1002 1085 1064 ἄν
1117 1005 1335 1075 ζεόντων
1361 1007 1679 1082 ἐνεργήσειν
1711 1013 1772 1066 ἐν

98 1119 139 1150 10
160 1108 272 1160 τοῖς
304 1100 560 1165 ἔθνεσιν,
593 1090 718 1149 ἀλλ’
755 1091 859 1149 οὐκ
884 1097 944 1149 έν
966 1095 1043 1167 τῷ
1062 1088 1294 1165 Ισραὴλ,
1331 1095 1632 1192 ἐθέσπιζον.
1676 1092 1772 1150 τὸν
1796 1117 1818 1148 b

161 1175 399 1251 Χριστὸν
429 1176 597 1234 παλιν
626 1175 917 1250 ὀνομαστὶ,
951 1175 1024 1241 ὡς
1056 1171 1126 1232 ἂν
1156 1174 1327 1232 αὐτὸν
1357 1174 1490 1233 ὄντα
1521 1174 1616 1233 τὸν
1639 1186 1769 1251 Χρι-
1796 1199 1882 1241 [121]

161 1259 290 1318 στὸν
321 1260 449 1334 παρ’
495 1253 565 1317 οῦ
604 1263 695 1317 καὶ
735 1259 795 1317 τὸ
835 1259 1180 1334 προφητικὸν
1212 1259 1397 1326 αὐτοῖς
1437 1261 1771 1334 κεχορήγητο

162 1348 408 1417 πνεῦμα,
451 1343 956 1417 συλληφθήσεσθαι
1003 1352 1248 1418 ἔφασκον
1293 1347 1351 1401 ἐν
1383 1358 1501 1412 ταῖς
1535 1351 1771 1418 διαφθο-

163 1441 284 1499 ραῖς
315 1426 513 1485 αὐτῶν.
584 1432 668 1485 38.
702 1435 899 1497 τίνων;
940 1423 975 1500 ἢ
1009 1426 1228 1500 δῆλον
1208 1427 1290 1485 ότι
1320 1432 1430 1486 τῶν
1463 1433 1521 1486 ἐκ
1553 1452 1771 1529 περιτο-

99 1536 140 1568 15
163 1515 266 1583 μῆς
299 1510 775 1583 ἐπιβουλευόντων
807 1508 982 1587 αῦτῶ;
1023 1511 1176 1585 τήρει
1211 1513 1272 1568 δε
1302 1509 1593 1570 κάνταῦθα
1623 1510 1772 1579 ὅπως

162 1595 190 1652 ὁ
223 1595 382 1668 λόγος
420 1596 516 1652 τὸν
556 1594 795 1696 Χριστὸν
835 1594 1199 1668 προαγορεύει
1241 1586 1769 1670 συλληφθήσεσθαι,

161 1678 297 1751 όπερ
328 1677 431 1736 οὐκ
462 1675 532 1737 ἂν
564 1679 871 1753 ἐφαρμόσαι
902 1683 971 1753 τῇ
1003 1680 1232 1754 δευτέρα
1262 1682 1361 1736 τοῦ
1392 1685 1631 1753 Χριστοῦ
1664 1703 1773 1737 πα-

162 1769 387 1838 ρουσία,
426 1787 498 1835 ην
539 1768 767 1831 ἔνδοξον
808 1770 1037 1820 ε’σεσθαι
1077 1788 1170 1819 και
1200 1787 1334 1835 μετα
1366 1770 1648 1834 βασιλείας
1682 1768 1773 1821 ε’ν-

161 1849 300 1904 θέου
342 1847 818 1921 προκηρύττουσιν
861 1853 918 1904 οί
958 1850 1289 1920 προφητικοὶ
1340 1846 1505 1919 λόγοι.
1580 1847 1771 1924 διόπερ

99 1955 142 1987 20
165 1931 307 1998 εἰκὸς
337 1929 465 1997 τοῦς
497 1936 556 1988 ἐκ
597 1935 893 2005 περιτομῆς
924 1929 1386 2003 ἀποσφάλλεσθαι
1425 1930 1490 1988 τοὶ
1522 1935 1647 2005 περὶ
1678 1935 1773 2004 τῆς

165 2019 424 2089 δευτέρας
465 2018 786 2089 ἐπιφανείας
829 2015 1003 2073 αὐτοῦ
1043 2015 1116 2082 ῶς
1159 2017 1246 2071 ἐπὶ
1290 2013 1507 2088 πρῶτης
1537 2013 1774 2089 ἀφίξεως
1805 2050 1821 2070 0

163 2098 634 2172 ἐκλαμβάνοντας,
688 2097 944 2172 οὐδαμῶς
994 2104 1153 2157 τοῦτο
1206 2103 1626 2173 συγχωροῦντος
1677 2103 1776 2157 τοῦ

162 2182 354 2255 λόγου·
387 2188 469 2240 39.
491 2186 609 2240 ἐπεὶ
627 2183 700 2256 μὴ
725 2181 845 2241 οἷόν
869 2186 931 2241 τέ
953 2187 1100 2241 ἐστιν
1119 2180 1264 2256 ὁμοῦ
1286 2186 1376 2240 καὶ
1397 2184 1533 2240 κατὰ
1557 2183 1616 2241 τὸ
1641 2181 1774 2240 αῦτό

163 2271 390 2335 ἔνδοξον
420 2265 590 2324 αὐτὸν
620 2271 710 2324 καὶ
742 2266 942 2336 ἄδοξον
972 2265 1377 2339 ὑποτίθεσθαι,
1419 2270 1508 2324 καὶ
1552 2274 1773 2341 ἔντιμον

99 2372 141 2404 25
163 2353 254 2408 καὶ
286 2355 541 2423 βασιλέα,
584 2355 672 2408 καὶ
720 2353 888 2409 πάλιν
919 2350 1020 2409 οῦκ
1062 2359 1254 2424 ἔχοντα
1298 2352 1443 2419 εἶδος
1474 2351 1606 2408 οὐδὲ
1639 2351 1772 2407 καλ-

163 2443 284 2507 λος,
326 2434 445 2492 ἀλλ’
491 2434 685 2508 ἄτιμον
724 2435 873 2508 παρὰ
914 2434 1040 2503 τοῦς
1071 2434 1228 2501 υίοῦς
1269 2438 1383 2492 τῶν
1422 2433 1768 2506 ἀνθρώπων

165 2520 256 2574 καὶ
301 2512 465 2585 αῦθις
510 2526 732 2592 σωτῆρα
778 2522 868 2577 καὶ
915 2518 1200 2592 λυτρωτὴν
1245 2525 1342 2575 τοῦ
1387 2515 1630 2591 Ἰσραὴλ,
1679 2520 1771 2574 καὶ

165 2599 331 2658 πάλιν
362 2603 860 2676 ἐπιβουλευόμενον
901 2602 1035 2676 πρὸς
1066 2602 1279 2674 αὐτῶν,
1324 2604 1415 2659 καὶ
1458 2600 1529 2666 ὡς
1561 2600 1774 2674 πρόβα-

165 2708 261 2740 τον
293 2687 379 2740 ἐπὶ
411 2686 632 2758 σφαγὴν
662 2686 937 2761 ἀγόμενον
967 2685 1075 2744 ἀπό
1098 2710 1156 2743 τε
1179 2691 1292 2743 τῶν
1316 2685 1561 2758 ἀνομιῶν
1585 2684 1770 2743 αὐτῶν

277 2878 303 2915 4
332 2877 426 2915 Jer.
452 2878 579 2917 Lam.
603 2880 643 2928 4,
667 2881 734 2918 20.
