1992 3186
554 141 860 182 DEMONST.
889 140 1111 184 EVANG.
1129 141 1184 182 v.
1213 141 1396 183 24-—26.
1651 136 1755 189 345

646 282 778 342 Ἀπὸ
808 287 906 342 τοῦ
937 291 1233 358 Ζαχαρίου.

147 394 220 443 ,Ως
241 389 265 435 ὁ
287 387 405 441 θεὸς
426 389 562 447 λόγος
583 386 745 446 κύριος
767 387 830 434 ὢν
851 388 967 446 πρὸς
988 392 1070 434 τοῦ
1088 391 1301 446 μείζονος
1317 386 1621 434 ἀπεστάλθαι
1644 384 1753 444 ὁμο-

786 450 923 502 λογεῖ
935 449 1118 502 κυρίου.

281 549 425 598 XXV.
465 533 495 554 “
511 536 656 594 Τάδε
699 539 844 609 λέγει
884 534 1073 608 κύριος
1104 534 1528 610 παντοκράτωρ,
1574 534 1752 592 ὀπίσω
1784 564 1801 586 c

102 620 308 694 εδόξης
359 620 669 678 ἀπέσταλκέ
715 645 782 694 με
835 623 924 677 ἐπὶ
974 618 1041 676 τὰ
1082 626 1221 692 ἔθνη
1260 618 1326 677 τά
1370 619 1753 677 σκυλεύσαντα

143 705 302 779 ὑμᾶς.
311 703 341 725 ”
408 703 507 763 εἶτ’
549 707 796 778 ἐπιφέρει
836 702 970 777 μετὰ
1010 707 1214 778 βραχέα
1245 706 1423 776 λέγων
1448 700 1575 760 “uoci
1608 702 1754 775 γνώ-

135 801 315 848 σεσθε
355 787 438 846 ὅτι
479 787 669 861 κύριος
708 787 1101 861 παντοκράτωρ
1153 785 1463 845 άπέσταλκέ
1508 784 1631 861 με.”
1706 792 1756 843 εἰ

144 876 236 930 καὶ
275 872 304 930 ὁ
347 870 701 930 ἀποστέλλων
740 871 927 946 κύριός
970 875 1083 929 ε’στι
1124 870 1547 946 παντοκράτωρ,
1590 873 1680 928 καὶ
1723 866 1751 927 ὁ

142 956 490 1014 ἀπεστάλθαι
521 958 699 1029 λέγων
730 953 1019 1027 ὡσαύτως,
1053 955 1154 1013 δύο
1196 954 1317 1030 ἄρα.
1390 960 1581 1028 σαφῶς
1623 957 1684 1013 δὲ
1724 950 1752 1011 ὁ

79 1065 119 1096 10
143 1038 550 1114 ἀπεσταλμένος
569 1039 756 1115 κύριος
775 1039 1168 1112 παντοκράτωρ
1196 1042 1283 1097 ἐπὶ
1302 1040 1366 1096 τὰ
1386 1046 1545 1112 ἔθνη,
1559 1042 1751 1112 φησὶν,

143 1124 454 1182 ἄπέσταλκέ
478 1149 562 1198 με.

271 1220 438 1269 XXVI.
480 1204 743 1281 “Te'psstov
794 1210 883 1265 καὶ
938 1206 1246 1281 εὐφραίνου
1285 1206 1531 1280 θύγατερ
1576 1205 1750 1278 Σιών,
1777 1224 1799 1255 d

147 1291 286 1350 διότι
336 1292 460 1350 ἰδού
503 1292 610 1364 ἐγὼ
653 1299 876 1366 ἔρχομαι
915 1295 1008 1349 καὶ
1047 1291 1456 1364 κατασκηνώσω
1499 1296 1558 1348 ἐν
1605 1295 1753 1368 μέσῳ

145 1396 275 1448 σου,
317 1379 464 1447 λέγει
505 1376 708 1450 κύριος.
781 1378 873 1433 καὶ
915 1375 1354 1449 καταφεύξονται
1396 1383 1537 1447 ἔθνη
1578 1373 1754 1433 πολλοὶ

80 1483 121 1514 15
148 1463 234 1517 ἐπὶ
264 1459 360 1517 τὸν
391 1458 587 1533 κύριον
619 1464 679 1516 ἐν
708 1464 774 1532 τῇ
806 1458 981 1535 ἡμέρα
1008 1463 1210 1534 ἐκείνῃ,
1243 1463 1335 1516 καὶ
1360 1466 1579 1517 ἔσονται
1606 1457 1753 1535 αύτῷ

146 1551 222 1610 εἰς
253 1542 415 1615 λαὸν,
447 1546 539 1600 καὶ
569 1542 977 1615 κατασκηνώσω
1011 1547 1071 1600 έν
1100 1548 1248 1619 μέσῳ
1282 1562 1414 1614 σου,
1448 1546 1539 1600 καὶ
1564 1542 1752 1616 γνώσῃ

143 1627 225 1684 ὅτι
274 1626 464 1701 κύριος
516 1626 909 1699 παντοκράτωρ
965 1629 1330 1694 ἐξαπέσταλκέ
1364 1651 1430 1699 με
1476 1627 1612 1699 πρός
1654 1624 1752 1684 σε”

143 1715 235 1768 καὶ
266 1709 332 1768 τά
366 1714 500 1784 ἑξῆς.
563 1709 644 1777 οἷς
668 1710 797 1783 μεθ’
835 1714 993 1782 ἕτερα
1018 1714 1256 1783 ἐπιλέγει
1278 1707 1407 1767 “noel
1441 1709 1752 1783 κατισχύσω

144 1792 344 1861 αὐτοὺς
377 1799 437 1852 ἐν
467 1801 643 1871 κυρίῳ
673 1798 793 1870 θεῳ
822 1819 1034 1866 αυτων,
1080 1798 1172 1851 καὶ
1205 1799 1264 1851 έν
1293 1799 1369 1871 τῷ
1400 1793 1627 1867 ὀνόματι
1658 1793 1753 1851 αὐ-

81 1900 120 1932 20
145 1883 243 1937 τοῦ
272 1878 672 1952 καυχήσονται,
705 1853 854 1951 λέγει
884 1878 1089 1951 κύριος.
1098 1875 1130 1896 ”

270 1968 318 2020 2.
352 1965 464 2020 Καὶ
493 1967 665 2020 ταῦτα
695 1978 808 2030 τοῖς
839 1966 1123 2035 προτέροις
1154 1960 1340 2035 ὅμοια,
1372 1962 1472 2034 τὴν
1502 1965 1601 2019 τοῦ
1625 1972 1753 2035 Χρι-

146 2051 246 2103 σοῦ
289 2053 375 2113 εἰς
405 2045 741 2121 ἀνθρώπους
783 2054 1125 2119 παρουσίαν,
1177 2049 1270 2103 καὶ
1308 2045 1410 2118 τὴν
1449 2049 1754 2119 γενομένην

143 2155 256 2187 των
281 2133 467 2188 έθνων
491 2130 762 2203 σωτήριον
788 2127 861 2187 δι
898 2130 1070 2187 αὐτοῦ
1102 2134 1299 2203 κλῆσιν
1329 2129 1756 2238 ἀναφῳνουντα.
1779 2145 1867 2185 (252)

146 2214 251 2286 ε’γω
282 2215 384 2287 μεν
415 2216 517 2272 οὐν
564 2215 726 2281 αὐτὸς
766 2211 794 2271 ὁ
826 2213 1013 2288 κύριος
1044 2214 1183 2288 ἥξω,
1227 2216 1430 2287 φησὶν,
1478 2217 1565 2270 ε’πὶ
1599 2215 1659 2271 δε
1688 2218 1756 2288 τῇ

81 2317 121 2347 25
147 2301 247 2372 ἐμῇ
279 2306 559 2374 παρουσία
590 2295 788 2356 οὐκέθ’
822 2295 850 2355 ὁ
883 2299 1052 2356 πάλαι
1077 2296 1319 2371 Ἰσραὴλ,
1361 2295 1487 2354 ἀλλ’
1527 2295 1704 2355 οὐδε
1691 2304 1755 2355 ἐν

144 2381 317 2454 μόνον
348 2385 436 2439 ἐπὶ
477 2387 575 2455 γῆς
608 2389 801 2453 ἔθνος,
845 2389 986 2454 ἔθνη
1021 2384 1082 2439 δε
1112 2382 1288 2439 πολλα
1319 2381 1755 2453 καταφεύξονται

148 2468 235 2521 ἐπὶ
265 2464 362 2523 τὸν
392 2473 676 2538 κρείττονα
707 2469 799 2523 καὶ
829 2469 1002 2540 μέγαν
1026 2465 1249 2539 κύριον,
1280 2464 1378 2522 τὸν
1403 2470 1535 2537 ἐμοῦ
1564 2487 1623 2520 τε
1654 2461 1755 2520 αὐ-

146 2571 243 2603 του
273 2551 363 2604 καὶ
387 2573 498 2606 των
521 2548 668 2608 ὅλων
689 2548 846 2623 θεὸν,
880 2550 967 2622 ἐφ’
1003 2548 1067 2606 ὃν
1089 2550 1154 2606 τὰ
1179 2547 1597 2620 καταφεύγοντα
1614 2553 1753 2619 ἔθνη

147 2631 413 2702 τοσαύτης
443 2633 687 2701 τεύξεται
719 2632 1057 2707 εὐεργεσίας,
1092 2657 1164 2699 ως
1189 2635 1279 2688 καὶ
1304 2639 1632 2704 χρηματίσαι
1663 2634 1754 2688 καὶ

84 2744 124 2774 30
149 2717 411 2786 γενέσθαι
442 2716 576 2774 λαὸν
605 2721 776 2791 θεοῦ,
820 2721 1147 2789 κατοικῆσαί
1170 2741 1228 2773 τε
1267 2719 1327 2772 ἐν
1356 2718 1503 2791 μέσῳ
1535 2721 1629 2787 τῆς
1660 2739 1753 2772 κα-

259 2882 286 2918 4
316 2881 454 2923 Zach.
478 2882 518 2932 Ξ,
545 2883 609 2922 10.
