1992 3186
548 128 856 171 DEMONST.
888 127 1107 170 EVANG.
1138 129 1216 172 IV.
1249 129 1288 169 2.
1321 131 1363 169 3.
1651 126 1756 179 213

143 241 455 316 προστάτην
484 245 576 300 καὶ
607 242 916 317 κηδεμόνα,
949 241 1170 317 σωτῆρά
1197 266 1257 299 τε
1287 244 1378 300 καὶ
1412 241 1629 316 ἰατρὸν,
1663 245 1757 300 καὶ

143 325 492 400 κυβερνήτην
530 331 625 400 τῆς
665 332 778 385 τῶν
816 324 962 385 ὅλων
1005 333 1367 401 δημιουργίας
1406 324 1535 395 τούς
1564 336 1756 394 οἴακας

143 414 685 486 περιδεδραμγένον;
726 417 775 468 2.
807 410 946 470 ὅθεν
978 411 1201 479 εἰκότως
1224 417 1283 469 οί
1309 414 1543 486 χρησμοὶ
1564 420 1757 469 θεολο-

143 498 372 568 γοῦντες
412 494 551 553 θεὸν
589 495 860 569 γεννητὸν
898 494 1069 554 αὐτὸν
1099 494 1540 570 ἀποφαίνουσιν,
1585 494 1657 562 ὡς
1687 491 1759 554 ἂν

101 594 121 627 5
143 586 238 652 τῆς
269 578 658 653 ἀνεκφράστου
689 584 780 638 καὶ
806 579 1174 654 ἄπερινοήτου
1203 579 1465 653 θεότητος
1495 579 1666 654 μόνον
1699 582 1759 638 ἐν
1782 610 1800 632 c

146 661 297 740 αὐτῷ
337 667 581 739 φέροντα
621 664 724 738 τὴν
765 664 977 736 εἰκόνα,
1002 664 1113 725 δι’,
1135 663 1202 738 ἢν
1232 668 1325 722 καὶ
1357 665 1496 723 θεὸν
1528 664 1672 722 εἶναί
1700 689 1759 723 τε

147 745 318 806 αὐτὸν
348 751 441 805 καὶ
470 751 731 821 λέγεσθαι
760 753 854 823 τῆς
886 748 1020 820 πρὸς
1051 747 1110 806 τὸ
1141 756 1360 822 πρῶτον
1393 748 1760 822 ἐξομοιώσεως

145 831 334 906 χάριν,
365 832 537 908 ταύτῃ
568 857 627 890 τε
658 827 828 891 αὐτὸν
858 832 1076 906 ἀγαθόν
1107 852 1281 906 φασιν
1310 832 1595 907 ὑπηρέτην
1624 831 1761 909 πρὸς

145 920 246 974 τοῦ
275 916 478 990 πατρὸς
510 919 965 991 ὑποβεβλῆσθαι,
1006 923 1100 975 ἵνα
1133 916 1317 991 ὥσπερ
1351 915 1426 975 δι’
1464 916 1587 986 ἑνὸς
1618 941 1761 976 παν-

84 1017 125 1049 10
148 999 327 1074 σόφου
365 1003 456 1058 καὶ
499 1005 696 1070 ζῶντος
733 1000 980 1077 ὀργάνου
1020 1005 1275 1076 τεχνικοῦ
1314 1026 1373 1059 τε
1413 1005 1504 1060 καὶ
1540 1006 1762 1075 ἐπιστη-

146 1090 378 1160 μονικοῦ
420 1085 654 1153 κανόνος
695 1087 759 1143 τὰ
799 1089 979 1144 πάντα
1021 1085 1172 1164 αὐτῷ
1212 1085 1620 1159 ἀπευθύνοιτο,
1652 1087 1763 1143 σώ-

147 1194 289 1244 ματα
312 1168 452 1244 ὁμοῦ
474 1173 565 1227 καὶ
589 1170 878 1245 ἀσώματα,
905 1171 1122 1245 ἔμψυχά
1141 1196 1199 1229 τε
1223 1173 1314 1228 καὶ
1339 1169 1545 1245 ἄψυχα,
1570 1169 1763 1244 λογικά

149 1253 256 1311 σὺν
286 1251 524 1327 άλόγοις,
557 1255 738 1328 θνητὰ
763 1254 870 1314 σὺν
901 1253 1232 1329 ἀθανάτοις,
1266 1257 1357 1313 καὶ
1391 1266 1446 1314 εἴ
1469 1279 1519 1313 τι
1551 1254 1763 1322 τούτοις

151 1341 338 1411 ἕτερον
378 1342 770 1413 συνυφέστηκέ
803 1364 862 1398 τε
902 1343 995 1398 καὶ
1026 1338 1405 1414 συνύφανται,
1440 1343 1531 1398 καὶ
1563 1338 1635 1408 ὡς
1665 1346 1763 1416 μιᾷ
1790 1358 1812 1391 d

86 1436 127 1469 15
151 1426 264 1480 τῶν
293 1422 439 1481 ὅλων
470 1422 724 1497 δυνάμει,
759 1428 849 1482 ἑνί
866 1449 924 1482 τε
955 1432 1113 1494 ζῶντι
1143 1428 1235 1482 καὶ
1267 1425 1494 1503 ἐμψύχῳ
1525 1423 1676 1502 νόμῳ
1705 1450 1764 1482 τε

150 1509 242 1565 καὶ
290 1505 435 1584 λόγῳ
479 1511 538 1565 ἐν
582 1511 752 1566 πᾶσιν
788 1507 907 1566 ὄντι
946 1511 1037 1566 καὶ
1082 1507 1171 1566 διά
1211 1508 1438 1567 πάντων
1478 1508 1668 1581 ἥκοντι
1698 1509 1764 1566 τόι

151 1591 330 1649 πάντα
361 1591 755 1666 συναρμόζοιτο
795 1590 898 1666 ὑφ’
933 1595 1017 1651 ἑνὶ
1050 1592 1318 1670 πανσόφῳ
1353 1597 1566 1670 δεσμῷ,
1611 1591 1762 1669 αὐτῷ

152 1673 222 1749 δὴ
252 1680 328 1752 τςό
368 1679 468 1733 τοῦ
496 1681 638 1734 θεοῦ
676 1676 822 1755 λόγῳ
866 1702 924 1735 τε
968 1680 1060 1735 καὶ
1100 1676 1280 1755 νόμῳ,
1323 1675 1677 1752 συναγόμενά
1705 1701 1764 1735 τε

152 1762 244 1818 καὶ
276 1758 645 1834 συνδούμενα.

87 1858 129 1890 20
278 1845 361 1903 III.
396 1843 550 1912 Ἑνός
593 1847 654 1903 δὲ
683 1844 839 1912 ὄντος
870 1852 969 1904 τοῦ
999 1844 1204 1920 πατρὸς
1252 1848 1350 1903 ἕνα
1390 1844 1490 1920 χρὴ
1535 1847 1625 1903 καὶ
1666 1843 1763 1904 τὸν
1788 1874 1877 1916 (147)

152 1927 310 2001 υἱὸν,
355 1926 477 1986 ἀλλ’
515 1931 581 1988 οὐ
612 1929 849 1998 πολλοὺς
883 1930 1052 2003 εἶναι,
1094 1933 1186 1988 καὶ
1227 1933 1324 1988 ἕνα
1354 1933 1564 1988 τέλειον
1594 1929 1766 2004 μόνον
1793 1955 1814 1987 b

150 2013 421 2087 γεννητὸν
471 2013 611 2072 θεὸν
644 2018 702 2072 ἐκ
742 2019 912 2088 θεοῦ,
966 2013 1089 2072 ἀλλ’
1138 2013 1204 2072 οὐ
1245 2021 1486 2083 πλείους.
1561 2019 1622 2073 ἐν
1661 2013 1765 2088 γάρ

153 2105 406 2156 πλείοσιν
438 2098 687 2173 ἑτερότης
713 2106 863 2156 ἔσται
887 2102 977 2157 καὶ
1006 2097 1248 2174 διαφορά
1274 2103 1366 2157 καὶ
1389 2103 1488 2158 τοῦ
1518 2106 1767 2173 χείρονος

154 2181 442 2256 εἰσαγωγή.
507 2182 592 2242 διὸ
626 2183 694 2257 δὴ
726 2182 804 2251 εἷς
834 2184 966 2251 θεὸς
999 2184 1121 2252 ἑνὸς
1151 2188 1280 2243 υίοῦ
1309 2191 1524 2242 τελείου
1549 2186 1641 2241 καὶ
1672 2209 1766 2258 μο-

89 2282 131 2316 25
153 2272 447 2341 νογενοῦς,
487 2266 608 2325 ἀλλ’
645 2267 712 2326 οὐ
743 2268 1018 2328 πλειόνων
1048 2272 1202 2328 θεῶν
1232 2266 1359 2327 οὐδ’
1392 2274 1535 2327 υίῶν
1565 2266 1764 2342 πατὴρ,

152 2356 202 2410 2.
239 2355 357 2410 ἐπεὶ
396 2355 488 2410 καὶ
518 2356 645 2427 μιάς
689 2351 858 2427 οὔσης
900 2353 1082 2427 φωτὸς
1120 2352 1313 2421 οὐσίας
1350 2360 1485 2428 μίαν
1531 2355 1623 2410 καὶ
1662 2351 1765 2424 τὴν

157 2437 210 2502 ἐξ,
250 2435 423 2494 αὐτοῦ
474 2441 830 2511 γεννωμένην
869 2444 1087 2496 τελείαν
1126 2435 1302 2510 αὐτὴν
1351 2441 1501 2495 πάσα
1550 2434 1765 2508 ἀνάγκη

157 2526 434 2578 τίθεσθαι.
497 2526 543 2578 3.
575 2529 636 2579 τί
660 2521 765 2596 γὰρ
797 2519 868 2580 ἂν
890 2525 982 2580 καὶ
1005 2521 1138 2580 ἄλλο
1161 2523 1408 2594 γέννημα
1439 2520 1620 2594 φωτὸς
1653 2522 1765 2577 ἐπι·

157 2615 310 2659 νοεῖν
341 2604 598 2677 δυνατὸν,
629 2606 703 2680 μὴ
733 2603 857 2680 οὐχὶ
889 2605 1068 2680 μόνην
1090 2606 1192 2680 τὴν
1218 2609 1270 2674 ἐξ
1297 2604 1470 2663 αὐτοῦ
1490 2603 1555 2662 τὰ
1587 2603 1766 2662 πάντα

95 2699 135 2731 30
157 2692 479 2761 πληροῦσαν
520 2691 609 2746 καὶ
651 2689 1119 2764 καταλάμπουσαν
1158 2687 1383 2760 ἀκτῖνας
1429 2694 1540 2746 πᾶν
1569 2687 1675 2762 γὰρ
1704 2688 1766 2746 τὸ

157 2770 357 2843 ταύτης
389 2768 677 2845 άλλότριον
707 2774 899 2842 σκότος
929 2771 999 2832 ἂν
1043 2783 1127 2847 εἴη
1167 2777 1258 2830 καὶ
1299 2773 1365 2831 οὐ
1396 2778 1530 2848 φῶς.
1593 2771 1765 2846 ταύτῃ

156 2878 239 2912 τοι
270 2858 360 2912 καὶ
391 2860 489 2913 τοῦ
519 2855 744 2915 πάντων
763 2855 1047 2916 άνωτάτου
1069 2855 1291 2932 πατρὸς,
1323 2856 1566 2933 ἀρρήτου
1586 2855 1766 2931 φωτὸς
1790 2891 1808 2914 0
