1946 3158
220 143 325 171 xv11
334 143 350 170 1
842 131 922 169 ΚΕ
930 128 1207 170 ΦΑΛΑΙῼΝ

217 233 610 304 ἀπιστηθήσεται
650 238 739 304 μὲν
777 233 872 289 ὑπὸ
902 233 1180 304 Ἰουδαίων,
1225 245 1326 300 τοῖς
1370 239 1421 291 δὲ
1463 240 1664 291 ἔθνεσιν
1702 242 1838 292 ἔσται

217 309 474 394 σωτήριος
530 306 631 360 Οἷά
656 328 705 359 τε
732 311 947 359 πείσεται
973 305 1027 359 τὸ
1047 305 1300 359 Ἰουδαίων
1327 309 1477 371 ἔθνος
1502 330 1621 375 μετα
1647 307 1738 376 τὴν
1765 313 1836 373 εἰς

218 375 371 431 αὐτὸν
397 377 660 443 ἀπιστί,αν
687 400 810 429 κατα
837 399 891 429 το
917 373 1038 430 αὐτὸ
1063 381 1312 461 δηλοῦται,

290 456 409 508 452,
435 460 505 500 25.
562 443 691 510 529‘
672 469 697 500 ο
715 445 1074 515 τεχθησόμενος
1095 446 1200 510 υίὸς
1218 449 1269 499 ἐκ
1289 453 1375 512 τῆς
1395 451 1837 539 προφητευομένης

220 522 317 572 εἴτε
354 521 614 584 παρθένου
657 522 752 570 εἴτε
790 516 1119 586 προφήτιδος,
1166 515 1284 581 θεὸς
1331 518 1454 585 ὁμοῦ
1493 522 1576 570 καὶ
1623 518 1838 586 μεγαλης

220 595 403 658 βουλης
431 589 684 673 ἅγγελος,
695 589 882 655 ἑτέραις
917 609 966 640 τε
993 586 1288 655 παραδόξοις
1322 591 1620 655 ἐπωνυμίαις
1654 588 1833 658 ἆνηγό-

221 680 411 726 ρευται·
453 662 536 711 καὶ
566 656 631 722 ὡς
659 653 689 723 ἡ
716 660 901 726 γένεσις
936 658 1092 711 αὐτοῦ
1117 657 1277 726 φωτὸς
1314 659 1564 728 εὐσεβείας
1603 664 1836 730 παραιτία

220 739 323 793 τοῖς
351 733 520 783 ἔθνεσι
549 728 919 794 καταστήσεται.

291 807 409 858 459,
438 809 482 852 8.
559 802 689 890 Περὶ
715 805 803 852 τοῦ
830 801 982 852 τόπου
1009 804 1095 865 τῆς
1121 802 1350 868 γενέσεως
1386 804 1474 852 τοῦ
1500 820 1833 870 προκηρυττο-

222 873 369 937 μένου
398 875 546 922 θεοῦ·
586 872 670 922 καὶ
701 892 768 932 ως
796 871 847 921 ε’κ
875 873 1133 953 Βηθλεὲμ,
1161 879 1342 937 χωρίου
1369 875 1455 936 τῆς
1474 874 1838 938 Παλαιστίνης,

223 943 270 1004 ἐξ
295 940 477 1003 αἰῶνός
513 962 584 1002 τις
624 941 985 1026 προϋπαρχων,
1021 935 1295 1028 ήγουμενος
1331 945 1419 993 τοῦ
1451 945 1551 993 τῶν
1584 946 1838 1008 θεοσεβῶν

221 1013 394 1080 γένους
419 1011 786 1076 προελεύσεται,
823 1013 904 1062 καὶ
936 1007 1000 1072 ὡς
1029 1007 1178 1072 αὐτὸς
1204 1008 1231 1062 ὁ
1258 1009 1430 1078 κύριος
1455 1020 1719 1078 ποιμανεῐν
1748 1020 1836 1064 θε-

223 1086 440 1146 σπίζεται
474 1103 588 1144 τους
623 1083 762 1148 μέχρι
790 1086 889 1133 τῶν
916 1083 1154 1148 ε’σχατιῶν
1181 1086 1269 1147 τῆς
1305 1087 1396 1149 γῆς
1422 1085 1489 1145 εἰς
1515 1082 1669 1135 αὐτὸν
1693 1103 1838 1134 πεπι-

223 1151 508 1213 στευκότας.

295 1229 413 1281 467,
439 1234 485 1275 2.
559 1223 847 1292 Πυθομένῳ
884 1227 954 1292 τῷ
982 1222 1146 1289 Λαβὶδ
1180 1229 1321 1285 ποῖος
1354 1222 1440 1286 ἄρ’
1480 1224 1559 1289 εἴη
1586 1220 1612 1275 ὃ
1628 1227 1725 1307 τῆς
1749 1226 1838 1275 τοῦ

224 1294 684 1378 προκηρυττομένου
720 1299 844 1343 θεοῦ
878 1293 1108 1357 γενέσεως
1143 1291 1316 1357 τόπος,
1354 1291 1382 1362 ἡ
1416 1289 1675 1359 Ἐφραθα,
1713 1314 1840 1358 αυτη

226 1365 279 1416 δέ
305 1364 435 1416 ἐστιν
461 1359 491 1429 ἧ
518 1364 773 1446 Βηθλεὲμ,
814 1360 895 1413 δια
921 1366 1009 1414 τοῦ
1035 1367 1179 1415 θείου
1205 1383 1484 1446 πνευματος
1518 1366 1840 1431 φανεροῦται

297 1441 417 1498 473,
444 1445 486 1484 4.
554 1429 675 1484 Ἀπό
703 1437 849 1484 ποίου
875 1434 1050 1516 γένους
1075 1434 1159 1484 καὶ
1185 1429 1286 1486 ἀπὸ
1311 1437 1454 1496 ποίας
1473 1433 1719 1502 Ἑβραίων
1744 1455 1839 1500 φυ-

228 1508 315 1570 λῆς
340 1503 728 1570 προελεύσεσθαι
756 1499 781 1553 ὁ
809 1499 1023 1566 Χριστὸς
1048 1503 1426 1571 προεφήτεύετο.

298 1581 513 1632 477,17.
589 1575 719 1640 Περὶ
745 1574 1041 1639 Σολόμωνος
1079 1575 1159 1626 καὶ
1189 1578 1278 1626 τοῦ
1303 1575 1356 1626 ἐκ
1385 1575 1659 1643 σπέρματος
1686 1568 1839 1626 αὐτοῦ

229 1645 664 1713 προελευσομένου.

302 1722 418 1782 480,
448 1726 490 1767 2.
575 1715 694 1783 Περὶ
716 1714 892 1766 Ιεσσαὶ
920 1716 1004 1766 καὶ
1029 1719 1118 1767 τοῦ
1146 1715 1198 1766 ἐκ
1223 1715 1493 1782 σπέρματος
1518 1713 1676 1766 αυτοῦ
1701 1734 1841 1782 γενη-

233 1787 462 1852 σομένου.

301 1861 420 1912 482,
447 1866 488 1907 2.
558 1848 797 1919 Ἀνατολὴ
832 1856 999 1905 δικαία
1037 1853 1091 1905 ἐκ
1130 1855 1402 1919 σπέρματος
1440 1855 1605 1935 Δαβὶδ
1644 1848 1842 1906 ἆνιστα-

232 1927 382 1992 με’νη,
411 1925 495 1975 καὶ
524 1918 810 2007 ἀνθρώπων
837 1917 862 1975 ὁ
882 1920 1027 1985 αὐτὸς
1048 1920 1282 1990 βασιλευς
1303 1921 1451 1989 καινή
1476 1945 1524 1976 τε
1544 1928 1844 1993 προσηγορία

233 1996 475 2079 τεθησομ’
455 2015 540 2060 ενη
566 2002 665 2055 τοῖς
691 1990 779 2045 ὑπ’
803 1990 937 2064 αὐτῷ
954 1997 1472 2061 βασιλευθησομένοις,
1500 1996 1583 2046 καὶ
1603 1999 1700 2047 τῶν
1727 2015 1844 2063 προ·

233 2068 387 2131 τέρων
411 2086 774 2149 αμαρτηματων
801 2047 951 2126 λύσις.

302 2143 419 2203 486
455 2146 494 2188 7.
563 2132 650 2196 Ως
684 2135 739 2185 ἐκ
781 2138 939 2200 φυλῆς
970 2128 1133 2186 Ιυύδα
1171 2133 1586 2202 γεννηθήσονται,
1624 2136 1708 2186 καὶ
1744 2156 1844 2187 των

233 2208 398 2258 ε’θνῶν
424 2199 745 2272 προσδοκία
725 2226 750 2256 ο
778 2201 988 2289 Χριστὸς
1014 2210 1101 2256 τοῦ
1128 2209 1253 2256 θεοῦ
1279 2206 1718 2288 κατασταθήσεται.

302 2282 518 2333 492,10.
587 2273 673 2337 Ως
707 2269 828 2327 καθ
869 2296 955 2336 ους
989 2278 1200 2361 χρόνους
1237 2272 1291 2327 τὸ
1315 2270 1431 2341 παρ’
1466 2271 1711 2343 Εβραίοις
1739 2276 1842 2327 ε’πι-

232 2351 391 2413 λείψει
413 2350 664 2431 βασίλειον
679 2351 1006 2411 τοτηνικαῦτα
1026 2342 1056 2410 ἦ
1076 2350 1174 2398 τῶν
1195 2346 1390 2397 ἐθνῶν’
1370 2344 1675 2410 επιστήσεται
1694 2363 1844 2409 προσ-

232 2421 401 2482 δοκία,
444 2414 470 2468 ὃ
510 2418 593 2468 καὶ
630 2421 833 2484 γέγονεν
869 2417 948 2468 ἐπὶ
990 2421 1074 2482 τῆς
1108 2419 1196 2468 τοῦ
1229 2420 1448 2482 σωτῆρος
1483 2413 1625 2482 ἡμῶν
1666 2417 1843 2480 ἐπιφα-

234 2492 379 2550 νεί.ας

302 2564 514 2614 513,19.
563 2551 652 2619 Ως
677 2577 797 2622 μετα
825 2555 1005 2624 χρόνον
1025 2558 1144 2608 ετῶν
1171 2554 1434 2623 ἕβδομήκο
1423 2577 1508 2608 ’τα
1535 2556 1840 2641 ἑβδομαδων,

230 2651 260 2679 α
289 2633 472 2695 γίνεται
501 2629 583 2693 ἔτη
609 2626 892 2690 τετρακόσια
929 2627 1249 2692 ἐνενήκοντα,
1287 2630 1376 2678 τοῦ
1397 2631 1620 2692 Χριστοῦ
1645 2622 1844 2717 ἀνθρώ-

231 2719 341 2760 ποις
376 2698 721 2763 ἐπιφανέντος,
769 2700 824 2748 αἱ
863 2718 996 2781 παρα
1031 2693 1289 2759 Ἰουδαίοις
1321 2704 1646 2763 προφητεῖαι,
1692 2700 1773 2748 καὶ
1810 2717 1843 2786 η

232 2766 385 2820 πάλαι
413 2769 747 2831 διαπρέπουσα
773 2768 826 2819 ἐν
850 2762 1018 2829 αυτοῖς
1044 2767 1290 2834 ἱερωσύνη
1317 2767 1730 2832 καταλυθήσεται,
1758 2788 1842 2818 και

229 2833 370 2890 αὐτοὶ
397 2839 488 2905 μὲν
513 2842 858 2904 κατακλυσμοῦ
885 2841 1029 2904 δίκην
1056 2838 1344 2904 ἐπαλλήλοις
1374 2840 1686 2906 πολιορκίαις
1713 2835 1840 2890 ἆλω-
