1946 3158
540 119 843 161 DEMONST.
874 120 1091 162 EVANG.
1115 121 1197 162 111.
1219 121 1259 159 6.
1604 117 1705 170 195

95 243 268 311 μυρία
297 234 487 309 πλήθη
518 231 584 293 οὐ
613 233 787 308 μόνον
817 233 1071 306 ἀνδρῶν,
1112 231 1251 290 ἀλλὰ
1290 235 1381 291 καὶ
1420 240 1705 306 γυναικῶν

96 324 188 379 καὶ
218 326 463 393 παίδων,
506 322 736 376 οἰκετῶν
775 342 835 376 τε
865 321 956 375 καὶ
987 317 1292 391 ἀγροίκων,
1332 323 1599 377 τοσοῦτον
1629 322 1707 396 τῷ

95 409 196 464 τοῦ
234 403 534 470 Πλάτωνος
585 402 659 476 μὴ
712 409 1044 475 πείθεσθαι,
1091 401 1164 468 ὡς
1203 401 1301 460 τὸν
1339 401 1573 476 ποιητὴν
1612 406 1704 460 καὶ

98 488 437 564 δημιουργὸν
465 491 632 546 τοῦδε
661 491 760 544 τοῦ
790 487 994 554 παντὸς
1024 485 1198 561 μόνον
1237 486 1375 545 θεὸν
1413 493 1704 562 γνωρίζειν
1728 511 1749 542 b

53 601 73 631 5
97 577 188 632 καὶ
228 573 401 648 μόνον
445 575 632 645 σέβειν
678 573 768 628 καὶ
811 570 984 645 μόνον
1031 571 1122 628 διὰ
1162 575 1258 628 τοῦ
1292 575 1538 672 Χριστου
1575 582 1703 630 θεο-

87 664 299 732 λογεῖν.
360 655 519 715 ταυτ’
554 657 624 729 ἠν
653 659 753 713 τοῦ
783 659 912 714 νέου
943 659 1034 712 καὶ
1065 659 1263 713 καινοῦ
1292 654 1484 728 γόητος
1514 655 1580 713 τὰ
1610 681 1703 713 κα-

83 768 197 816 τορ
199 741 452 816 θώματα,
499 747 724 798 τοιαῦτα
747 744 849 798 τοῦ
870 742 1227 813 νομιζομένου
1251 739 1466 797 πλάνου
1489 765 1555 796 τα
1578 765 1703 813 γοη-

94 826 360 900 τεύματα,
409 829 498 884 καὶ
530 830 734 883 τοιοίδε
764 830 822 881 οι
845 830 944 882 τοῦ
969 822 1146 896 Ἰησοῦ
1175 826 1452 897 μαθηταὶ,
1492 821 1585 896 ἀφ’
1626 850 1706 883 ων

99 917 189 969 δει
214 910 310 968 τὸν
342 909 679 967 διδάσκαλον
708 905 895 976 ὁποιός
926 933 1004 974 τις
1034 910 1105 981 ἠν
1135 915 1438 981 γνωρίζειν.

33 1023 74 1054 10
221 999 304 1051 26.
351 998 495 1066 Φέρε
538 991 593 1050 δ’
637 999 714 1050 ἐτι
755 995 847 1049 καὶ
877 991 1049 1067 ταύτῃ
1080 991 1176 1050 τὸν
1216 991 1382 1065 λόγον
1414 999 1702 1066 διερευνη-

96 1077 338 1153 σώμεθα
400 1077 569 1151 γόητα
599 1077 708 1152 φῂς
740 1074 938 1149 αὐτὸν,
973 1102 1014 1134 ω
1046 1102 1231 1148 ουτος,
1274 1075 1413 1134 ἄλλα
1444 1080 1535 1134 καὶ
1566 1103 1704 1151 φαρ-

94 1165 267 1236 μακέα
300 1162 486 1220 δεινὸν
516 1164 607 1219 καὶ
638 1159 931 1219 ἀπατεωνα
962 1170 1163 1228 καλεῖς.
1222 1153 1314 1233 αρ’
1349 1154 1452 1218 οὖν
1492 1166 1704 1234 πρῶτος

97 1246 259 1314 αὐτὸς
290 1250 380 1304 καὶ
410 1245 574 1320 μόνος
608 1244 832 1319 εὑρετὴς
877 1249 1110 1319 κατέστη
1151 1250 1249 1304 τοῦ
1295 1244 1638 1319 πράγματος,
1671 1271 1704 1319 η

98 1329 315 1397 πάντως
345 1353 452 1388 που
477 1331 613 1388 κατὰ
635 1329 695 1387 τὸ
726 1330 1041 1388 ἀκόλουθον
1073 1337 1151 1397 εἰς
1175 1329 1543 1397 διδασκάλους
1567 1330 1704 1388 ἀνα-
1736 1365 1752 1386 <2

34 1443 75 1474 15
98 1417 334 1487 πέμπειν
374 1414 475 1488 χρὴ
513 1412 578 1471 τοὶ
610 1424 783 1483 αἰ’τια;
833 1421 882 1471 εἰ
909 1417 1010 1488 μὲν
1040 1414 1143 1487 γαρ
1174 1414 1411 1488 μηδενὸς
1445 1414 1704 1483 διδάξαν-

96 1522 188 1565 τος
218 1495 381 1565 αὐτός
412 1504 623 1573 πρῶτος
654 1499 744 1554 καὶ
775 1497 939 1571 μόνος
971 1495 1197 1573 εὑρετὴς
1236 1502 1430 1571 γέγονε
1459 1503 1554 1571 τῆς
1588 1503 1705 1556 ἐπι-

96 1581 421 1656 χειρήσεως,
454 1583 629 1655 μηδὲν
658 1586 922 1656 μηδαμῶς
953 1581 1082 1654 παρ’
1115 1583 1319 1657 ἑτέρων
1347 1581 1567 1655 μαθών,
1598 1608 1705 1656 μη-

100 1667 160 1723 δὲ
192 1670 252 1723 ἐκ
282 1671 532 1724 παλαιῶν
573 1665 989 1741 έρανισάμενος,
1035 1673 1150 1734 πῶς
1181 1666 1247 1724 οὐ
1293 1673 1452 1733 θείας
1482 1666 1703 1739 φύσεως

94 1753 234 1824 χρῆν
263 1747 557 1823 ὁμολογεῖν
587 1747 788 1822 αὐτὸν,
820 1747 878 1817 ὃς
902 1748 971 1808 ἂν
994 1748 1130 1808 ἄνευ
1162 1756 1376 1822 βίβλων
1400 1754 1491 1808 καὶ
1522 1750 1703 1823 λόγων

33 1861 74 1894 20
97 1837 187 1892 καὶ
220 1834 574 1892 διδασκάλων
605 1834 1002 1903 αὐτοδίδακτος
1032 1838 1124 1892 καὶ
1155 1833 1480 1908 αὐτομαθὴς
1521 1835 1703 1904 τοιού-

95 1943 207 1976 των
237 1918 574 1993 πραγμάτων
605 1915 829 1994 εὖρετὴς
868 1918 1255 1993 ἄναπέφηνεν;
1301 1922 1393 1977 καὶ
1434 1919 1545 1993 μὴν
1575 1918 1702 1978 οὔτε

96 2003 384 2075 βαναύσου
422 2007 614 2077 τέχνης
659 2002 787 2061 οὔτε
831 2007 1052 2077 λογικῆς
1099 2003 1422 2078 ἐπιστήμης,
1468 2001 1606 2061 οὐδέ
1640 2030 1702 2078 γε

95 2091 206 2146 τῶν
239 2086 473 2162 πρώτων
519 2096 808 2162 στοιχείων
851 2087 952 2161 τὴν
991 2088 1241 2161 μάθησιν
1288 2095 1412 2162 δίχα
1452 2094 1701 2162 ποδηγοῦ

95 2175 188 2229 καὶ
231 2171 568 2230 διδασκάλου
607 2171 754 2240 τινὸς
795 2170 1099 2246 ἀναλαβεῖν
1140 2173 1409 2245 δυνατὸν,
1458 2173 1532 2247 μὴ
1576 2171 1699 2246 οὐχὶ
1727 2193 1749 2226 ιι

0 2292 2 2331 ,
33 2281 74 2313 25
94 2256 195 2329 τὴν
223 2257 417 2330 κοινὴν
448 2255 782 2330 ἐκβεβηκότα
813 2256 1005 2330 φύσιν.
1078 2261 1163 2315 27.
1197 2255 1380 2325 οὐδεὶς
1421 2262 1560 2330 γοῦν
1590 2262 1701 2315 τῶν

96 2339 315 2399 πώποτε
345 2337 739 2408 αὐτοδίδακτος
770 2338 904 2415 ἡμῖν
933 2349 1311 2416 γραμματικῆς
1334 2345 1589 2413 παρῆλθε
1621 2349 1700 2399 δι-

99 2424 396 2498 δάσκαλος,
428 2423 566 2483 οὐδέ
589 2449 652 2498 γε
683 2424 864 2501 ῥήτωρ
894 2425 968 2500 μὴ
991 2426 1346 2499 μεμαθηκώς,
1378 2425 1511 2483 οὐδὲ
1534 2422 1700 2482 αὐτο-

98 2509 242 2582 φυὴς
275 2510 485 2584 ἰατρὸς,
527 2509 660 2567 οὐδὲ
690 2513 925 2582 τέκτων,
966 2508 1093 2567 οὐδ’
1140 2513 1326 2583 ἑτέρας
1371 2509 1700 2582 δημιουργὸς

97 2595 318 2666 τέχνης·
375 2601 551 2652 καίτοι
596 2593 761 2668 μικροὶ
806 2597 975 2652 ταῦτα
1015 2597 1107 2651 καὶ
1137 2591 1486 2666 ἀνθρώπεια·
1544 2591 1603 2650 τὸ
1639 2597 1699 2650 δὲ

37 2675 272 2750 δοφάναι
311 2675 407 2734 τὸν
446 2682 540 2751 τῆς
579 2677 899 2750 ἀνθρώπων
940 2676 1223 2750 εὐσεβείας
1261 2677 1506 2750 ἀληθοῦς
1540 2676 1699 2734 διδά-

98 2769 303 2818 σκαλον
341 2769 564 2819 τοιαῦτα
593 2760 1190 2838 τεθαυματουργηκότα
1227 2760 1359 2820 καθ’
1393 2760 1458 2820 ὃν
1495 2761 1693 2835 ἐπεδή-
1720 2789 1787 2831 [⁵³1

99 2869 186 2917 μει
225 2849 300 2922 τῷ
340 2851 444 2922 βίῳ
475 2845 704 2920 χρόνον,
746 2850 834 2904 καὶ
866 2846 1118 2913 τοιαύτας
1151 2846 1495 2921 παραδόξους
1535 2870 1697 2922 τερα-

1260 2956 1271 2965 ’
1300 2941 1402 2991 13*
