1992 3186
563 100 870 142 DEMONST.
900 101 1120 142 EVANG.
1151 102 1206 142 x.
1239 103 1279 143 8.
1628 101 1730 152 681

122 221 340 288 τιῶται,
370 214 462 272 ὅτε
494 214 854 289 ἐσταύρωσαν
883 214 979 274 τὸν
1002 215 1244 289 Ἰησοῦν,
1277 223 1479 288 ε’λαβον
1507 217 1575 274 τὰ
1607 217 1733 291 ἱμά-

121 325 208 357 τια
239 298 431 373 αὐτοῦ,
464 303 556 357 καὶ
588 304 856 373 ἐποίησαν
877 303 1115 374 τέσσαρα
1138 304 1296 375 με’ρη,
1328 299 1540 386 ἑκάστῳ
1570 319 1779 374 στρα-ι,

121 384 286 459 τιῶτῃ
319 387 496 458 μέρος.
557 383 654 442 τὸν
684 391 886 459 χιτῶνα
920 384 1050 458 ‹522st
1031 384 1114 443 ότι
1144 384 1392 460 ἄρραφος
1415 377 1504 458 ἦν,
1538 389 1599 444 ἐκ
1621 390 1734 444 τῶν

121 467 347 527 ἄνωθεν
376 468 622 542 ὑφαντὸς
656 468 728 526 δι’
765 467 926 542 ὅλου,
971 469 1129 528 εἷπον
1158 469 1294 543 πρὸς
1325 467 1626 543 ἀλλήλους,
1657 469 1732 544 μὴ

56 578 77 609 5
122 561 400 627 σχίσωμεν
437 551 638 626 αὐτὸν,
701 551 840 610 ἄλλα
891 553 1146 627 λάχωμεν
1194 558 1320 627 περὶ
1363 553 1537 612 αὐτοῦ
1583 561 1732 622 τίνος

122 646 300 711 ἐσται,
342 643 435 695 ἵνα
475 643 749 712 πληρωθῇ
790 635 822 711 ἡ
867 639 1054 713 γραφὴ
1095 638 1130 711 ἡ
1173 641 1443 748 λέγουσα,
1488 645 1734 713 διεμερί-

120 742 286 781 σαντο
317 723 383 780 τὰ
416 721 640 796 ἱμάτιά
634 747 739 780 μου
771 725 1016 795 ἑαυτοῖς,
1060 725 1152 780 καὶ
1183 726 1273 780 ἐπὶ
1312 722 1409 781 τὸν
1442 723 1734 798 ἱματισμόν

120 833 227 880 μου
267 814 471 879 ἔβαλον
513 807 770 879 κλῆρον.”
846 813 904 865 οἱ
928 809 1030 881 μὲν
1059 801 1162 865 οὖν
1201 814 1528 880 στρατιῶται
1558 815 1734 866 ταῦτα

120 895 361 950 ἐποίουν.
431 897 513 949 81.
547 893 640 948 καὶ
681 891 710 950 ὁ
751 901 1048 958 ὸΜατθαῖος
1092 893 1153 949 δὲ
1192 906 1306 959 τοῖς
1345 894 1733 966 γεγενημένοις

56 1003 97 1034 10
120 980 317 1034 τοῦτον
347 975 444 1033 τὸν
474 975 679 1048 τρόπον
701 991 975 1049 μαρτυρεῖ
987 978 1164 1049 λέγων
1184 975 1644 1049 “σταυρω’σαντες
1671 978 1733 1034 δὲ

120 1060 290 1119 αὐτὸν
322 1066 704 1134 διεμερίσαντο
743 1059 808 1118 τὰ
841 1060 1026 1134 ἱμάτια
1057 1061 1260 1133 αὐτοῦ,
1305 1061 1567 1133 βαλόντες
1597 1067 1731 1135 κλῆ-

120 1171 248 1218 ρον,
280 1150 374 1203 ἵνα
404 1151 678 1219 πληρωθῇ
710 1146 769 1203 τὸ
803 1146 980 1218 ῥηθὲν
1011 1145 1103 1202 διὰ
1132 1151 1231 1202 τοῦ
1261 1145 1581 1219 προφήτου,
1617 1151 1733 1203 διε-

117 1237 412 1303 μερίσαντο
436 1229 501 1287 τὰ
527 1229 714 1303 ἱμάτιά
729 1254 837 1303 μου
850 1233 1086 1302 ἑαυτοῖς,
1103 1231 1194 1286 καὶ
1213 1232 1301 1287 ἐπὶ
1325 1230 1424 1288 τὸν
1439 1229 1732 1304 ἱματισμόν
1754 1262 1773 1285 e

117 1339 225 1389 μου
257 1321 460 1387 ἔβαλον
490 1319 726 1400 κλῇρον,
769 1317 860 1371 καὶ
890 1313 1198 1388 καθήμενοι
1230 1314 1463 1388 ἐτήρουν
1494 1311 1720 1374 αυτόν.”
1752 1335 1842 1378 [3151

56 1426 97 1457 15
121 1405 202 1458 82.
237 1399 403 1466 κύνες
447 1401 507 1456 δε
546 1401 690 1472 ήσαν
730 1404 1064 1466 κυκλοῦντες
1095 1396 1268 1456 αὐτὸν
1308 1402 1399 1456 καὶ
1431 1400 1728 1472 συναγωγὴ

117 1485 610 1558 πονηρευομένων,
642 1487 698 1541 οἱ
727 1487 786 1540 ἐκ
816 1487 1111 1557 περιτομῆς
1150 1481 1410 1556 ἄρχοντες
1447 1490 1560 1542 τῶν
1593 1483 1734 1542 Ἰου-

119 1575 322 1641 δαίων,
375 1574 432 1626 οἵ
467 1591 527 1625 τε
567 1582 906 1641 γραμματεῖς
946 1570 1038 1625 καὶ
1091 1572 1147 1625 οἱ
1192 1566 1495 1642 ἀρχιερεῖς,
1547 1571 1639 1625 καὶ
1679 1573 1738 1626 οἱ

120 1662 445 1726 Φαρισαῖοι,
477 1657 534 1710 οἱ
560 1654 652 1710 καὶ
682 1652 742 1710 τὸ
774 1655 886 1710 πᾶν
916 1651 1310 1720 ἆνασείσαντες
1341 1657 1556 1726 πλῆθος
1588 1657 1734 1721 ἐξαι-

117 1736 396 1810 τήσασθαι
426 1737 485 1794 τὸ
518 1734 653 1810 αἷμα
685 1735 860 1794 αὐτοῦ
890 1735 1023 1794 καθ’
1062 1739 1278 1798 ἑαυτῶν
1317 1739 1409 1794 καὶ
1450 1735 1588 1794 κατὰ
1619 1741 1732 1794 τῶν

53 1848 96 1880 20
121 1828 284 1880 ἰδίων
314 1825 541 1879 τέκνων.
605 1826 688 1878 83.
723 1825 913 1894 σαφῶς
938 1824 1084 1898 γοῦν
1113 1820 1141 1878 ὁ
1163 1817 1394 1889 Ἡσαΐας
1425 1819 1598 1888 κύνας
1623 1819 1734 1900 ἀὖ-

116 1905 244 1973 τοὺς
268 1905 538 1964 ἀποκαλεῖ
558 1904 793 1979 φάσκων
816 1902 1056 1973 “ποῖντες
1081 1905 1245 1973 κύνες
1268 1908 1431 1978 ἐνεοὶ,
1464 1904 1530 1964 οὐ
1563 1904 1732 1964 δυνά-

117 2014 272 2064 μενοι
302 1987 618 2049 ὖλακτεῖν.”
691 1992 820 2048 δέον
859 1989 964 2064 γὰρ
1006 1987 1238 2062 αὐτοὺς,
1281 1997 1330 2047 εἰ
1372 1993 1465 2047 καὶ
1502 1989 1577 2064 μὴ
1608 2013 1733 2048 ποι-

116 2078 302 2149 μένων
330 2073 536 2148 τρόπον
555 2072 948 2148 άνειλήφεσαν,
979 2073 1119 2131 ἀλλὰ
1145 2079 1308 2147 δίκην
1329 2080 1467 2147 γοῦν
1497 2074 1733 2147 ἀγαθῶν
1757 2096 1780 2128 d

117 2165 307 2218 κυνῶν
335 2159 438 2232 τὴν
466 2163 566 2216 τοῦ
586 2158 857 2218 δεσπότου
882 2157 1111 2232 λογικὴν
1133 2166 1378 2233 ποίμνην
1398 2159 1576 2217 καὶτὰ
1598 2157 1731 2234 πρό-

55 2268 96 2301 25
119 2251 260 2317 βατα
299 2247 398 2302 τοῦ
437 2253 595 2301 οἴκου
621 2241 836 2318 Ἰσραὴλ
876 2242 1255 2317 φυλάττοντας
1300 2247 1733 2316 ἐπιστημονικῶς

115 2325 398 2400 ὑλακτεῖν,
430 2335 724 2394 σαίνοντας
742 2329 844 2401 μὲν
874 2330 966 2384 καὶ
992 2326 1458 2400 ἐπιγινώσκοντας
1478 2326 1575 2384 τὸν
1597 2329 1732 2383 ἑαυ-

114 2415 227 2470 τῶν
259 2411 535 2484 δεσπότην
565 2413 656 2468 καὶ
686 2408 1077 2485 ἄρχιποίμενα,
1107 2409 1256 2484 πάσῃ
1286 2434 1346 2468 τε
1375 2413 1602 2483 φυλακῇ
1629 2410 1732 2483 τὴν

118 2498 563 2569 πεπιστευμένην
576 2494 764 2561 αὑτοῖς
785 2501 1027 2568 ποίμνην
1040 2498 1446 2567 φρουροῦντας,
1467 2493 1732 2553 ὑλακτεῖν

119 2581 199 2653 δὲ,
233 2585 283 2637 εἰ
299 2578 426 2653 ἄρα,
457 2577 594 2636 κατὰ
622 2582 734 2636 τῶν
763 2584 975 2647 ἔξωθεν
1005 2577 1484 2651 ἐπιβουλευόντων
1513 2582 1582 2652 τῇ
1611 2587 1731 2636 ποί-

57 2686 99 2720 30
120 2681 256 2739 μνη·
325 2669 383 2721 οἱ
434 2664 495 2720 δὲ
544 2669 732 2721 κυνῶν
783 2662 988 2736 τρόπον
1029 2666 1200 2720 ἑνεῶν
1251 2662 1325 2730 ῶς
1373 2660 1599 2736 άληθῶς
1639 2665 1732 2720 καὶ

239 2859 290 2898 10
321 2857 485 2897 Matth.
511 2858 579 2910 27,
604 2859 674 2899 35.
846 2859 895 2897 21
929 2856 1004 2897 Es.
1032 2859 1100 2909 56,
1125 2859 1190 2898 10.
