1992 3186
566 130 872 173 DEMONST.
904 131 1124 174 EVANG.
1156 133 1258 173 vn.
1291 134 1332 174 ε».
1644 131 1747 182 461

138 245 353 321 φάτνῃ,
387 245 527 304 διότι
556 243 659 303 οὐκ
688 239 759 318 ἦν
790 245 978 315 αὐτοῖς
1009 245 1171 314 τόπος
1204 250 1265 305 ἐν
1294 252 1370 323 τῷ
1395 246 1745 320 καταλύματι.

139 333 232 388 καὶ
260 332 517 404 ποιμένες
557 323 701 402 ἦσαν
743 335 804 388 ἐν
833 338 898 404 τῇ
939 330 1090 407 χώρα
1120 338 1185 406 τῇ
1218 328 1360 405 αὐτῇ
1398 329 1750 406 άγραυλούν-

137 438 227 482 τες
276 417 367 472 καὶ
409 413 789 488 φυλάσσοντες
839 414 1092 487 φυλακάς
1147 420 1242 488 τῆς
1282 414 1479 482 νυκτὸς
1527 418 1617 472 ἐπὶ
1648 416 1749 488 τὴν

138 506 381 573 ποίμνην
422 498 632 557 αὐτῶν·
687 503 781 557 καὶ
820 498 1051 572 ἅγγελος
1081 508 1279 573 κυρίου
1312 502 1510 573 ἐπέστη
1541 499 1747 572 αὐτοῖς,

96 607 118 640 5
139 585 230 640 καὶ
263 583 394 652 δόξα
423 588 562 641 θεοῦ
592 587 967 658 περιέλαμψεν
997 582 1227 656 αὐτούς,
1260 587 1352 641 καὶ
1385 583 1750 658 ἐφοβήθησαν

137 666 320 740 φόβον
349 670 539 742 μέγαν.
604 674 649 727 7.
684 672 778 726 καὶ
809 669 963 727 εἶπεν
994 667 1182 736 αὐτοῖς
1213 665 1237 726 ὃ
1264 667 1512 742 ἄγγελος,
1543 667 1616 742 μη
1648 693 1746 741 φο-

138 759 362 823 βεῖσθε’
408 752 533 810 ίδού
555 752 661 825 γὰρ
686 752 1105 826 εὐαγγελίζομαι
1127 750 1263 826 ὑμῖν
1287 752 1463 827 χαρὰν
1484 752 1748 826 μεγάλην,

135 835 255 908 ἥτις
298 842 449 894 ἔσται
491 839 655 894 παντὶ
694 841 771 913 τῷ
800 844 938 914 λαῷ·
985 835 1068 894 ὅτι
1101 840 1296 910 ἐτέχθη
1341 836 1476 910 ὑμῖν
1507 837 1749 911 σήμερον

138 920 350 993 σωτὴρ,
382 920 441 987 ὅς
474 924 587 978 ἐστι
617 919 851 995 Χριστὸς
883 919 1097 995 κύριος,
1131 925 1191 978 ἐν
1222 921 1380 979 πόλει
1409 927 1613 994 Δαβίδ.
1657 925 1749 979 καὶ

74 1031 115 1063 10
136 1008 296 1062 τοῦτο
326 1001 461 1078 ὑμῖν
489 1005 549 1061 τὸ
581 1020 834 1078 σημεῖον·
869 1002 1130 1079 εὑρήσετε
1161 1009 1367 1078 βρέφος
1394 1009 1748 1080 ἐσπαργανω-

136 1089 306 1161 μένον
336 1091 429 1146 καὶ
469 1095 728 1162 κείμενον
769 1092 828 1147 ἐν
858 1087 1058 1163 φάτνῃ.
1132 1095 1179 1146 8.
1215 1093 1306 1147 καὶ
1339 1093 1598 1162 ἐξαίφνης
1632 1092 1750 1161 ἐγέ-

135 1195 260 1230 νετο
291 1171 401 1231 σὺν
438 1175 516 1248 τῷ
555 1171 769 1250 ἀγγέλῳ
810 1176 1025 1246 πλῆθος
1065 1179 1322 1248 στρατιᾶς
1362 1171 1630 1246 οὐρανίου
1661 1181 1747 1230 αἰ-

135 1255 390 1314 νούντων
430 1256 526 1315 τὸν
566 1256 706 1315 θεὸν
746 1259 838 1314 καὶ
880 1256 1185 1331 λεγόντων,
1229 1258 1362 1326 δόξα
1405 1262 1465 1315 ἐν
1495 1254 1748 1326 ὑψίστοις

136 1344 284 1417 θεῷ,
316 1344 408 1398 καὶ
442 1343 531 1397 ἐπὶ
560 1348 660 1413 γῆς
686 1340 908 1414 εἰρήνη,
943 1345 1003 1399 ἐν
1025 1338 1346 1416 ἀνθρώποις
1372 1341 1613 1400 εὐδοκία.
1658 1346 1748 1399 καὶ

74 1449 114 1481 15
139 1426 381 1496 ἐγένετο,
424 1423 497 1492 ὡς
537 1423 796 1498 ἀπῆλθον
825 1422 923 1483 ἀπ’
971 1425 1157 1483 αὐτῶν
1189 1434 1266 1492 εἰς
1296 1427 1392 1484 τὸν
1423 1423 1666 1501 οὐρανὸν
1697 1431 1754 1483 οἱ

136 1506 388 1582 ἄγγελοι,
430 1512 487 1565 015
522 1512 778 1582 ποιμένες
810 1510 968 1567 εἷπον
997 1508 1134 1584 πρὸς
1173 1510 1475 1582 ἀλλήλους,
1509 1513 1749 1567 διέλθω-

136 1616 240 1665 μεν
284 1593 351 1665 δὴ
391 1596 493 1660 ἕως
522 1594 807 1667 Βηθλεὲμ,
851 1595 943 1650 καὶ
983 1599 1190 1666 ἴδωμεν
1230 1594 1290 1650 τὸ
1322 1599 1468 1669 ῥῆμα
1497 1597 1658 1651 τοῦτο
1688 1592 1749 1650 τὸ

135 1675 467 1749 γενόμενον,
498 1675 527 1734 ὃ
557 1676 585 1734 ὅ
617 1677 808 1749 κύριος
842 1676 1142 1750 ἐγνώρισεν
1163 1676 1312 1750 ἡμῖν.
1367 1684 1415 1734 9.
1448 1680 1540 1734 καὶ
1571 1671 1750 1750 ἦλθον

141 1759 507 1833 σπεύσαντες,
551 1763 643 1818 καὶ
676 1754 842 1834 εὗρον
873 1761 974 1833 τὴν
1004 1760 1240 1835 Μαριὰμ
1283 1764 1374 1818 καὶ
1405 1762 1503 1819 τὸν
1525 1761 1747 1835 Ἰωσὴφ,

74 1869 117 1901 20
139 1846 230 1901 καὶ
282 1839 341 1902 τὸ
395 1847 603 1918 βρέφος
647 1852 904 1918 κείμενον
958 1849 1018 1902 ἐν
1061 1850 1127 1920 τῇ
1167 1845 1366 1920 φάτνῃ.
1443 1845 1655 1912 ἰδόντες
1687 1847 1750 1903 δὲ

139 1927 448 2003 ἐγνώρισαν
478 1932 606 2004 περὶ
643 1933 741 1987 τοῦ
773 1928 1012 2004 ῥήματος
1050 1935 1148 1987 τοῦ
1189 1933 1529 2003 λαληθέντος
1561 1928 1749 1997 αὐτοῖς

137 2014 265 2086 περὶ
294 2017 392 2070 τοῦ
421 2019 650 2071 παιδίου
680 2012 894 2071 τούτου.
965 2016 1057 2071 καὶ
1087 2012 1290 2082 πάντες
1331 2019 1387 2072 015
1414 2011 1750 2081 ἀκούσαντες

139 2095 468 2170 ἐθαύμασαν
498 2100 625 2172 περὶ
655 2101 768 2156 τῶν
797 2101 1159 2171 λαληθέντων
1189 2096 1298 2156 ὑπὸ
1328 2102 1440 2156 τῶν
1470 2100 1751 2172 ποιμένων

60 2221 64 2224 »
137 2179 271 2254 πρὸς
303 2179 556 2248 αὐτούς.”
623 2187 702 2239 10.
735 2186 908 2239 ταῦτα
936 2183 1039 2255 μὲν
1068 2178 1096 2239 ὃ
1128 2185 1363 2250 Λουκᾶς.
1419 2179 1563 2240 καὶὸ
1588 2191 1750 2240 4Ματ-

75 2287 117 2321 25
138 2274 301 2332 θαῖος
342 2266 436 2338 δὲ,
477 2264 542 2322 τά
582 2268 710 2339 περὶ
749 2268 851 2339 τὴν
889 2271 1111 2339 γένεσιν
1155 2271 1253 2323 τοῦ
1301 2273 1545 2341 σωτῆρος
1593 2265 1781 2339 ἡμῶν«

142 2351 406 2423 ἱστορῶν,
445 2353 644 2407 τοῦτον
683 2348 886 2424 γράφει
925 2351 1023 2408 τὸν
1061 2348 1266 2425 τρόπον
1297 2349 1434 2408 “tofi
1477 2352 1537 2408 δὲ
1571 2347 1749 2422 Ἰησοῦ

139 2435 507 2504 γεννηθέντος
559 2436 618 2491 ἐν
656 2435 915 2507 Βηθλεὲμ
961 2439 1057 2507 τῆς
1101 2431 1371 2501 Ἰουδαίας
1424 2438 1484 2491 ἐν
1522 2432 1748 2506 ἡμέραις

135 2509 388 2588 Ἡρώδου
418 2520 517 2573 τοῦ
547 2520 842 2590 βασιλέως,
891 2515 1016 2575 ἰδού
1046 2516 1211 2590 μάγοι
1242 2519 1610 2590 παρεγένοντο
1642 2515 1748 2572 ἀπὸ

142 2594 426 2655 ἀνατολῶν
458 2606 534 2666 εἰς
556 2599 939 2675 Ἰερουσαλὴμ,
971 2605 1250 2673 λέγοντες,
1284 2607 1395 2658 ποῦ
1427 2605 1577 2658 ἐστιν
1606 2599 1635 2657 ὁ
1666 2624 1749 2657 τε-

77 2705 120 2738 30
143 2684 298 2754 χθεὶς
317 2677 578 2754 βασιλεὺς
600 2688 712 2742 τῶν
736 2682 1047 2755 Ἰουδαίων;
1082 2690 1302 2758 εἴδομεν
1331 2683 1437 2759 γάρ
1461 2682 1632 2743 αὐτοῦ
1654 2684 1750 2742 τὸν

256 2877 309 2917 26
339 2877 566 2928 Matth.2,
591 2880 629 2917 1.

1782 1545 1799 1567 0
