1992 3186
609 103 914 145 DEMONST.
946 104 1168 148 EVANG.
1200 104 1278 146 Ν.
1309 105 1349 145 5.
1379 107 1419 145 6.
1672 102 1773 155 221

167 235 284 288 κοῖς
325 244 383 277 τε
422 220 514 276 καὶ
555 217 804 292 ἀλόγοις,
856 217 1049 277 ἄλλοτε
1100 217 1278 286 ἄλλως
1317 224 1807 291 καταποικίλλων,.

167 307 258 362 καὶ
283 310 454 362 πᾶσιν
482 302 620 377 ὁμοῦ
650 302 830 361 πάντα
869 310 966 380 μιᾷ
998 302 1232 377 δυνάμει
1263 306 1639 377 ἐπιχορηγῶν,
1685 306 1778 361 καὶ

165 393 308 447 νοῦν
338 390 427 446 ἐπὶ
468 394 638 445 πᾶσιν
677 386 998 463 ἀνθρώποις
1040 386 1390 461 ἐπιγνώμονα
1435 390 1527 444 καὶ
1557 398 1778 462 θεωρη-

166 473 320 531 τικὸν
370 475 466 545 τῆς
517 469 689 530 αὐτοῦ
741 479 940 546 σοφίας
991 471 1371 545 δωρούμενος,
1419 470 1680 545 ἄντικρύς
1719 496 1778 529 τε

123 556 435 632 5παριστὰς
476 571 590 623 τοῖς
631 559 766 614 πᾶσι
808 560 900 614 καὶ
943 556 1253 630 διαρρήδην
1293 559 1390 614 ἕνα
1420 555 1627 630 κόσμον
1659 559 1778 614 ἐπι-
1803 581 1825 613 b

168 647 456 700 δείκνυσιν
497 639 618 706 ἑνὸς
658 640 826 714 λόγου
858 645 1196 715 κοσμοποιοῦ
1236 647 1414 715 ἔργον.
1479 645 1558 698 13.
1592 647 1775 698 τοιοῦ-

165 750 263 784 τον
294 724 363 798 δὴ
394 727 753 798 καλλιτέχνην
782 727 910 784 υἱὸν
939 729 1214 799 μονογενῆ
1242 729 1336 797 τῆς
1367 723 1541 782 αὐτοῦ
1571 729 1778 797 βουλῆς

167 812 259 868 καὶ
293 809 631 883 δημιουργὸν
660 808 923 867 ἁπάντων
951 808 980 866 ὅ
1011 806 1273 866 ἀνωτάτω
1299 811 1390 864 καὶ
1415 806 1590 866 αὐτοῦ
1622 815 1778 882 δημι-

166 900 377 967 ουργοῦ
407 893 539 960 θεὸς
571 896 662 950 καὶ
694 894 871 966 πατὴρ
903 897 1124 967 πρῶτον
1154 892 1417 950 ἁπάντων
1449 895 1664 965 ἐγέννα,
1699 893 1774 949 δι’

104 1003 144 1034 10
167 976 339 1036 αὐτοῦ
370 980 463 1035 καὶ
495 981 556 1035 ἐν
587 974 737 1054 αὐτῷ
766 976 897 1044 τοῦς
927 981 1039 1036 των
1068 976 1384 1051 μελλόντων
1425 983 1652 1035 ἔσεσθαι
1684 983 1778 1050 δη-

165 1062 523 1137 μιουργικούς
566 1061 764 1134 λόγους
802 1058 1204 1136 ὑφιστάμενος,
1256 1063 1347 1119 καὶ
1387 1060 1454 1118 τοὶ
1496 1060 1780 1135 σπέρματά

165 1170 230 1220 γε
269 1152 364 1219 τῆς
406 1150 518 1203 τῶν
557 1143 705 1204 ὅλων
757 1145 1075 1214 συστάσεως
1117 1171 1176 1204 τε
1215 1148 1307 1203 καὶ
1354 1145 1676 1218 διοικήσεως
1719 1149 1780 1203 ἐν

98 1290 110 1300 ‚
167 1229 316 1307 αὐτῷ
348 1230 840 1304 καταβαλλόμενος.
913 1235 993 1289 14.
1026 1230 1127 1304 οὐχ
1164 1230 1298 1307 ὁρᾷς
1339 1229 1654 1304 ὀφθαλμοῖς
1683 1229 1780 1287 τὸν

169 1313 461 1387 σύμπαντα
491 1313 729 1388 κόσμον,
761 1311 826 1372 ὃν
857 1312 1097 1389 οὐρανὸς
1122 1313 1200 1383 εἷς
1231 1314 1648 1389 περιλαμβάνει,
1678 1338 1779 1388 μυ·
1803 1349 1820 1372 e

105 1422 146 1455 15
170 1404 292 1471 ρίας
322 1423 380 1456 τε
410 1397 552 1472 ἀμφὶ
582 1402 778 1456 τοῦτον
807 1406 1023 1473 χορείας
1066 1402 1159 1456 καὶ
1190 1397 1410 1473 ἄστρων
1450 1397 1782 1475 περιπολεύ-

170 1501 312 1551 σεις;
344 1481 512 1540 πάλιν
538 1479 614 1549 εἷς
641 1481 812 1555 ἥλιος,
835 1480 955 1540 ἀλλ’
982 1480 1049 1540 ού
1074 1490 1318 1556 πλείους,
1338 1480 1780 1557 ἄπάντωνῦπερ-

170 1572 309 1640 βολῇ
356 1564 538 1640 φωτὸς
591 1565 855 1626 καλύπτει
899 1566 994 1634 τὰς
1044 1566 1422 1642 μαρμαρυγάς.
1511 1572 1591 1625 15.
1636 1564 1779 1624 οὕτω

170 1655 308 1723 δῆτα
339 1650 461 1718 ἑνὸς
490 1647 646 1717 ὄντος
677 1650 881 1724 πατρὸς
913 1654 1012 1709 ἕνα
1042 1656 1182 1725 χρῆν
1217 1654 1309 1709 καὶ
1341 1651 1438 1710 τὸν
1460 1651 1587 1709 υἱὸν
1620 1651 1776 1709 εἶναι.

170 1740 223 1793 εἰ
253 1731 305 1791 δ’
348 1733 431 1792 ὅτι
469 1734 543 1808 μὴ
588 1737 681 1792 καὶ
719 1742 944 1802 πλείους
977 1735 1339 1809 ἐπιμέμψαιτό
1376 1761 1486 1809 τις,
1527 1733 1642 1807 ω’ρα
1683 1734 1782 1793 τὸν

103 1842 146 1874 20
167 1823 419 1877 τοιοῦτον
447 1817 530 1877 ὅτι
553 1818 627 1892 μὴ
659 1821 751 1876 καὶ
774 1818 967 1892 ἡλίους
990 1827 1224 1893 συνίστη
1249 1827 1474 1888 πλείους
1505 1822 1597 1878 καὶ
1622 1819 1781 1893 σελή-

167 1928 268 1971 νας
299 1906 391 1960 καὶ
423 1902 660 1977 κόσμους
691 1906 783 1960 καὶ
813 1910 986 1977 μυρία
1015 1902 1148 1962 ἄττα
1179 1908 1493 1975 αἰτιᾶσθαι,
1525 1907 1781 1979 μαινομέ-

169 2012 272 2046 νου
301 1987 509 2061 τρόπον
538 1987 604 2045 τά
632 1986 778 2062 ὀρθὰ
818 1991 910 2045 καὶ
952 1981 1017 2046 εῦ
1048 1996 1240 2063 ἔχοντα
1269 1996 1364 2062 τῆς
1404 1988 1624 2064 φύσεως
1659 1994 1780 2046 δια-

172 2074 434 2147 στρέφειν
466 2077 887 2148 ἐπιχειροῦντος.

296 2168 394 2217 VII.
452 2156 635 2232 Ταύτῃ
678 2154 733 2214 δ’
776 2149 879 2215 οῦν
922 2153 994 2223 ὥς
1039 2160 1098 2215 ἐν
1136 2154 1354 2231 ὁρατοῖς
1392 2155 1544 2230 ἥλιος
1578 2155 1655 2225 εἷς
1686 2155 1782 2214 τὸν
1807 2179 1828 2212 d

105 2263 148 2294 25
172 2239 441 2314 αἰσθητὸν
472 2239 690 2298 ἅπαντα
720 2240 1061 2315 καταλάμπει
1087 2241 1313 2315 κόσμον,
1345 2241 1487 2300 οὕτω
1522 2247 1660 2314 δῆτα
1690 2243 1782 2298 καὶ

172 2328 232 2382 ἐν
262 2338 480 2398 νοητοῖς
520 2325 615 2391 τὰς
655 2323 971 2392 ἀθανάτους
1015 2328 1107 2383 καὶ
1139 2325 1463 2399 ἀσωμάτους
1497 2325 1779 2398 δυνάμεις,

168 2408 364 2483 νοεράς
395 2434 453 2467 τε
483 2412 574 2467 καὶ
606 2409 827 2483 λογικὰς
867 2407 1059 2478 οὐσίας
1089 2417 1351 2484 μυρίους,
1400 2407 1585 2483 ὥσπερ
1627 2408 1780 2465 ἄστε’-

172 2517 270 2565 ρας
301 2496 394 2550 καὶ
423 2498 737 2567 φωστῆρας,
771 2491 850 2562 εἷς
880 2492 908 2552 ὁ
940 2498 1041 2552 τοῦ
1061 2499 1202 2553 θεοῦ
1226 2493 1551 2566 καταυγάζει
1574 2496 1778 2559 τέλειος
1803 2514 1893 2555 (154)

173 2574 358 2648 λόγος·
418 2580 533 2635 ἐπεὶ
586 2581 677 2635 καὶ
717 2584 856 2652 χρῆν
897 2582 996 2636 ἕνα
1033 2579 1131 2636 τὸν
1171 2581 1258 2636 ε’πὶ
1299 2582 1432 2635 πᾶσι
1473 2575 1603 2634 καθ’
1649 2576 1781 2634 ὅλου

108 2682 151 2714 30
175 2659 374 2733 νόμον,
419 2663 510 2718 καὶ
554 2662 650 2719 τὸν
682 2666 741 2719 ἐν
771 2668 903 2720 πᾶσι
947 2665 1039 2719 καὶ
1074 2661 1164 2719 δια
1195 2661 1420 2719 πάντων
1450 2659 1654 2735 ἥκοντα
1684 2665 1784 2718 τοῦ

174 2749 314 2802 θεοῦ
354 2743 545 2818 λόγον,
588 2742 660 2812 ὦς
690 2743 759 2804 ἂν
789 2744 895 2804 κάν
935 2746 1112 2823 τούτῳ
1143 2744 1202 2803 τὸ
1243 2750 1338 2818 τῆς
1370 2744 1581 2812 εἰκόνος
1614 2749 1783 2819 ἐμφε-

175 2829 265 2902 ρὲς
304 2833 379 2906 τῷ
420 2832 583 2903 πατρὶ
626 2832 716 2887 καὶ
759 2829 895 2887 κατὰ
934 2829 1114 2888 πάντα
1152 2829 1515 2903 ἀποσώζοιτο,
1558 2829 1696 2886 κατά
1725 2853 1783 2886 τε
