1992 3186
244 125 350 177 246
909 127 1159 170 EUSEBII

238 266 336 300 τον
365 242 464 301 τὸν
485 241 593 299 ὑπὸ
619 246 718 299 τοῦ
743 241 946 316 πατρὸς
976 241 1309 317 ἠλειμμένον
1339 244 1631 318 ἀναφωνεῑ·
1656 247 1716 303 τὸ
1745 246 1852 320 φά-

193 349 216 381 d
240 345 376 384 σκον
407 319 517 384 ωδε
548 323 787 399 λόγιον“
795 322 824 382 ὁ
855 325 1061 399 θρόνος
1095 347 1198 385 σου
1227 327 1256 385 ὁ
1287 329 1418 395 θεὸς
1443 336 1520 396 εἰς
1545 330 1643 388 τὸν
1673 335 1851 388 αἰῶνα

238 415 337 468 τοῦ
369 415 594 477 αἰῶνος·
653 410 860 484 ῥάβδος
901 409 1205 484 εὐθύτητος
1250 408 1283 484 ἡ
1329 412 1533 486 ῥάβδος
1563 417 1658 485 τῆς
1689 421 1852 487 βασι-

240 501 389 560 λείας
420 512 536 551 σου.
588 492 877 566 ἠγάπησας
911 494 1272 568 δικαιοσύνην
1311 499 1403 553 καὶ
1436 501 1696 570 ἐμίσησας
1726 495 1817 556 ἀδι

238 585 392 635 κίαν·
443 577 535 634 διὰ
563 581 724 635 τοῦτο
766 581 951 652 ἔχρισέ
986 598 1047 636 σε
1077 578 1105 635 ὁ
1137 578 1269 647 θεὸς
1299 576 1328 637 ὁ
1358 580 1491 647 θεός
1531 601 1633 638 σου
1665 589 1851 640 ἔλαιον
1872 605 1892 637 5

238 661 614 733 ἀγαλλιάσεως
645 660 794 736 παρά
823 662 951 729 τοὺς
980 661 1242 736 μετόχους
1273 681 1390 721 σου.
1408 661 1435 683 ”

373 750 453 803 16.
498 743 660 804 'Anda
690 746 795 819 γὰρ
827 754 927 819 μία
955 748 1057 820 μὲν
1087 746 1122 819 ἡ
1153 752 1252 804 τοῦ
1285 751 1471 805 ἐλαίου
1494 747 1691 821 φύσις,
1721 745 1756 821 ἡ
1790 750 1852 806 δὲ

236 834 335 886 τοῦ
375 829 556 904 μύρου
598 836 824 888 πολλῶν
867 833 956 888 ἐπὶ
995 828 1055 887 τὸ
1103 829 1238 888 αὐτὸ
1280 830 1525 889 σύνοδον
1576 839 1848 906 σημαίνει.

236 913 408 989 ταύτῃ
444 922 532 971 ’τοι
572 917 665 972 καὶ
694 911 727 987 ἡ
772 914 962 988 πρώτη
994 918 1086 972 καὶ
1115 914 1414 989 ἀγέννητος
1442 920 1541 974 τοῦ
1571 923 1852 989 παμβασι-

235 1001 373 1064 λέως
411 1003 552 1055 θεοῦ
599 1000 836 1072 δύναμις
879 998 1008 1057 καθ’
1048 997 1076 1056 ὃ
1117 1008 1220 1072 μὲν
1250 999 1399 1071 ἁπλῆ
1430 1025 1510 1068 τις
1553 1003 1643 1057 καὶ
1675 997 1849 1059 ἀσύν-
1872 1024 1913 1055 10

235 1092 397 1150 θετος
448 1086 540 1140 καὶ
592 1081 761 1156 ἄλλης
810 1082 987 1156 πάσης
1036 1080 1227 1150 οὐσίας
1280 1083 1478 1157 ἀμιγὴς
1532 1087 1848 1156 ἐπινοεῖται,

235 1165 392 1243 ἁπλῷ
415 1173 490 1243 τῷ
513 1170 614 1224 τοῦ
640 1170 827 1224 ἐλαίου
853 1166 1197 1242 προσρήματι
1228 1171 1668 1241 παραβέβληται,
1709 1166 1845 1225 καθ’

235 1247 265 1306 ὃ
298 1252 358 1307 δὲ
389 1258 664 1308 πλείστων
696 1255 957 1309 ἐπινοιῶν
999 1255 1060 1308 έν
1096 1258 1278 1327 ταυτῶ
1318 1251 1681 1325 περιληπτικὴ
1719 1276 1846 1324 τυγ-

234 1333 415 1407 χάνει,
461 1332 580 1392 οἷον
621 1341 906 1408 ποιητικῆς
946 1331 980 1407 ἢ
1019 1341 1338 1408 βασιλικῆς,
1380 1335 1746 1410 προνοητικόν
1786 1361 1846 1394 τε

128 1443 216 1485 (174)
236 1421 326 1475 καὶ
371 1419 633 1527 κριτικὸν,
677 1419 1084 1492 φιλάνθρωπόν
1111 1444 1170 1477 τε
1203 1421 1291 1476 καὶ
1325 1419 1615 1492 σωτήριον,
1661 1417 1846 1478 ἄλλων
1875 1444 1916 1477 15

234 1526 292 1559 τε
324 1502 471 1562 ὅσων
493 1510 710 1577 μυρίων
733 1507 949 1561 ἐπινοία
973 1507 1403 1577 θεωρουμένων,
1439 1505 1660 1570 εἰκότως
1686 1503 1846 1580 μύρω

234 1585 407 1644 πάλιν
448 1587 483 1660 ἡ
524 1592 636 1644 τῶν
678 1591 899 1645 πολλῶν
939 1590 1030 1644 καὶ
1072 1584 1307 1659 ἀγαθῶν
1337 1587 1702 1663 περιληπτικὴ
1745 1587 1848 1645 δύ-

233 1696 396 1745 ναμις
427 1669 783 1744 ἀπείκασται,
817 1664 862 1728 ῶ
891 1678 1198 1746 κεχρῆσθαι
1220 1670 1318 1729 τὸν
1344 1669 1530 1745 ἀληθῆ
1553 1675 1644 1728 καὶ
1673 1671 1846 1744 μόνον

234 1754 490 1830 ἀρχιερέα
522 1759 618 1814 τοῦ
639 1760 779 1814 θεοῦ
810 1731 958 1813 θεῖοι
990 1755 1141 1829 λόγοι
1167 1755 1511 1813 παιδεύουσι.
1567 1761 1645 1811 17.
1694 1758 1847 1829 πρῶ-

233 1839 324 1906 τός
365 1842 431 1912 γέ
466 1865 549 1898 τοι
591 1837 755 1906 αὐτὸς
796 1836 824 1896 ὁ
865 1842 1077 1912 Μωσῆς
1119 1844 1179 1896 ἐν
1228 1838 1555 1912 ἀπορρήτοις
1604 1836 1670 1896 τά
1711 1849 1844 1896 θεῖα
1867 1863 1909 1894 20

237 1927 568 1981 ἐποπτεῦσαι
597 1923 924 1997 ἠξιωμένος,
967 1925 1059 1980 καὶ
1089 1923 1186 1988 τὰς
1217 1925 1343 1994 περὶ
1372 1926 1474 1980 τοῦ
1501 1921 1722 1996 πρῶτον
1753 1925 1845 1979 καὶ

234 2007 408 2079 μόνου
440 2007 772 2080 ἠλειμμένου
803 2009 895 2062 καὶ
925 2004 1219 2079 ἀρχιερέως
1241 2010 1340 2063 τοῦ
1364 2010 1505 2064 θεοῦ
1533 2004 1751 2072 τελετὰς
1785 2011 1845 2064 έν

232 2104 353 2157 ταῖς
404 2089 578 2148 αὐτοῦ
624 2097 984 2163 θεοφανείαις
1033 2089 1170 2162 πρὸς
1220 2089 1391 2147 αὐτοῦ
1439 2093 1844 2163 τετελεσμένας,

191 2196 213 2229 b
240 2173 459 2240 εἰκόνας
491 2173 881 2247 προστάττεται
914 2176 1002 2231 ἐπὶ
1033 2180 1131 2248 γῆς
1163 2177 1252 2231 καὶ
1285 2174 1538 2247 σύμβολα
1575 2172 1846 2244 καταστή-

235 2269 442 2316 σασθαι
491 2263 602 2315 τῶν
647 2262 706 2315 ἐν
747 2271 865 2323 ταῖς
904 2266 1191 2324 θεοπτίαις
1231 2260 1612 2331 νενοημένων,
1657 2256 1729 2324 ῶς
1770 2252 1842 2315 ἀν
1863 2278 1904 2310 25

236 2348 412 2415 ἔχοιεν
452 2349 863 2416 προεμμελετᾶν
901 2357 1014 2409 τοῖς
1055 2341 1353 2415 συμβόλοις
1391 2347 1449 2400 οἱ
1472 2339 1638 2398 τῶνδ’
1684 2337 1842 2412 ἠξιω-

234 2429 390 2498 μένοι
428 2429 585 2500 μέχρι
625 2431 719 2498 τῆς
760 2429 873 2483 τῶν
914 2425 1144 2500 ἀληθῶν
1189 2430 1492 2492 ἐποπτείας.
1563 2423 1841 2499 18.”αὐτῶ

238 2513 374 2582 δῆτα
404 2510 810 2584 ἀφορισάμενος
849 2511 982 2576 τέως
1021 2508 1118 2567 τὸν
1159 2514 1210 2577 ἐξ
1250 2508 1570 2582 ἀνθρώπων
1614 2510 1701 2565 ἐπὶ
1742 2512 1843 2581 γῆς

234 2597 312 2670 τῷ
340 2599 457 2671 θεῷ
490 2593 876 2668 ίερατεύεσθαι
910 2593 1218 2666 ἐπιτήδειον
1257 2591 1436 2666 ἄνδρα
1475 2595 1687 2664 πρῶτος
1719 2596 1842 2649 τοῦ·

128 2710 217 2754 [111]
235 2702 332 2735 τον
362 2680 603 2751 Χριστὸν
635 2676 986 2751 ἐπωνόμασε,
1028 2675 1150 2734 κατ’
1183 2675 1473 2751 ἀναφορὰν
1503 2682 1597 2750 τῆς
1639 2681 1699 2733 ἐν
1727 2690 1841 2742 τοῖς
1862 2696 1903 2727 30

350 2871 374 2909 2
406 2871 480 2909 Ps.
505 2871 575 2920 44,
599 2871 637 2909 6.
