1992 3186
563 144 869 186 DEMONST.
901 144 1119 187 EVANG.
1154 146 1232 186 VI.
1267 145 1332 187 18.
1644 141 1749 194 385

139 264 227 320 ἐπὶ
256 260 359 333 τὴν
388 265 600 318 οἰκείαν
640 257 943 331 ἐπάνοδον,
984 257 1086 331 τὴν
1118 260 1205 315 ἐπὶ
1238 258 1431 332 Κύρου
1468 261 1566 314 τοῦ
1596 266 1748 332 Περ-

139 349 255 403 σῶν
285 347 553 418 βασιλέως
583 346 920 417 γενομένην,
962 341 1084 417 ἄρτι
1114 345 1210 415 τῆς
1233 339 1587 416 Ἰερουσαλὴμ
1617 339 1748 398 ἆνε-

139 431 497 504 γηγερμένης,
529 425 948 494 ἀνανεωθέντος
973 427 1035 484 δὲ
1054 429 1155 485 τοῦ
1177 425 1508 500 ἁγιάσματος
1538 428 1630 482 καὶ
1649 431 1747 482 τοῦ

140 511 276 587 πρὸς
318 511 468 590 αὐτῷ
508 517 915 585 θυσιαστηρίου
958 513 1045 568 ἐπὶ
1076 517 1322 586 Δαρείου
1362 515 1461 567 τοῦ
1502 511 1745 584 Πέρσου,

96 622 117 654 5
140 596 169 654 ὃ
200 596 396 671 παρῶν
424 593 707 671 προφήτης
746 600 1022 666 θεσπίζει,
1064 595 1166 668 τὴν
1196 593 1330 668 μετὰ
1358 597 1531 651 ταῦτα
1564 596 1746 651 δευτέ-

140 705 246 754 ραν
276 687 600 752 πολιορκίαν
622 682 717 752 τῆς
741 675 1095 753 Ιερουσαλὴμ
1120 685 1425 752 σημαίνων,
1457 674 1530 750 ἣν
1548 680 1750 735 πέπον-

139 776 246 823 θεν
285 764 394 821 ὑπὸ
426 763 709 837 Ρωμαίων
748 761 852 820 οὐκ
891 761 1085 819 άλλοτε
1124 760 1158 835 ή
1199 787 1332 835 μετα
1373 786 1438 819 τα
1478 761 1615 818 κατὰ
1651 766 1751 818 τοῦ

142 851 386 923 σωτῆρος
417 844 575 921 ημῶν
600 845 780 920 Ἰησοῦ
811 849 1055 922 Χριστοῦ
1090 859 1203 913 τοῖς
1235 844 1551 919 οἰκήτορσιν
1582 843 1751 918 αὐτῆς

141 935 525 1006 τετολμημένα.
586 936 636 988 5.
671 930 1038 1004 ἐναργέστατα
1068 937 1364 1003 τοιγαροῦν
1386 931 1476 986 καὶ
1505 933 1752 987 ἐνταῦθα

77 1041 118 1073 10
140 1020 239 1073 τοῦ
270 1022 514 1089 σωτῆρος
555 1011 712 1088 ἡμῶν
753 1019 851 1070 τοῦ
890 1018 1031 1071 θεοῦ
1073 1013 1240 1086 λόγου
1277 1013 1310 1086 ἡ
1351 1019 1629 1088 παρουσία
1658 1015 1751 1070 καὶ

138 1100 206 1156 τὰ
237 1102 325 1157 ἐπὶ
365 1098 536 1172 ταύτῃ
579 1096 966 1171 συμβεβηκότα
997 1103 1311 1170 δηλοῦνται.
1386 1100 1558 1154 ταῦτα
1591 1097 1652 1153 δὲ
1681 1090 1752 1168 ἦν

139 1180 278 1257 ὁμοῦ
318 1182 384 1240 τα
427 1185 555 1256 περὶ
595 1180 694 1240 τὸν
731 1180 926 1256 καιρὸν
955 1184 1057 1239 τοῦ
1086 1181 1304 1248 πάθους
1341 1177 1513 1238 αὐτοῦ
1543 1203 1750 1254 πεπρα-

140 1270 333 1341 γμένα,
357 1269 451 1324 καὶ
474 1263 508 1339 ἡ
533 1272 846 1340 παραυτίκα
868 1271 944 1342 τῶ
963 1261 1235 1339 Ἑβραίων
1254 1272 1410 1323 ἔθνει
1436 1268 1751 1322 ἐπελθοῦσα

141 1357 449 1425 πολιορκία,
481 1352 572 1407 καὶ
603 1354 698 1423 τῆς
721 1346 1077 1422 Ἰερουσαλὴμ
1107 1346 1141 1422 ἡ
1173 1347 1395 1420 ἅλωσις,
1425 1351 1520 1406 καὶ
1548 1348 1582 1421 ἡ
1616 1346 1752 1424 πρὸς

80 1458 122 1490 15
145 1433 356 1500 τούτοις
397 1437 588 1507 κλῆσις
631 1437 744 1491 τῶν
790 1437 1004 1505 ἐθνῶν,
1050 1437 1148 1490 τοῦ
1180 1457 1240 1490 τε
1287 1432 1410 1500 ἑνὸς
1453 1435 1545 1489 καὶ
1577 1432 1752 1506 μόνου

142 1524 282 1576 θεοῦ
324 1524 401 1585 εἰς
443 1522 554 1575 πᾶν
596 1519 753 1590 γένος
792 1514 1114 1590 ἀνθρώπων
1157 1521 1468 1589 ἐπίγνωσις.
1542 1522 1588 1573 6.
1621 1514 1652 1572 ὅ
1690 1539 1752 1588 γε
1786 1550 1799 1570 J

141 1601 253 1676 μὴν
283 1600 736 1676 πνευματοφόρος
766 1599 1049 1675 προφήτης
1080 1604 1554 1707 περιπαθέστερον
1578 1600 1650 1666 ῶς
1682 1596 1751 1657 ἂν

145 1683 232 1743 ἐπ’
266 1691 488 1753 οἰκείοις
527 1683 937 1785 ὀλοφυρόμενος
979 1698 1092 1750 τοις
1126 1688 1183 1741 ἐκ
1214 1687 1536 1759 περιτομῆς,
1570 1687 1628 1740 ἐκ
1657 1689 1752 1756 τῆς

143 1767 266 1827 κατ’
300 1768 487 1828 αυτῶν
519 1767 881 1842 ἐκφωνήσεως
915 1766 1014 1841 τὴν
1037 1768 1315 1843 καταρχὴν
1339 1774 1630 1840 πεποίηται
1659 1770 1754 1838 τῆς

81 1878 123 1910 20
145 1861 495 1930 προφητείας.
558 1852 762 1928 ἡμέρας
797 1852 865 1925 δὴ
896 1846 998 1911 οῦν
1026 1859 1125 1910 τοῦ
1155 1859 1384 1926 κυρίου,
1425 1851 1608 1925 ῶσπερ
1641 1853 1752 1910 οὐν

141 1941 235 1995 καὶ
268 1941 383 1995 ἐν
358 1940 560 2012 ετέροις
590 1935 880 1995 κάνταῦθα
910 1935 1189 2010 ὀνομάζει,
1222 1934 1394 2003 οὕτως
1424 1934 1520 1993 τὸν
1550 1933 1751 2010 χρόνον

142 2027 239 2094 τῆς
281 2027 356 2088 εἰς
402 2019 738 2094 ἀνθρώπους
782 2026 880 2079 τοῦ
923 2025 1166 2094 Χριστοῦ
1204 2026 1512 2095 παρουσίας
1552 2026 1749 2093 σημαί-

144 2130 290 2178 νων,
336 2108 429 2162 καὶ
469 2109 659 2180 σαφῶς
702 2108 887 2178 δηλῶν
929 2102 1001 2172 ῶς
1032 2103 1136 2179 ἄρα
1167 2102 1196 2162 ὁ
1226 2104 1415 2180 κύριος
1439 2101 1630 2177 αὐτὸς,
1663 2101 1753 2161 οἷα

144 2192 263 2263 φῶς
293 2188 566 2262 ἀληθινὸν
606 2188 924 2263 τυγχάνων,
968 2195 1130 2247 ι’δίων
1170 2188 1396 2262 ποιητής
1427 2212 1558 2246 ποτε
1586 2186 1753 2260 γενή-

81 2295 123 2329 25
146 2291 298 2331 σεται
329 2270 569 2347 ἡμερῶν,
600 2287 713 2341 τοῖς
735 2298 794 2331 τε
820 2276 908 2330 ἐπὶ
930 2278 1028 2346 γῆς
1053 2270 1259 2332 ἅπασιν
1288 2271 1607 2348 ἀνθρώποις
1640 2275 1751 2329 ἐπι-

144 2356 376 2431 λάμψει,
407 2362 518 2415 τῶν
551 2361 736 2415 ἐθνῶν
765 2356 1028 2415 ἁπάντων
1058 2355 1231 2415 αὐτόν
1270 2381 1328 2414 τε
1357 2360 1451 2414 καὶ
1479 2356 1573 2422 τὰς
1604 2353 1750 2412 ἀκτῖ-

143 2465 244 2507 νας
274 2445 373 2499 τοῦ
402 2440 583 2514 φωτὸς
614 2438 787 2499 αὐτοῦ
810 2443 1285 2544 καταδεξαμένων,
1316 2440 1406 2497 ὅτε
1429 2445 1542 2497 τῶν
1568 2442 1752 2496 ἐθνῶν

144 2521 407 2582 ἁπάντων
436 2527 849 2601 φωτιζομένων,
882 2523 1019 2582 κατὰ
1048 2526 1108 2581 τὸ
1131 2521 1394 2582 “τε’θεικά
1431 2542 1495 2580 σε
1526 2528 1603 2588 εἰς
1634 2526 1752 2595 φῶς

1012 2606 1040 2628 ²2

147 2610 352 2678 ἐθνῶν,
386 2614 462 2673 εἰς
489 2607 766 2682 διαθήκην
788 2611 1002 2682 γένους,
1076 2608 1135 2665 τὸ
1160 2605 1446 2666 Ἰουδαίων
1469 2613 1633 2673 ἔθνος
1662 2605 1754 2662 δια

83 2712 126 2746 30
148 2688 250 2761 τὴν
298 2695 373 2755 εἰς
425 2687 592 2749 αυτὸν
643 2691 903 2751 ἀπιστίαν
942 2706 1054 2759 τοις
1096 2691 1339 2764 ἐσχάτοις
1379 2704 1753 2764 περιπεσεῖται

261 2884 314 2922 28
344 2883 422 2923 Es.
444 2884 512 2933 42,
537 2883 576 2922 6.

232 2964 460 2993 EUSEBIUS
482 2965 560 2994 111.
1373 2951 1442 3003 25

1771 618 1860 659 (285)
