1992 3186
233 127 339 182 580
899 128 1148 170 EUSEBH

236 244 560 319 λαμβάνει-ν.
631 246 802 300 ταῦτα
842 249 982 316 γοῦν
1019 239 1260 316 ἡγοῦμαι
1301 257 1414 312 τοῖς
1453 245 1550 303 τὸν
1582 244 1847 319 Ἰωάννην

234 329 404 404 ὁρῶσι
443 332 635 399 θαῦμα
679 329 807 397 περὶ
848 324 1024 386 αὐτοῦ
1052 341 1387 402 παρασχεῖν·
1446 329 1532 387 διὸ
1563 332 1654 387 καὶ
1686 331 1847 388 συνέ-

235 437 432 487 τρεχον
462 410 816 486 πανταχόθεν
860 414 949 469 ἐπὶ
979 410 1082 484 τὴν
1113 411 1187 469 δι’
1234 411 1405 470 αὐτοῦ
1435 417 1847 488 κηρυττομένην

124 524 214 566 (431)
236 502 330 569 τῆς
361 499 539 570 ψυχῆς
571 495 863 568 κάθαρσιν.
922 502 1002 554 15.
1035 498 1302 569 μέμνηται
1327 498 1388 555 δὲ
1406 501 1501 569 τῆς
1524 497 1642 556 κατ’
1676 497 1847 556 αὐτὸν

237 587 479 653 ἱστορίας
513 579 772 654 Ἰώσηπος
820 583 880 639 ἐν
917 579 1371 659 ὀκτωκαιδεκάτῳ
1411 587 1507 654 τῆς
1544 581 1847 656 Ἰουδαϊκῆς
1871 609 1891 641 5

228 666 638 740 Ἀρχαιολογίας
683 670 884 723 τοῦτον
933 664 1166 738 γράφων
1217 666 1314 724 τὸν
1361 665 1568 738 τρόπον
1599 664 1747 725 “τισὶ
1788 669 1848 725 δὲ

235 755 349 810 τῶν
371 748 659 808 Ἰουδαίων
690 750 873 807 ἐδόκει
894 748 1162 808 ὀλωλέναι
1184 750 1281 808 τὸν
1306 747 1595 809 Ἰουδαίων
1618 752 1852 823 στρατὸν

235 834 346 892 ὑπὸ
391 839 490 900 τοῦ
534 837 676 892 θεοῦ
687 879 702 908 ,
749 837 840 892 καὶ
882 833 1030 908 μάλα
1074 840 1301 902 δικαίως
1339 838 1675 909 τιννυμένου
1713 835 1851 895 κατὰ

236 918 440 992 ποινὴν
462 917 722 977 Ἰωάννου
751 922 850 978 τοῦ
878 923 1226 994 καλουμένου
1257 923 1578 992 βαπτιστοῦ.
1647 926 1852 978 κτείνει

235 1003 343 1077 γὰρ
372 1008 571 1062 τοῦτον
593 1002 842 1077 “Ηρω’δης
872 1001 1091 1077 ἀγαθὸν
1121 1001 1329 1077 ἄνδρα,
1361 1007 1452 1062 καὶ
1482 1019 1596 1072 τοῖς
1622 1001 1850 1063 Ἰουδαί·
1874 1032 1915 1065 10

237 1113 319 1156 οις
360 1087 660 1146 κελεύοντα
698 1087 902 1161 ἀρετὴν
945 1093 1247 1146 ἐπασκοῦσι
1286 1092 1378 1146 καὶ
1418 1092 1488 1163 τῇ
1516 1087 1652 1160 πρὸς
1681 1087 1853 1162 ἀλλή-

240 1181 370 1239 λους
412 1172 737 1247 δικαιοσύνῃ
780 1176 871 1230 καὶ
911 1171 1047 1243 πρὸς
1086 1171 1225 1231 θεὸν
1265 1170 1522 1249 εὐσεβείᾳ
1552 1172 1887 1247 χρωμένοις

239 1263 529 1332 βαπτισμῷ
562 1262 831 1315 συνιέναι.
902 1257 1048 1314 οὕτω
1079 1257 1184 1330 γάρ
1225 1257 1294 1329 δὴ
1327 1260 1417 1315 καὶ
1459 1258 1560 1330 τὴν
1590 1257 1851 1331 βάπτισιν

194 1367 215 1397 b
240 1339 553 1413 ἀποδεκτὴν
583 1341 733 1419 αὐτῷ
765 1339 1124 1414 φαίνεσθαι.”

806 1563 937 1624 Ἀπὸ
967 1572 1066 1624 τοῦ
1097 1562 1284 1623 αὐτοῦ.
1787 1633 1790 1636 Δ
1875 1578 1915 1610 15

197 1716 214 1737 c
369 1678 461 1735 Vl.
499 1675 912 1751 “Εὐφράνθητι
954 1685 1152 1752 ἔρημος
1194 1683 1440 1751 διψῶσα,
1491 1677 1850 1751 ἀγαλλιάσθω

239 1769 468 1837 ἔρημος,
501 1765 591 1819 καὶ
623 1760 868 1820 άνθείτω
900 1761 973 1830 ὡς
1004 1769 1228 1836 κρίνον,
1269 1765 1360 1820 καὶ
1394 1762 1717 1836 ἐξανθήσει,
1759 1765 1849 1820 καὶ

238 1845 629 1920 άγαλλιάσεται
659 1872 725 1904 τα
755 1855 931 1920 ἔρημα
953 1872 1051 1905 του
1075 1845 1374 1920 Ἰορδάνου,
1405 1850 1496 1904 καὶ
1527 1845 1560 1918 ἡ
1594 1845 1725 1915 δόξα
1755 1871 1853 1905 του

243 1931 495 2005 Λιβάνου
527 1931 699 2004 ἐδόθη
731 1929 902 2005 αυτῇ,
934 1933 1026 1988 καὶ
1057 1930 1092 2002 ἡ
1122 1930 1251 2003 τιμὴ
1281 1934 1381 1987 τοῦ
1405 1929 1728 2040 Καρμήλου,
1761 1934 1851 1988 καὶ

238 2015 268 2073 ὁ
301 2017 430 2081 λαός
459 2039 566 2088 μου
589 2013 782 2081 οψεται
805 2015 907 2086 τὴν
931 2014 1099 2082 δόξαν
1122 2012 1359 2087 κυρίου)
1367 2010 1466 2072 ’.2
1500 2012 1582 2082 οις
1615 2018 1851 2088 ἐπιλέγει
1875 2041 1916 2073 20
1979 2033 1980 2037 ’

233 2096 536 2173 “ι’σχυσατε
575 2111 751 2171 χεῖρες
803 2096 1089 2206 άνειμέναι
1148 2100 1239 2155 καὶ
1289 2098 1495 2170 γόνατα
1539 2108 1849 2172 παραλελυ-
1978 2095 1979 2098 ¹

240 2186 407 2256 μένα,
440 2184 856 2254 παρακαλέσατε
886 2188 944 2240 oc
967 2181 1290 2256 ὀλιγόψυχοι
1319 2189 1385 2256 τῇ
1418 2190 1666 2260 διανοία,
1698 2184 1855 2258 ἰσχυ-

242 2286 401 2340 σατε,
432 2267 506 2341 μὴ
537 2273 827 2340 φοβεῖσθε.
891 2265 1017 2324 ἰδοῦ
1047 2266 1075 2324 ὁ
1119 2265 1251 2334 θεὸς
1282 2265 1439 2340 ἡμῶν
1469 2264 1655 2339 κρίσιν
1685 2265 1854 2326 ἄντα-

198 2378 215 2403 ‚³
243 2358 518 2410 ποδίδωσι
568 2355 659 2409 καὶ
700 2348 1098 2424 άνταποδσόσει.
1174 2350 1338 2419 αὐτὸς
1383 2349 1500 2424 ἥξει
1551 2355 1643 2410 καὶ
1683 2352 1853 2410 σώσει

242 2436 398 2510 ἡμᾶς.
443 2435 566 2494 τότε
599 2435 1030 2510 ἀνοιχθήσονται
1051 2433 1335 2509 ὀφθαλμοὶ
1367 2442 1596 2510 τυφλῶν
1625 2440 1717 2494 καὶ
1743 2429 1855 2495 ὦτα
1877 2462 1918 2494 25
1991 2434 1992 2458 ³

245 2524 453 2594 κωφῶν
483 2518 840 2578 ἀκούσονται·
874 2520 997 2579 τότε
1025 2519 1236 2579 ἁλεῖται
1268 2517 1341 2588 ὡς
1371 2527 1573 2595 ἔλαφος
1602 2521 1631 2579 ὁ
1662 2522 1854 2596 χωλὸς,

245 2607 338 2662 καὶ
377 2603 552 2678 τρανὴ
593 2612 745 2663 ἔσται
786 2610 1008 2678 γλῶσσα
1048 2604 1386 2679 μογιλάλων·
1442 2604 1525 2664 ὅτι
1557 2605 1761 2680 ἐρράγη
1794 2611 1854 2664 ἐν

246 2696 311 2763 τῇ
349 2689 533 2766 ἐρήμῳ
563 2689 720 2762 ’ὕδωρ
751 2693 843 2747 καὶ
874 2689 1091 2762 φάραγξ
1125 2693 1185 2747 ἐν
1215 2696 1283 2765 γῇ
1317 2687 1589 2765 διψώσῃ.”

361 2884 386 2922 6
416 2882 597 2934 Ioseph.
620 2884 725 2923 Ant.
748 2884 917 2924 XVIII.
941 2886 981 2931 5,
1006 2885 1044 2923 2.
1223 2884 1274 2923 16
1306 2883 1383 2923 Es.
1407 2885 1478 2935 35,
1503 2886 1539 2924 1.
