1992 3186
556 114 864 156 DEMONST.
896 115 1117 157 EVANG.
1147 116 1224 157 Ν.
1251 118 1317 157 10.
1657 114 1760 167 233

142 231 377 306 Ἰσραὴλ,
410 228 547 289 οὐδέ
571 254 633 303 γε
663 228 836 303 μόνον
866 228 962 287 τὸν
992 236 1199 288 οἰκεῖον
1230 235 1455 303 κλῆρον,
1487 229 1667 288 πάντα
1698 233 1759 289 δὲ

147 314 214 373 τὰ
246 318 335 374 ἐπὶ
365 319 464 388 γῆς
496 322 666 387 ἔθνη,
699 312 763 371 τὰ
795 313 1063 388 πρότερον
1100 320 1350 372 πλείοσιν
1390 311 1641 387 ἀγγέλοις
1671 339 1756 372 κε-

150 402 476 474 κληρωμένα
517 402 608 456 καὶ
648 405 934 465 παντοίαις
972 397 1250 471 ἀσεβείαις
1294 400 1753 473 κεκαλινδημένα,

147 482 257 541 ὑπὸ
286 482 388 555 τὴν
410 489 624 541 οἰκείαν
645 481 946 554 ὑποβαλών
972 485 1244 556 ἐξουσίαν,
1277 487 1462 557 παρῆν
1490 497 1604 550 τοῖς
1625 487 1760 541 πᾶσι

105 596 126 628 5
148 565 251 640 τὴν
280 565 415 640 πρὸς
445 567 542 625 τὸν
572 565 746 624 αὐτοῦ
769 568 976 641 πατέρα
999 573 1210 639 γνῶσίν
1229 590 1288 625 τε
1309 569 1399 628 καὶ
1421 573 1618 640 φιλίαν
1642 572 1761 625 ἐπι-

150 651 614 726 κηρυκευόμενος,
647 650 808 708 λύσιν
839 676 897 709 τε
919 654 1011 708 καὶ
1031 649 1233 724 ἄφεσιν
1254 655 1365 708 τῶν
1396 653 1531 726 πρὶν
1562 649 1760 724 ἀγνοη-

150 735 340 810 μάτων
382 739 472 793 καὶ
514 734 918 810 ἁμαρτημάτων
957 734 1416 808 ὑπισχνούμενος.
1492 741 1572 793 11.
1607 733 1637 793 ὂ
1668 739 1760 792 καὶ

149 824 340 893 σαφῶς
374 818 633 894 ἐκήρυττε
664 822 842 891 λέγων
864 818 968 876 “οὕ
998 826 1191 892 χρείαν
1216 826 1436 892 ἔχουσιν
1458 824 1515 877 οὗ
1543 818 1756 893 ἰσχύον·
1780 844 1804 876 b

148 927 235 972 τες
268 907 487 976 ἰατροῦ,
520 902 658 960 ἀλλά
688 928 740 959 οι
771 907 950 971 κακῶς
985 909 1215 976 ἔχοντες.
1317 902 1421 960 οὐκ
1450 896 1630 976 ἦλθον
1660 929 1758 961 κα-

85 1017 126 1048 10
150 991 304 1046 λέσαι
338 993 618 1060 δικαίους,
651 984 774 1044 ἀλλ’
808 985 1166 1061 ἁμαρτωλούς
1200 993 1277 1054 εἰς
1306 986 1618 1088 μετάνοιαν.
1677 993 1757 1046 12.

148 1075 240 1129 καὶ
274 1071 341 1146 δὴ
373 1075 557 1147 παρῆν
598 1085 711 1138 τοῖς
743 1077 966 1138 οἰκείοις
1004 1068 1283 1144 ἀγγέλοις,
1328 1068 1515 1138 αὐτοῖς
1548 1070 1615 1145 δὴ
1645 1087 1759 1139 τοῖς

147 1158 283 1230 πρὶν
328 1159 596 1229 ἐφεστῶσι
643 1159 754 1214 τῶν
796 1159 1008 1229 ἐθνῶν,
1054 1154 1556 1229 ἐπιθεωρούμενος.
1615 1160 1672 1213 οι
1699 1158 1759 1213 δε

151 1239 350 1298 αὐτίκα
390 1239 487 1299 τὸν
529 1244 690 1313 σφῶν
730 1238 943 1312 βοηθὸν
986 1242 1076 1297 καὶ
1109 1239 1305 1313 κύριον
1337 1241 1399 1297 εὐ
1429 1239 1574 1313 μάλα
1605 1237 1763 1312 ἀκρι-

150 1328 261 1396 βῶς
295 1323 613 1397 ἐπιγνόντες
644 1339 958 1398 περιχαρεις
990 1328 1317 1398 προσῆλθον
1346 1326 1438 1381 καὶ
1462 1323 1762 1398 διηκόνουν

86 1435 127 1467 15
151 1407 329 1484 αὐτῷ,
363 1406 548 1480 ῶσπερ
580 1407 612 1480 ἡ
648 1406 766 1479 ιερὰ
795 1412 894 1465 τοῦ
927 1410 1257 1481 εὐαγγελίου
1292 1407 1544 1466 διδάσκει
1573 1409 1760 1483 γραφὴ

142 1491 273 1549 ‘nal
315 1495 639 1565 προσῆλθον
683 1490 904 1564 άγγελοι
935 1494 1026 1548 καὶ
1062 1491 1361 1563 διηκόνουν
1402 1489 1590 1569 αῦτῷ,’
1651 1492 1762 1565 φή-

151 1593 322 1634 σασα·
372 1573 462 1633 ὅτε
493 1579 585 1632 καὶ
616 1581 831 1648 πλῆθος
865 1579 1118 1650 στρατιᾶς
1149 1573 1417 1648 οῦρανίου
1450 1575 1762 1633 αἰνουντων

148 1659 245 1717 τὸν
274 1658 414 1717 θεὸν
445 1658 672 1732 ἔλεγον“
677 1656 830 1727 δόξα
863 1663 921 1716 ἐν
952 1659 1205 1727 ὑψίστοις
1235 1665 1384 1736 θεῶ,
1417 1662 1509 1716 καὶ
1541 1662 1630 1717 ἐπὶ
1661 1663 1760 1732 γῆς

150 1743 361 1818 εἰρήνη,
396 1747 455 1800 ἐν
486 1742 807 1816 ἀνθρώποις
841 1742 1081 1801 εὐδοκία.
1090 1742 1119 1763 ”
1171 1748 1251 1801 13
1275 1742 1507 1810 τούτους
1531 1768 1633 1817 μεν
1658 1736 1762 1802 οῦν

86 1856 128 1887 20
152 1824 224 1895 ῶς
253 1833 490 1894 οἰκείους
521 1826 789 1900 ἀγγέλους
810 1834 904 1900 τῆς
927 1826 1099 1885 αυτοῦ
1134 1830 1428 1901 δεομένους
1450 1834 1762 1901 συμμαχίας

147 1911 320 1986 ταύτῃ
363 1934 439 1984 πη
480 1909 854 1986 ἀνελάμβανε·
915 1910 1043 1979 τοῦς
1089 1914 1154 1969 δέ
1190 1935 1251 1984 γε
1297 1910 1467 1969 πάλαι
1497 1909 1638 1986 ἀμφὶ
1667 1911 1763 1979 τὰς

149 1993 470 2069 ἀνθρώπων
518 1994 803 2070 διατριβάς
843 1997 1246 2070 πωτωμένους,
1301 1994 1530 2069 ἀφανῶς
1570 2020 1631 2054 τε
1671 1999 1761 2054 καὶ

151 2084 409 2154 ἐμφανῶς
451 2087 562 2137 τῶν
603 2083 692 2137 ε’πὶ
735 2084 833 2153 γῆς
865 2078 1455 2147 καταδυναστεῦοντας
1497 2086 1763 2154 δαίμονας

149 2164 487 2237 ἀλιτηρίους,
520 2167 610 2221 καὶ
641 2163 972 2238 πνευμάτων
990 2162 1202 2239 ἀγρίων
1232 2166 1322 2221 καὶ
1346 2163 1578 2238 ἀπηνῶν
1608 2167 1761 2238 γε’νη,

86 2274 128 2305 25
152 2247 247 2305 τόν
276 2272 335 2306 τε
377 2251 436 2305 ἐν
465 2247 677 2315 τούτοις
721 2255 817 2321 τῆς
858 2256 1050 2316 κακίας
1084 2247 1406 2322 ἐξάρχοντα,
1449 2247 1545 2306 τὸν
1578 2247 1763 2306 δεινὸν

152 2335 368 2389 ἐκεῖνον
410 2334 502 2389 καὶ
547 2330 850 2407 ἀλάστορα,
900 2331 1109 2407 μεγάλῃ
1161 2336 1253 2390 καὶ
1298 2335 1474 2409 ἐνθέῳ
1531 2332 1762 2404 δυνάμει

150 2415 522 2489 τροπούμενος
556 2420 851 2491 ἐχειροῦτο,
886 2417 958 2484 ῶς
981 2417 1132 2483 τινας
1154 2419 1634 2489 συναισθομένους
1666 2414 1762 2473 αὖ·
1786 2438 1809 2470 d

151 2503 264 2555 τῶν
295 2502 476 2570 λέγειν
498 2499 626 2573 “ἕα,
669 2508 725 2558 τί
751 2497 886 2574 ἡμῖν
924 2504 1014 2558 καὶ
1056 2503 1171 2572 σοὶ,
1215 2501 1303 2558 υἱὲ
1333 2506 1430 2557 τοῦ
1470 2504 1638 2569 θεοῦ;
1670 2493 1761 2572 ἦλ-

154 2592 253 2648 θες
296 2582 401 2656 πρὸ
443 2588 643 2657 καιροῦ
683 2593 980 2658 βασανίσαι
1021 2581 1229 2658 ἡμᾶς;”
1315 2588 1394 2640 14.
1429 2586 1520 2639 καὶ
1561 2582 1762 2641 τούσδε

264 2802 290 2841 8
320 2802 485 2841 Matth.
509 2805 547 2852 9,
574 2806 639 2846 12.
823 2807 887 2846 16=
906 2805 1069 2845 Matth.
1093 2804 1134 2856 4,
1161 2805 1226 2843 11.
1413 2804 1464 2843 18
1494 2804 1606 2845 Luc.
1628 2806 1667 2855 2,
1694 2806 1761 2847 13.

151 2860 205 2898 28
236 2858 392 2898 Matth
433 2859 470 2908 8,
496 2861 563 2899 29.
