1992 3186
572 143 880 184 DEMONST.
911 143 1130 186 EVANG.
1165 143 1291 186 vm.
1324 145 1363 187 5.
1654 143 1759 196 559

157 258 325 317 σώσει
365 257 596 332 αὐτοὺς,
642 264 853 333 κρίνων
894 257 1061 316 σώσει
1102 256 1338 332 αὐτούς,
1382 261 1475 316 καὶ
1513 254 1757 332 γνωστὸς

156 351 310 402 ἔσται
339 343 528 417 κύριος
558 357 672 409 τοῖς
704 349 1060 416 Αἰγυπτίοις,
1105 345 1196 400 καὶ
1226 342 1538 416 γνώσονται
1567 349 1625 402 οἱ
1651 351 1756 402 Αἰ-

155 427 373 502 γύπτιοι
411 426 609 503 κύριον
648 425 745 485 τὸν
791 425 932 486 θεὸν
973 431 1033 485 ἐν
1084 430 1153 503 τῇ
1179 425 1356 504 ἡμέρᾳ
1397 431 1608 503 ἐκείνῃ,
1662 431 1754 487 καὶ
1780 451 1865 493 [25⁸1

154 511 448 586 ποιήσουσι
477 519 714 584 θυσίας,
745 515 838 569 καὶ
870 510 1119 580 εὔξονται
1145 509 1307 586 εὐχὰς
1337 516 1415 590 τῷ
1436 520 1631 591 κυρίῳ,
1664 517 1758 572 καὶ

111 621 132 654 5
155 594 567 657 ἄποδώσουσι.”

282 686 330 739 3.
380 683 490 739 Καὶ
531 685 701 739 ταῦτα
743 679 1117 756 προλαβόντες
1158 682 1215 736 ἐκ
1254 683 1455 755 μέρους
1488 681 1758 756 διεσαφή-

156 784 345 839 σαμεν.
409 772 459 824 εἰ
502 767 604 839 μὲν
643 758 747 823 οὗν
785 763 860 839 μὴ
898 764 1027 831 τοὺς
1068 765 1357 842 πατρῴους
1386 766 1558 834 θεοὺς
1589 791 1758 824 κατα-

153 848 407 917 λιπόντες
448 849 746 923 Αἰγύπτιοι
778 846 912 906 καθ’
962 845 1101 923 ἡμᾶς
1143 847 1343 917 αὐτοὺς
1382 849 1622 924 ὁρῶνται
1660 851 1756 909 τὸν

151 939 265 991 τῶν
295 937 597 1009 προφητῶν
625 933 763 991 θεὸν
795 932 1241 1007 ἐπικαλούμενοι,
1276 941 1328 992 εἰ
1354 934 1428 1008 μὴ
1459 933 1594 993 καθ’
1626 933 1756 1009 ὅλης

89 1046 130 1078 1ο
152 1021 246 1093 τῆς
278 1018 568 1092 Αἰγύπτου
598 1015 737 1075 κατὰ
776 1017 956 1076 πάντα
993 1017 1164 1076 τόπον
1202 1021 1295 1076 καὶ
1336 1018 1498 1077 πόλιν
1528 1022 1621 1078 καὶ
1652 1019 1755 1094 χώ·

151 1127 257 1177 ραν
324 1099 686 1177 ἄνεγήγερται
753 1102 1156 1177 θυσιαστήριον
1216 1109 1293 1181 τῷ
1351 1103 1501 1178 παρὰ
1567 1103 1755 1177 μόνοις

141 1186 417 1262 Ἑβραίοις
456 1188 880 1264 θεολογουμένω
931 1192 1076 1264 θεῷ,
1132 1194 1183 1245 εἰ
1230 1187 1304 1261 μὴ
1357 1190 1634 1245 σέσεισται
1684 1182 1750 1246 τα
1775 1213 1864 1254 (414)

150 1277 502 1346 χειροποίητα
547 1271 866 1345 Αἰγύπτου,
919 1275 1015 1346 τῆς
1066 1275 1193 1347 περὶ
1239 1271 1379 1330 αὐτοὶ
1434 1278 1755 1347 δαιμονικῆς

155 1355 443 1430 δυνάμεως
487 1361 895 1429 ἐκλελοιπυίας,
938 1359 1029 1414 καὶ
1071 1360 1166 1430 τῆς
1207 1359 1443 1424 παλαιοῖς
1484 1363 1755 1416 δεισιδαι-

87 1466 128 1499 15
151 1447 347 1514 μονίας
379 1444 439 1498 ἐκ
468 1444 564 1514 τῆς
593 1447 706 1499 τῶν
738 1447 1066 1513 Αἰγυπτίων
1105 1444 1284 1516 ψυχῆς
1315 1439 1614 1517 ἀρθείσης,
1662 1447 1752 1500 καὶ

152 1531 230 1582 ἔτι
262 1524 398 1598 πρὸς
427 1525 638 1593 τούτοις
672 1532 722 1583 εἰ
749 1525 822 1598 μὴ
853 1522 989 1583 καθ’
1032 1524 1270 1600 ἑκάστην
1300 1525 1463 1583 πόλιν
1493 1528 1583 1583 καὶ
1617 1524 1751 1584 καθ’

151 1612 384 1668 ἕκαστον
414 1609 569 1668 οἶκον
599 1608 833 1684 πόλεμος
858 1608 1121 1684 ἐμφύλιος
1144 1623 1257 1677 τοῖς
1271 1616 1598 1683 Αἰγυπτίοις
1623 1628 1754 1668 συν-

151 1700 394 1767 ίσταται,
435 1700 548 1752 τῶν
587 1695 688 1768 μὲν
726 1693 823 1751 τὸν
854 1693 1048 1770 κύριον
1077 1696 1170 1751 καὶ
1201 1693 1260 1752 τὸ
1285 1698 1451 1767 σέβας
1481 1700 1581 1752 τοῦ
1611 1698 1756 1753 θεοῦ

149 1782 261 1835 τῶν
309 1782 612 1853 προφητῶν
662 1776 1090 1853 ἀποδεξαμένων
1135 1781 1227 1836 καὶ
1281 1776 1754 1853 ἀποστραφέντων

87 1890 127 1922 20
148 1860 250 1935 τὴν
283 1865 335 1931 ἐξ
367 1868 568 1931 αἰῶνος
598 1862 882 1921 πολύθεον
912 1863 1158 1937 πλάνην,
1190 1869 1303 1921 τῶν
1335 1864 1397 1921 δὲ
1431 1862 1522 1920 διὰ
1551 1865 1611 1921 τὸ
1640 1877 1754 1931 τοῖς

149 1953 398 2022 πατρίοις
439 1952 517 2004 ἔτι
557 1951 987 2023 προστετηκέναι
1026 1961 1215 2015 κακοῖς
1253 1948 1383 2015 τοὺς
1423 1948 1518 2006 τὸν
1556 1947 1753 2023 κύριον

149 2034 633 2105 παραδεξαμένους
657 2031 1076 2106 πολεμούντων,
1111 2039 1163 2090 εἰ
1181 2032 1255 2106 μὴ
1277 2036 1443 2090 εἰσέτι
1466 2035 1558 2089 καὶ
1586 2036 1751 2108 δεῦρο
1775 2058 1798 2091 b

152 2118 433 2191 ἐπερωτᾶν
483 2117 814 2193 πειρώμενοι
866 2118 994 2185 τοὺς
1048 2120 1265 2175 ἑαυτῶν
1315 2118 1489 2184 θεοὺς
1541 2119 1633 2174 καὶ
1686 2115 1753 2175 τα

149 2197 436 2274 ἀγάλματα
466 2203 557 2258 καὶ
600 2202 728 2269 τοὺς
761 2205 820 2260 ἐκ
859 2205 955 2275 τῆς
984 2205 1084 2275 γῆς
1125 2206 1454 2275 φωνοῦντας
1493 2204 1586 2258 καὶ
1626 2202 1754 2268 τοὺς

85 2310 127 2342 25
152 2284 625 2359 ἐγγαστριμύθους
665 2286 837 2360 ἀτελῆ
874 2289 966 2344 καὶ
1011 2285 1295 2362 ἄπρακτον
1343 2285 1446 2360 τὴν
1486 2288 1575 2343 ἐπὶ
1619 2285 1752 2342 τάδε

149 2369 478 2443 καταφυγὴν
508 2375 794 2429 ποιοῦνται
829 2371 919 2428 διὰ
947 2370 1007 2429 τὸ
1031 2370 1232 2445 μηκέθ’
1269 2371 1469 2444 ὁμοίως
1502 2374 1752 2441 ἐνεργεῖν

152 2451 433 2511 δύνασθαι
493 2452 677 2531 ῶσπερ
733 2455 791 2513 τὸ
850 2459 984 2528 πρὶν
1044 2453 1174 2522 τούς
1228 2461 1523 2527 δαίμονας,
1579 2459 1628 2508 εἰ
1677 2451 1750 2526 μὴ

150 2535 330 2594 πάντα
371 2543 544 2595 ταῦτα
586 2546 764 2614 ἔργοις
806 2537 994 2607 αὐτοῖς
1032 2542 1185 2606 τέλος
1228 2537 1494 2611 εἰληφότα
1533 2542 1752 2594 δείκνυ·

149 2645 266 2694 ται,
307 2620 383 2694 μή
422 2621 508 2679 πώ
546 2647 637 2695 μοι
675 2630 944 2697 νομίζοιτο
977 2622 1035 2680 τὸ
1076 2622 1418 2697 προφητικὸν
1457 2626 1752 2695 πεπληρῶ-

85 2731 126 2762 3ο
151 2716 287 2762 σθαι
326 2704 543 2779 λόγιον,
583 2709 724 2780 μηδὲ
761 2706 860 2766 τὸν
902 2706 1306 2782 θεσπιζόμενον
1345 2705 1541 2780 κύριον
1573 2709 1752 2763 ἐπιδε-

152 2792 454 2863 δημηκέναι
493 2793 572 2867 τῷ
610 2797 715 2868 βίῳ
753 2795 865 2849 τῶν
898 2791 1233 2864 ἀνθρώπων.
1294 2796 1343 2850 4.
1390 2797 1442 2849 εἰ
1470 2790 1532 2848 δὲ
1564 2789 1752 2857 αὐτοῖς
1781 2824 1798 2846 e

150 2880 329 2950 ἔργοις
374 2874 512 2932 κατὰ
551 2874 694 2933 πολύ
745 2882 860 2933 τῶν
911 2875 1093 2950 λόγων
1135 2879 1545 2953 ἐναργεστέροις
1587 2878 1751 2932 εἰσέτι
