1992 3186
244 135 348 187 332
925 136 1171 177 EUSEBII

245 254 417 325 μένου
446 250 596 323 παρὰ
633 266 746 318 τοῖς
781 249 1158 324 ἑβδομήκοντα
1201 254 1300 308 τοῦ
1320 249 1450 307 “καὶ
1483 248 1688 324 ω’φθην
1717 249 1857 322 πρὸς

238 334 483 408 Ἀβραὰμ
525 338 615 392 καὶ
647 333 832 392 Ἰσαὰκ
874 337 964 391 καὶ
1000 333 1220 406 Ἰακώβ,
1264 334 1396 403 θεὸς
1438 333 1622 392 αὐτῶν
1663 333 1762 393 ων’
1764 334 1852 393 '6

245 444 346 492 μεν
369 418 601 484 Ἀκύλας
625 414 808 520 φησὶ“
816 421 907 475 καὶ
933 415 1165 492 ωράθην
1188 417 1323 492 πρὸς
1342 416 1581 492 Ἀβρααμ
1603 421 1695 476 καὶ
1719 420 1854 493 πρὸς

241 501 423 561 Ἰσαάκ
463 504 553 558 καὶ
596 504 733 575 πρὸς
756 501 951 575 Ἰακώβ
995 506 1054 559 ἐν
1092 507 1210 579 θεῷ
1253 507 1448 579 ἱκανῷ·
1438 500 1488 528 ·”
1569 509 1616 561 6.
1654 501 1731 560 δι’
1776 528 1855 560 ων

247 593 437 660 σαφῶς
481 592 813 659 παρίστησιν
855 611 939 644 οτι
969 586 1043 659 μὴ
1075 585 1237 653 αὐτὸς
1267 583 1296 643 6
1330 589 1416 643 ἐπὶ
1447 586 1672 645 πάντων
1702 586 1899 659 θεὸς-,5

247 670 276 727 6
307 668 474 744 μόνος
506 668 612 742 ὢν,
655 670 729 727 δι’
766 674 966 729 ἑαυτοῦ
997 670 1196 743 οἵφθη,
1245 667 1368 727 ἀλλ’
1402 667 1533 728 οὐδ’
1567 670 1750 743 ὥσπερ
1779 674 1858 747 τῷ

206 789 222 810 c
254 763 476 826 Μωσεῖ,
518 753 662 812 οὕτω
705 757 940 821 καὶτοῖς
981 753 1220 828 πατράσι
1262 753 1334 811 δι’
1380 751 1646 827 άγγέλου,
1686 750 1720 827 ἢ
1765 754 1856 811 διὰ

247 837 438 911 βάτου,
470 835 504 910 ἢ
528 837 721 911 πυρὸς,
753 838 874 897 ἀλλ’
901 844 961 896 ἐν
978 842 1100 915 θεῷ
1124 843 1295 915 ἱκανῷ
1320 847 1664 912 χρηματίζων
1685 842 1853 912 ἐστὶν,

247 920 386 980 ὥστε
419 922 511 979 διὰ
538 927 637 980 τοῦ
666 928 796 980 υἱοῦ
823 922 920 981 τὸν
950 927 1158 995 πατέρα
1188 925 1280 980 καὶ
1309 937 1423 988 τοῖς
1453 922 1728 996 πατράσιν
1754 926 1858 980 ἕω-

247 1010 485 1080 ρᾱσθαι,
531 1031 668 1064 κατα
697 1005 758 1064 τὸ
789 1014 1082 1082 εἰρημένον
1113 1012 1175 1066 ἐν
1219 1005 1559 1079 εὐαγγελίοις
1588 1005 1724 1078 πρὸς
1754 1004 1857 1064 αύ-
1878 1030 1920 1062 ιο

246 1098 345 1148 τοῦ
368 1089 435 1147 ‘6
478 1091 735 1162 ἑωρακώς
774 1094 866 1165 ἐμὲ
910 1092 1118 1164 ἑώρακε
1162 1090 1260 1148 τὸν
1290 1093 1512 1162 πατέρα.
1526 1088 1555 1109 ”
1618 1095 1679 1148 ἐν
1709 1090 1856 1163 αὐτῷ

248 1199 351 1249 γαρ
384 1176 474 1231 καὶ
508 1172 584 1231 δι’
619 1173 794 1233 αὐτοῦ
821 1175 855 1248 ἡ
893 1182 992 1233 τοῦ
1023 1175 1228 1247 πατρὸς
1266 1172 1678 1233 ἆπεκαλύπτετο
1717 1179 1858 1248 γνῶ·

248 1277 346 1325 σις,
395 1264 440 1314 7.
466 1256 593 1316 ἀλλ’
627 1257 718 1316 ὅτε
739 1260 842 1333 μὲν
865 1258 1186 1332 ἀνθρώπων
1210 1258 1476 1333 σωτήριος
1511 1263 1857 1332 ἐπεφαίνετο,

249 1341 341 1400 διὰ
381 1347 476 1414 τῆς
516 1347 615 1400 τοῦ
655 1347 783 1401 υἱοῦ
824 1341 1180 1418 ἀνθρωπείας
1219 1347 1436 1416 μορφῆς
1467 1345 1704 1414 ἑωρᾶτο,
1744 1358 1858 1410 τοῖς

245 1429 535 1498 θεοφιλέσι
565 1426 667 1499 τὴν
700 1433 777 1494 εἰς
807 1427 1145 1501 ἀνθρώπους
1175 1426 1351 1484 αὐτοῦ
1381 1430 1650 1500 ἐσομένην
1679 1446 1858 1499 σωτη-
1880 1449 1922 1482 15

248 1517 377 1585 ρίαν
406 1525 520 1576 τοῖς
551 1515 686 1568 πᾶσι
717 1515 1009 1585 παροῦσαν
1040 1515 1092 1580 ἐξ
1130 1516 1347 1570 ἐκείνου
1377 1509 1860 1585 προαρραβωνιζό-

202 1619 222 1650 d
247 1610 437 1668 μενος”
480 1594 571 1652 ὅτε
602 1596 663 1652 δὲ
693 1600 806 1653 τῶν
828 1593 1050 1667 άσεβῶν
1071 1594 1307 1670 τιμωρὸς
1331 1597 1421 1653 καὶ
1446 1593 1718 1667 κολαστὴς
1746 1600 1859 1652 τῶν

247 1684 578 1750 Αἰγυπτίων
619 1686 847 1752 ἔμελλεν
886 1687 1143 1753 ἔσεσθαι,
1187 1679 1372 1738 οὐκέτι
1414 1683 1475 1738 ἐν
1514 1684 1632 1756 θεῷ
1664 1683 1855 1754 ἱκανῷ,

246 1761 365 1819 ἀλλ’
405 1767 465 1820 ἐν
495 1760 710 1839 ἀγγέλῳ
753 1763 993 1841 διακόνῳ
1031 1770 1128 1837 τῆς
1167 1771 1464 1837 τιμωρίας,
1505 1766 1598 1820 καὶ
1630 1766 1690 1820 ἐν
1722 1767 1858 1820 εῖδει

247 1846 423 1920 πυρὸς
463 1850 557 1904 καὶ
595 1853 692 1920 τῆς
722 1846 857 1905 ὅσον
885 1846 1040 1906 οὔπω
1080 1846 1385 1919 μελλούσης
1416 1844 1648 1918 αὐτοὺς,
1691 1851 1855 1919 δίκην
1877 1868 1919 1900 20

248 1929 443 2003 ἀγρίας
499 1933 593 1988 καὶ
645 1929 1014 1997 ἀκανθώδους
1070 1927 1229 2003 ὕλης,
1283 1937 1601 1988 κατεσθίειν
1651 1929 1857 2003 φλογὸς

247 2022 637 2086 παρεφαίνετο.
715 2021 1060 2071 αἰνίττεσθαι
1101 2007 1204 2071 οὖν
1243 2032 1381 2085 φασι
1422 2013 1524 2088 τὴν
1553 2015 1656 2088 μὲν
1685 2013 1858 2087 βάτον

246 2095 348 2169 τὴν
376 2102 490 2154 τῶν
521 2103 849 2170 Αἰγυπτίων
877 2095 1079 2170 ἀγρίαν
1118 2100 1211 2155 καὶ
1240 2095 1426 2171 ἀπηνῆ
1455 2101 1547 2155 καὶ
1579 2097 1856 2171 ἀνήμερον

247 2187 592 2254 μοχθηρίαν,
625 2179 684 2238 τὸ
719 2182 780 2237 δὲ
802 2185 916 2253 πῦρ
939 2181 1042 2254 τὴν
1067 2187 1448 2255 διαλαβοῦσαν
1470 2181 1671 2251 αὐτοὺς
1694 2206 1855 2255 τιμω-

249 2262 348 2338 ρόν
378 2268 470 2322 καὶ
501 2263 864 2338 κολαστήριον
895 2263 1193 2338 δύναμιν.”
1873 2286 1916 2319 25

392 2359 512 2410 XIV.
548 2345 731 2407 “Εἶπε
772 2349 832 2405 δὲ
882 2347 1071 2424 κύριος
1111 2348 1246 2421 πρὸς
1294 2354 1532 2420 Μωσῆν,
1582 2347 1708 2405 mm)
1749 2348 1854 2420 ἐγώ

246 2440 620 2505 παραγίνομαι
651 2433 786 2503 πρὸς
816 2432 878 2489 σὲ
910 2436 970 2491 ἐν
999 2432 1182 2508 στύλω
1214 2435 1476 2505 νεφέλης,
1517 2437 1611 2489 ἵνα
1641 2429 1853 2506 ἀκούσῃ

247 2512 276 2572 6
309 2516 437 2583 λαὸς
468 2515 769 2582 λαλοῦντός
799 2541 906 2589 μου
937 2515 1073 2588 πρὸς
1103 2517 1191 2588 σὲ,
1224 2519 1316 2573 καὶ
1341 2518 1428 2573 σοὶ
1460 2514 1832 2574 πιστεύσωσί

461 2605 483 2614 ευ
549 2597 610 2621 ‘C‘

249 2603 341 2656 καὶ
393 2603 515 2672 ἑξης
584 2626 614 2658 υ
670 2601 732 2658 δε
772 2599 904 2667 θεὸς
955 2597 1140 2703 ἡγεῖτο
1180 2598 1366 2657 αὐτῶν
1408 2596 1612 2673 ἡμέρας
1651 2601 1754 2673 μὲν
1794 2603 1855 2657 ἐν

249 2682 430 2760 στύλῳ
453 2687 708 2757 νεφέλης,
743 2687 916 2751 δεῖξαι
947 2682 1132 2751 αὐτοῖς
1154 2684 1256 2757 τὴν
1277 2681 1429 2757 ὁδὸν,
1460 2682 1563 2756 τὴν
1589 2685 1650 2741 δὲ
1679 2682 1852 2742 νύκτα
1873 2704 1915 2738 30

137 2341 226 2416 (24113

361 2877 415 2915 26
446 2876 586 2916 Exod.
614 2879 677 2926 19,
701 2879 740 2918 9.
916 2879 969 2924 29
999 2877 1140 2919 Exod.
1165 2879 1231 2929 13,
1255 2879 1323 2918 21.
