<?xml version="1.0" encoding="UTF-8"?>
<!DOCTYPE html PUBLIC "-//W3C//DTD XHTML 1.0 Transitional//EN"
    "http://www.w3.org/TR/xhtml1/DTD/xhtml1-transitional.dtd">
<html xmlns="http://www.w3.org/1999/xhtml" xml:lang="en" lang="en">
 <head>
  <title>
</title>
<meta http-equiv="Content-Type" content="text/html;charset=utf-8" />
  <meta name='ocr-system' content='tesseract 3.04.00' />
  <meta name='ocr-capabilities' content='ocr_page ocr_carea ocr_par ocr_line ocrx_word'/>
</head>
<body>
  <div class='ocr_page' id='page_1' title='image "./operaeusebius03euseuoft_0319.png"; bbox 0 0 1992 3186; ppageno 0'>
   <div class='ocr_carea' id='block_1_1' title="bbox 574 125 1742 177">
    <p class='ocr_par' dir='ltr' id='par_1_1' title="bbox 574 125 1742 177">
     <span class='ocr_line' id='line_1_1' title="bbox 574 125 1742 177; baseline 0.009 -11"><span class='ocrx_word' id='word_1_1' title='bbox 574 125 877 168; x_wconf 82' lang='lat' dir='ltr'>DEMONST.</span> <span class='ocrx_word' id='word_1_2' title='bbox 910 126 1129 169; x_wconf 81' lang='lat' dir='ltr'>EVANG.</span> <span class='ocrx_word' id='word_1_3' title='bbox 1167 127 1221 168; x_wconf 89' lang='lat' dir='ltr'><em>v.</em></span> <span class='ocrx_word' id='word_1_4' title='bbox 1259 128 1295 167; x_wconf 87' lang='lat'><em>1.</em></span> <span class='ocrx_word' id='word_1_5' title='bbox 1637 125 1742 177; x_wconf 79' lang='lat'><em>295</em></span> 
     </span>
    </p>
   </div>
   <div class='ocr_carea' id='block_1_2' title="bbox 58 239 1850 2926">
    <p class='ocr_par' dir='ltr' id='par_1_2' title="bbox 58 239 1850 2926">
     <span class='ocr_line' id='line_1_2' title="bbox 129 239 1739 315; baseline -0.001 -16"><span class='ocrx_word' id='word_1_6' title='bbox 129 240 234 315; x_wconf 81' lang='grc' dir='ltr'><em>ε’γῶ</em></span> <span class='ocrx_word' id='word_1_7' title='bbox 265 241 391 309; x_wconf 84' lang='grc' dir='ltr'><em>τοὺς</em></span> <span class='ocrx_word' id='word_1_8' title='bbox 425 243 515 315; x_wconf 77' lang='grc' dir='ltr'><em>ἐμὲ</em></span> <span class='ocrx_word' id='word_1_9' title='bbox 546 247 846 314; x_wconf 75' lang='grc' dir='ltr'><em>φιλοῦντας</em></span> <span class='ocrx_word' id='word_1_10' title='bbox 877 239 1100 314; x_wconf 92' lang='grc' dir='ltr'><em>ἀγαπῶ,</em></span> <span class='ocrx_word' id='word_1_11' title='bbox 1143 246 1200 299; x_wconf 77' lang='grc' dir='ltr'><em>οἱ</em></span> <span class='ocrx_word' id='word_1_12' title='bbox 1237 243 1298 299; x_wconf 76' lang='grc' dir='ltr'><em>δὲ</em></span> <span class='ocrx_word' id='word_1_13' title='bbox 1332 242 1423 314; x_wconf 77' lang='grc' dir='ltr'><em>ἐμὲ</em></span> <span class='ocrx_word' id='word_1_14' title='bbox 1455 247 1739 313; x_wconf 81' lang='grc' dir='ltr'><em>ζητοῦντες</em></span> 
     </span>
     <span class='ocr_line' id='line_1_3' title="bbox 129 322 1735 400; baseline 0 -17"><span class='ocrx_word' id='word_1_15' title='bbox 129 323 428 400; x_wconf 77' lang='grc' dir='ltr'><em>εὑρήσουσι</em></span> <span class='ocrx_word' id='word_1_16' title='bbox 469 324 656 399; x_wconf 83' lang='grc' dir='ltr'><em>χάριν·</em></span> <span class='ocrx_word' id='word_1_17' title='bbox 727 329 961 393; x_wconf 82' lang='grc' dir='ltr'><em>πλοῦτος</em></span> <span class='ocrx_word' id='word_1_18' title='bbox 1002 329 1092 383; x_wconf 87' lang='grc' dir='ltr'><em>καὶ</em></span> <span class='ocrx_word' id='word_1_19' title='bbox 1137 326 1268 394; x_wconf 82' lang='grc' dir='ltr'><em>δόξα</em></span> <span class='ocrx_word' id='word_1_20' title='bbox 1321 328 1438 399; x_wconf 82' lang='grc' dir='ltr'><em>ἐμοὶ</em></span> <span class='ocrx_word' id='word_1_21' title='bbox 1479 322 1735 400; x_wconf 78' lang='grc' dir='ltr'><em>ὑπάρχει,</em></span> 
     </span>
     <span class='ocr_line' id='line_1_4' title="bbox 127 409 1741 483; baseline -0.001 -16"><span class='ocrx_word' id='word_1_22' title='bbox 127 413 216 468; x_wconf 87' lang='grc' dir='ltr'><em>καὶ</em></span> <span class='ocrx_word' id='word_1_23' title='bbox 260 413 446 483; x_wconf 79' lang='grc' dir='ltr'><em>κτῆσις</em></span> <span class='ocrx_word' id='word_1_24' title='bbox 487 415 708 467; x_wconf 85' lang='grc' dir='ltr'><em>πολλῶν</em></span> <span class='ocrx_word' id='word_1_25' title='bbox 749 412 839 467; x_wconf 88' lang='grc' dir='ltr'><em>καὶ</em></span> <span class='ocrx_word' id='word_1_26' title='bbox 889 409 1228 483; x_wconf 78' lang='grc' dir='ltr'><em>δικαιοσύνη.</em></span> <span class='ocrx_word' id='word_1_27' title='bbox 1292 415 1338 467; x_wconf 75' lang='grc'><em>2.</em></span> <span class='ocrx_word' id='word_1_28' title='bbox 1387 413 1605 481; x_wconf 87' lang='grc' dir='ltr'><em>βέλτιον</em></span> <span class='ocrx_word' id='word_1_29' title='bbox 1649 411 1741 483; x_wconf 71' lang='grc' dir='ltr'><em>ἐμὲ</em></span> 
     </span>
     <span class='ocr_line' id='line_1_5' title="bbox 125 490 1732 569; baseline 0.001 -18"><span class='ocrx_word' id='word_1_30' title='bbox 125 501 489 569; x_wconf 81' lang='grc' dir='ltr'><em>καρπίζεσθαι</em></span> <span class='ocrx_word' id='word_1_31' title='bbox 528 490 670 566; x_wconf 73' lang='grc' dir='ltr'><em>ὑπὲρ</em></span> <span class='ocrx_word' id='word_1_32' title='bbox 701 502 934 568; x_wconf 88' lang='grc' dir='ltr'><em>χρυσίον</em></span> <span class='ocrx_word' id='word_1_33' title='bbox 973 497 1063 551; x_wconf 87' lang='grc' dir='ltr'><em>καὶ</em></span> <span class='ocrx_word' id='word_1_34' title='bbox 1108 502 1273 552; x_wconf 81' lang='grc' dir='ltr'><em>λίθον</em></span> <span class='ocrx_word' id='word_1_35' title='bbox 1314 501 1497 567; x_wconf 88' lang='grc' dir='ltr'><em>τίμιον</em></span> <span class='ocrx_word' id='word_1_36' title='bbox 1527 494 1732 552; x_wconf 83' lang='grc' dir='ltr'><em>πολύν·</em></span> 
     </span>
     <span class='ocr_line' id='line_1_6' title="bbox 82 577 1850 653; baseline 0.003 -18"><span class='ocrx_word' id='word_1_37' title='bbox 82 603 101 635; x_wconf 83' lang='grc'>5</span> <span class='ocrx_word' id='word_1_38' title='bbox 125 577 190 637; x_wconf 84' lang='grc' dir='ltr'><em>τά</em></span> <span class='ocrx_word' id='word_1_39' title='bbox 232 579 292 635; x_wconf 74' lang='grc' dir='ltr'><em>δὲ</em></span> <span class='ocrx_word' id='word_1_40' title='bbox 335 579 435 652; x_wconf 69' lang='grc' dir='ltr'><em>ἐμοὶ</em></span> <span class='ocrx_word' id='word_1_41' title='bbox 472 578 788 652; x_wconf 78' lang='grc' dir='ltr'><em>γεννήματα</em></span> <span class='ocrx_word' id='word_1_42' title='bbox 829 593 1090 651; x_wconf 88' lang='grc' dir='ltr'><em>κρεῖσσον</em></span> <span class='ocrx_word' id='word_1_43' title='bbox 1130 578 1402 653; x_wconf 81' lang='grc' dir='ltr'><em>ἀργυρίου</em></span> <span class='ocrx_word' id='word_1_44' title='bbox 1455 582 1727 636; x_wconf 84' lang='grc' dir='ltr'><em>ἐκλεκτοῦ.</em></span> <span class='ocrx_word' id='word_1_45' title='bbox 1765 598 1850 640; x_wconf 84' lang='lat'>[134]</span> 
     </span>
     <span class='ocr_line' id='line_1_7' title="bbox 126 659 1844 736; baseline 0.001 -15"><span class='ocrx_word' id='word_1_46' title='bbox 126 668 186 721; x_wconf 84' lang='grc' dir='ltr'><em>ἐν</em></span> <span class='ocrx_word' id='word_1_47' title='bbox 216 662 366 729; x_wconf 87' lang='grc' dir='ltr'><em>ὁδοῖς</em></span> <span class='ocrx_word' id='word_1_48' title='bbox 400 662 756 735; x_wconf 83' lang='grc' dir='ltr'><em>δικαιοσύνης</em></span> <span class='ocrx_word' id='word_1_49' title='bbox 787 666 1089 736; x_wconf 81' lang='grc' dir='ltr'><em>περιπατῶ,</em></span> <span class='ocrx_word' id='word_1_50' title='bbox 1123 666 1213 721; x_wconf 83' lang='grc' dir='ltr'><em>καὶ</em></span> <span class='ocrx_word' id='word_1_51' title='bbox 1248 668 1308 722; x_wconf 85' lang='grc' dir='ltr'><em>ἐν</em></span> <span class='ocrx_word' id='word_1_52' title='bbox 1338 659 1489 730; x_wconf 81' lang='grc' dir='ltr'><em>ὁδοῖς</em></span> <span class='ocrx_word' id='word_1_53' title='bbox 1523 668 1734 720; x_wconf 91' lang='grc' dir='ltr'><em>δικαιο-</em></span> <span class='ocrx_word' id='word_1_54' title='bbox 1755 684 1844 725; x_wconf 77' lang='lat'><strong>(212)</strong></span> 
     </span>
     <span class='ocr_line' id='line_1_8' title="bbox 125 744 1735 820; baseline 0.001 -16"><span class='ocrx_word' id='word_1_55' title='bbox 125 746 297 820; x_wconf 82' lang='grc' dir='ltr'><em>σύνης</em></span> <span class='ocrx_word' id='word_1_56' title='bbox 329 744 773 820; x_wconf 87' lang='grc' dir='ltr'><em>ἀναστρέφομαι,</em></span> <span class='ocrx_word' id='word_1_57' title='bbox 808 754 900 805; x_wconf 81' lang='grc' dir='ltr'><em>ἵνα</em></span> <span class='ocrx_word' id='word_1_58' title='bbox 930 754 1138 820; x_wconf 88' lang='grc' dir='ltr'><em>μερίσω</em></span> <span class='ocrx_word' id='word_1_59' title='bbox 1170 763 1282 815; x_wconf 92' lang='grc' dir='ltr'><em>τοῖς</em></span> <span class='ocrx_word' id='word_1_60' title='bbox 1317 750 1410 820; x_wconf 76' lang='grc' dir='ltr'><em>ἐμὲ</em></span> <span class='ocrx_word' id='word_1_61' title='bbox 1442 744 1735 819; x_wconf 80' lang='grc' dir='ltr'><em>ἀγαπῶσιν</em></span> 
     </span>
     <span class='ocr_line' id='line_1_9' title="bbox 122 830 1738 905; baseline 0 -17"><span class='ocrx_word' id='word_1_62' title='bbox 122 831 389 905; x_wconf 74' lang='grc' dir='ltr'><em>ὕπαρξιν,</em></span> <span class='ocrx_word' id='word_1_63' title='bbox 433 834 524 888; x_wconf 84' lang='grc' dir='ltr'><em>καὶ</em></span> <span class='ocrx_word' id='word_1_64' title='bbox 557 833 684 898; x_wconf 82' lang='grc' dir='ltr'><em>τούς</em></span> <span class='ocrx_word' id='word_1_65' title='bbox 715 830 1040 905; x_wconf 73' lang='grc' dir='ltr'><em>θησαυρούς</em></span> <span class='ocrx_word' id='word_1_66' title='bbox 1083 830 1268 890; x_wconf 81' lang='grc' dir='ltr'><em>αὐτῶν</em></span> <span class='ocrx_word' id='word_1_67' title='bbox 1311 830 1572 904; x_wconf 78' lang='grc' dir='ltr'><em>ἐμπλήσω</em></span> <span class='ocrx_word' id='word_1_68' title='bbox 1605 830 1738 904; x_wconf 78' lang='grc' dir='ltr'><em>ἀγα·</em></span> 
     </span>
     <span class='ocr_line' id='line_1_10' title="bbox 123 913 1736 989; baseline -0.001 -15"><span class='ocrx_word' id='word_1_69' title='bbox 123 921 272 974; x_wconf 84' lang='grc' dir='ltr'><em>θῶν·</em></span> <span class='ocrx_word' id='word_1_70' title='bbox 323 913 418 972; x_wconf 84' lang='grc' dir='ltr'><em>ε’ἀν</em></span> <span class='ocrx_word' id='word_1_71' title='bbox 448 914 760 988; x_wconf 90' lang='grc' dir='ltr'><em>ἀναγγείλω</em></span> <span class='ocrx_word' id='word_1_72' title='bbox 791 914 927 988; x_wconf 83' lang='grc' dir='ltr'><em>ὑμῖν</em></span> <span class='ocrx_word' id='word_1_73' title='bbox 957 914 1022 972; x_wconf 78' lang='grc' dir='ltr'><em>τὰ</em></span> <span class='ocrx_word' id='word_1_74' title='bbox 1047 915 1177 973; x_wconf 85' lang='grc' dir='ltr'><em>καθ’</em></span> <span class='ocrx_word' id='word_1_75' title='bbox 1216 913 1428 989; x_wconf 79' lang='grc' dir='ltr'><em>ἡμέραν</em></span> <span class='ocrx_word' id='word_1_76' title='bbox 1454 915 1736 988; x_wconf 87' lang='grc' dir='ltr'><em>γινόμενα,</em></span> 
     </span>
     <span class='ocr_line' id='line_1_11' title="bbox 58 998 1736 1074; baseline 0.001 -19"><span class='ocrx_word' id='word_1_77' title='bbox 58 1024 99 1056; x_wconf 81' lang='lat'><em>10</em></span> <span class='ocrx_word' id='word_1_78' title='bbox 122 999 486 1074; x_wconf 81' lang='grc' dir='ltr'><em>μνημονεύσω</em></span> <span class='ocrx_word' id='word_1_79' title='bbox 517 998 582 1057; x_wconf 78' lang='grc' dir='ltr'><em>τά</em></span> <span class='ocrx_word' id='word_1_80' title='bbox 616 1003 668 1067; x_wconf 82' lang='grc' dir='ltr'><em>ἐξ</em></span> <span class='ocrx_word' id='word_1_81' title='bbox 700 1003 902 1066; x_wconf 83' lang='grc' dir='ltr'><em>αἰῶνος</em></span> <span class='ocrx_word' id='word_1_82' title='bbox 933 999 1258 1074; x_wconf 85' lang='grc' dir='ltr'><em>ἀριθμῆσαι.</em></span> <span class='ocrx_word' id='word_1_83' title='bbox 1308 999 1496 1072; x_wconf 82' lang='grc' dir='ltr'><em>κύριος</em></span> <span class='ocrx_word' id='word_1_84' title='bbox 1523 1003 1736 1057; x_wconf 83' lang='grc' dir='ltr'><em>ἔκτισέν</em></span> 
     </span>
     <span class='ocr_line' id='line_1_12' title="bbox 122 1081 1738 1158; baseline 0 -17"><span class='ocrx_word' id='word_1_85' title='bbox 122 1107 190 1158; x_wconf 90' lang='grc' dir='ltr'><em>με</em></span> <span class='ocrx_word' id='word_1_86' title='bbox 221 1083 399 1158; x_wconf 86' lang='grc' dir='ltr'><em>ἀρχὴν</em></span> <span class='ocrx_word' id='word_1_87' title='bbox 429 1081 578 1141; x_wconf 82' lang='grc' dir='ltr'><em>ὁδῶν</em></span> <span class='ocrx_word' id='word_1_88' title='bbox 610 1083 783 1142; x_wconf 79' lang='grc' dir='ltr'><em>αὐτοῦ</em></span> <span class='ocrx_word' id='word_1_89' title='bbox 814 1090 891 1152; x_wconf 85' lang='grc' dir='ltr'><em>είς</em></span> <span class='ocrx_word' id='word_1_90' title='bbox 923 1092 1056 1157; x_wconf 80' lang='grc' dir='ltr'><em>ἔργα</em></span> <span class='ocrx_word' id='word_1_91' title='bbox 1088 1083 1288 1156; x_wconf 81' lang='grc' dir='ltr'><em>αὐτοῦ,</em></span> <span class='ocrx_word' id='word_1_92' title='bbox 1334 1084 1441 1155; x_wconf 86' lang='grc' dir='ltr'><em>πρὸ</em></span> <span class='ocrx_word' id='word_1_93' title='bbox 1473 1089 1572 1140; x_wconf 85' lang='grc' dir='ltr'><em>τοῦ</em></span> <span class='ocrx_word' id='word_1_94' title='bbox 1607 1089 1738 1141; x_wconf 84' lang='grc' dir='ltr'><em>αι’ῶ-</em></span> 
     </span>
     <span class='ocr_line' id='line_1_13' title="bbox 121 1166 1738 1242; baseline 0.001 -17"><span class='ocrx_word' id='word_1_95' title='bbox 121 1193 215 1236; x_wconf 86' lang='grc' dir='ltr'><em>νος</em></span> <span class='ocrx_word' id='word_1_96' title='bbox 257 1170 598 1240; x_wconf 84' lang='grc' dir='ltr'><em>ἐθεμελίωσέ</em></span> <span class='ocrx_word' id='word_1_97' title='bbox 634 1194 730 1241; x_wconf 85' lang='grc' dir='ltr'><em>με,</em></span> <span class='ocrx_word' id='word_1_98' title='bbox 774 1172 833 1226; x_wconf 83' lang='grc' dir='ltr'><em>ἐν</em></span> <span class='ocrx_word' id='word_1_99' title='bbox 874 1166 1014 1242; x_wconf 81' lang='grc' dir='ltr'><em>ἀρχῇ</em></span> <span class='ocrx_word' id='word_1_100' title='bbox 1058 1168 1163 1239; x_wconf 88' lang='grc' dir='ltr'><em>πρὸ</em></span> <span class='ocrx_word' id='word_1_101' title='bbox 1209 1174 1307 1226; x_wconf 81' lang='grc' dir='ltr'><em>τοῦ</em></span> <span class='ocrx_word' id='word_1_102' title='bbox 1351 1168 1452 1241; x_wconf 83' lang='grc' dir='ltr'><em>τὴν</em></span> <span class='ocrx_word' id='word_1_103' title='bbox 1483 1173 1589 1240; x_wconf 83' lang='grc' dir='ltr'><em>γῆν</em></span> <span class='ocrx_word' id='word_1_104' title='bbox 1621 1191 1738 1226; x_wconf 89' lang='grc' dir='ltr'><em>ποι-</em></span> 
     </span>
     <span class='ocr_line' id='line_1_14' title="bbox 122 1250 1739 1326; baseline 0.001 -16"><span class='ocrx_word' id='word_1_105' title='bbox 122 1257 251 1324; x_wconf 80' lang='grc' dir='ltr'><em>ῆσαι</em></span> <span class='ocrx_word' id='word_1_106' title='bbox 292 1256 382 1310; x_wconf 88' lang='grc' dir='ltr'><em>καὶ</em></span> <span class='ocrx_word' id='word_1_107' title='bbox 424 1252 528 1323; x_wconf 86' lang='grc' dir='ltr'><em>πρὸ</em></span> <span class='ocrx_word' id='word_1_108' title='bbox 560 1259 656 1310; x_wconf 85' lang='grc' dir='ltr'><em>τοῦ</em></span> <span class='ocrx_word' id='word_1_109' title='bbox 688 1252 782 1321; x_wconf 80' lang='grc' dir='ltr'><em>τὰς</em></span> <span class='ocrx_word' id='word_1_110' title='bbox 813 1250 1096 1324; x_wconf 77' lang='grc' dir='ltr'><em>ἀβύσσους</em></span> <span class='ocrx_word' id='word_1_111' title='bbox 1127 1259 1368 1325; x_wconf 87' lang='grc' dir='ltr'><em>ποιῆσαι.</em></span> <span class='ocrx_word' id='word_1_112' title='bbox 1419 1258 1466 1310; x_wconf 82' lang='lat'><em>3.</em></span> <span class='ocrx_word' id='word_1_113' title='bbox 1502 1252 1607 1326; x_wconf 88' lang='grc' dir='ltr'><em>πρὸ</em></span> <span class='ocrx_word' id='word_1_114' title='bbox 1639 1259 1739 1311; x_wconf 88' lang='grc' dir='ltr'><em>τοῦ</em></span> 
     </span>
     <span class='ocr_line' id='line_1_15' title="bbox 124 1333 1738 1410; baseline -0.001 -16"><span class='ocrx_word' id='word_1_115' title='bbox 124 1345 427 1407; x_wconf 84' lang='grc' dir='ltr'><em>προελθεῖν</em></span> <span class='ocrx_word' id='word_1_116' title='bbox 456 1337 551 1403; x_wconf 79' lang='grc' dir='ltr'><em>τὰς</em></span> <span class='ocrx_word' id='word_1_117' title='bbox 583 1336 760 1409; x_wconf 76' lang='grc' dir='ltr'><em>πηγὰς</em></span> <span class='ocrx_word' id='word_1_118' title='bbox 785 1341 895 1395; x_wconf 88' lang='grc' dir='ltr'><em>τῶν</em></span> <span class='ocrx_word' id='word_1_119' title='bbox 918 1333 1164 1410; x_wconf 77' lang='grc' dir='ltr'><em>ὑδάτων,</em></span> <span class='ocrx_word' id='word_1_120' title='bbox 1198 1337 1302 1410; x_wconf 82' lang='grc' dir='ltr'><em>πρὸ</em></span> <span class='ocrx_word' id='word_1_121' title='bbox 1327 1344 1427 1395; x_wconf 87' lang='grc' dir='ltr'><em>τοῦ</em></span> <span class='ocrx_word' id='word_1_122' title='bbox 1450 1336 1552 1410; x_wconf 84' lang='grc' dir='ltr'><em>ὅρη</em></span> <span class='ocrx_word' id='word_1_123' title='bbox 1578 1340 1738 1410; x_wconf 77' lang='grc' dir='ltr'><em>ἑδρα-</em></span> 
     </span>
     <span class='ocr_line' id='line_1_16' title="bbox 60 1419 1787 1497; baseline 0.003 -23"><span class='ocrx_word' id='word_1_124' title='bbox 60 1445 100 1476; x_wconf 83' lang='lat'><em>15</em></span> <span class='ocrx_word' id='word_1_125' title='bbox 125 1426 361 1492; x_wconf 87' lang='grc' dir='ltr'><em>σθῆναι,</em></span> <span class='ocrx_word' id='word_1_126' title='bbox 403 1419 506 1493; x_wconf 82' lang='grc' dir='ltr'><em>πρὸ</em></span> <span class='ocrx_word' id='word_1_127' title='bbox 551 1422 612 1478; x_wconf 72' lang='grc' dir='ltr'><em>δὲ</em></span> <span class='ocrx_word' id='word_1_128' title='bbox 652 1420 879 1478; x_wconf 85' lang='grc' dir='ltr'><em>πάντων</em></span> <span class='ocrx_word' id='word_1_129' title='bbox 920 1428 1143 1492; x_wconf 85' lang='grc' dir='ltr'><em>βουνῶν</em></span> <span class='ocrx_word' id='word_1_130' title='bbox 1185 1428 1355 1497; x_wconf 78' lang='grc' dir='ltr'><em>γεννᾷ</em></span> <span class='ocrx_word' id='word_1_131' title='bbox 1396 1446 1477 1495; x_wconf 92' lang='grc' dir='ltr'><em>με.</em></span> <span class='ocrx_word' id='word_1_132' title='bbox 1547 1421 1736 1495; x_wconf 81' lang='grc' dir='ltr'><em>κύριος</em></span> <span class='ocrx_word' id='word_1_133' title='bbox 1765 1440 1787 1472; x_wconf 89' lang='lat' dir='ltr'>b</span> 
     </span>
     <span class='ocr_line' id='line_1_17' title="bbox 125 1503 1739 1579; baseline 0 -17"><span class='ocrx_word' id='word_1_134' title='bbox 125 1508 383 1577; x_wconf 84' lang='grc' dir='ltr'><em>ἐποίησεν</em></span> <span class='ocrx_word' id='word_1_135' title='bbox 423 1503 602 1579; x_wconf 78' lang='grc' dir='ltr'><em>χώρας</em></span> <span class='ocrx_word' id='word_1_136' title='bbox 644 1503 932 1578; x_wconf 82' lang='grc' dir='ltr'><em>ἀοικήτους</em></span> <span class='ocrx_word' id='word_1_137' title='bbox 974 1507 1064 1562; x_wconf 82' lang='grc' dir='ltr'><em>καὶ</em></span> <span class='ocrx_word' id='word_1_138' title='bbox 1106 1505 1248 1578; x_wconf 80' lang='grc' dir='ltr'><em>ἄκρα</em></span> <span class='ocrx_word' id='word_1_139' title='bbox 1295 1505 1598 1578; x_wconf 83' lang='grc' dir='ltr'><em>οἰκούμενα</em></span> <span class='ocrx_word' id='word_1_140' title='bbox 1643 1512 1739 1577; x_wconf 84' lang='grc' dir='ltr'><em>τῆς</em></span> 
     </span>
     <span class='ocr_line' id='line_1_18' title="bbox 122 1585 1740 1662; baseline 0.001 -17"><span class='ocrx_word' id='word_1_141' title='bbox 122 1585 218 1646; x_wconf 76' lang='grc' dir='ltr'><em>ὑπ’</em></span> <span class='ocrx_word' id='word_1_142' title='bbox 256 1586 524 1661; x_wconf 80' lang='grc' dir='ltr'><em>οὐρανόν·</em></span> <span class='ocrx_word' id='word_1_143' title='bbox 594 1589 759 1662; x_wconf 81' lang='grc' dir='ltr'><em>ἡνίκα</em></span> <span class='ocrx_word' id='word_1_144' title='bbox 791 1588 1042 1662; x_wconf 81' lang='grc' dir='ltr'><em>ἡτοίμαζε</em></span> <span class='ocrx_word' id='word_1_145' title='bbox 1074 1589 1170 1646; x_wconf 84' lang='grc' dir='ltr'><em>τὸν</em></span> <span class='ocrx_word' id='word_1_146' title='bbox 1209 1587 1483 1661; x_wconf 79' lang='grc' dir='ltr'><em>οὐρανὸν,</em></span> <span class='ocrx_word' id='word_1_147' title='bbox 1519 1608 1740 1662; x_wconf 85' lang='grc' dir='ltr'><em>συμπα-</em></span> 
     </span>
     <span class='ocr_line' id='line_1_19' title="bbox 123 1671 1732 1749; baseline 0 -19"><span class='ocrx_word' id='word_1_148' title='bbox 123 1672 305 1746; x_wconf 85' lang='grc' dir='ltr'><em>ρήμην</em></span> <span class='ocrx_word' id='word_1_149' title='bbox 335 1671 486 1749; x_wconf 73' lang='grc' dir='ltr'><em>αὐτῷ</em></span> <span class='ocrx_word' id='word_1_150' title='bbox 501 1717 515 1745; x_wconf 88' lang='grc'><em>,</em></span> <span class='ocrx_word' id='word_1_151' title='bbox 547 1676 638 1731; x_wconf 84' lang='grc' dir='ltr'><em>καὶ</em></span> <span class='ocrx_word' id='word_1_152' title='bbox 669 1671 759 1730; x_wconf 79' lang='grc' dir='ltr'><em>ὅτε</em></span> <span class='ocrx_word' id='word_1_153' title='bbox 789 1671 1029 1746; x_wconf 81' lang='grc' dir='ltr'><em>ἀφῶριζε</em></span> <span class='ocrx_word' id='word_1_154' title='bbox 1059 1672 1155 1731; x_wconf 79' lang='grc' dir='ltr'><em>τὸν</em></span> <span class='ocrx_word' id='word_1_155' title='bbox 1189 1676 1390 1731; x_wconf 83' lang='grc' dir='ltr'><em>ἑαυτοῦ</em></span> <span class='ocrx_word' id='word_1_156' title='bbox 1412 1672 1623 1744; x_wconf 87' lang='grc' dir='ltr'><em>θρόνον</em></span> <span class='ocrx_word' id='word_1_157' title='bbox 1650 1673 1732 1731; x_wconf 80' lang='grc' dir='ltr'><em>ἐπ’</em></span> 
     </span>
     <span class='ocr_line' id='line_1_20' title="bbox 123 1754 1737 1831; baseline 0.001 -18"><span class='ocrx_word' id='word_1_158' title='bbox 123 1754 367 1830; x_wconf 84' lang='grc' dir='ltr'><em>ἀνέμων·</em></span> <span class='ocrx_word' id='word_1_159' title='bbox 429 1760 595 1830; x_wconf 81' lang='grc' dir='ltr'><em>ἡνίκα</em></span> <span class='ocrx_word' id='word_1_160' title='bbox 639 1757 835 1831; x_wconf 82' lang='grc' dir='ltr'><em>ίσχυρά</em></span> <span class='ocrx_word' id='word_1_161' title='bbox 879 1761 1050 1815; x_wconf 82' lang='grc' dir='ltr'><em>ἐποίει</em></span> <span class='ocrx_word' id='word_1_162' title='bbox 1094 1758 1158 1815; x_wconf 76' lang='grc' dir='ltr'><em>τὰ</em></span> <span class='ocrx_word' id='word_1_163' title='bbox 1192 1756 1308 1815; x_wconf 77' lang='grc' dir='ltr'><em>ἅνω</em></span> <span class='ocrx_word' id='word_1_164' title='bbox 1341 1762 1503 1830; x_wconf 82' lang='grc' dir='ltr'><em>νέφη,</em></span> <span class='ocrx_word' id='word_1_165' title='bbox 1537 1760 1627 1814; x_wconf 91' lang='grc' dir='ltr'><em>καὶ</em></span> <span class='ocrx_word' id='word_1_166' title='bbox 1662 1757 1737 1823; x_wconf 84' lang='grc' dir='ltr'><em>ῶς</em></span> 
     </span>
     <span class='ocr_line' id='line_1_21' title="bbox 58 1838 1735 1917; baseline 0.001 -21"><span class='ocrx_word' id='word_1_167' title='bbox 58 1864 98 1897; x_wconf 84' lang='lat'><em>20</em></span> <span class='ocrx_word' id='word_1_168' title='bbox 121 1838 387 1914; x_wconf 83' lang='grc' dir='ltr'><em>ἀσφαλεῖς</em></span> <span class='ocrx_word' id='word_1_169' title='bbox 421 1845 592 1900; x_wconf 83' lang='grc' dir='ltr'><em>ἐτίθει</em></span> <span class='ocrx_word' id='word_1_170' title='bbox 625 1840 802 1914; x_wconf 85' lang='grc' dir='ltr'><em>πηγάς</em></span> <span class='ocrx_word' id='word_1_171' title='bbox 832 1847 925 1914; x_wconf 83' lang='grc' dir='ltr'><em>τῆς</em></span> <span class='ocrx_word' id='word_1_172' title='bbox 955 1839 1053 1900; x_wconf 84' lang='grc' dir='ltr'><em>ὑπ’</em></span> <span class='ocrx_word' id='word_1_173' title='bbox 1088 1841 1350 1915; x_wconf 84' lang='grc' dir='ltr'><em>οὐρανὸν,</em></span> <span class='ocrx_word' id='word_1_174' title='bbox 1386 1846 1444 1899; x_wconf 88' lang='grc' dir='ltr'><em>έν</em></span> <span class='ocrx_word' id='word_1_175' title='bbox 1475 1847 1549 1917; x_wconf 78' lang='grc' dir='ltr'><em>τῷ</em></span> <span class='ocrx_word' id='word_1_176' title='bbox 1581 1845 1735 1898; x_wconf 85' lang='grc' dir='ltr'><em>τιθέ-</em></span> 
     </span>
     <span class='ocr_line' id='line_1_22' title="bbox 122 1923 1737 2001; baseline 0 -19"><span class='ocrx_word' id='word_1_177' title='bbox 122 1950 214 1982; x_wconf 88' lang='grc' dir='ltr'><em>ναι</em></span> <span class='ocrx_word' id='word_1_178' title='bbox 265 1929 333 2000; x_wconf 78' lang='grc' dir='ltr'><em>τῇ</em></span> <span class='ocrx_word' id='word_1_179' title='bbox 375 1926 633 2001; x_wconf 80' lang='grc' dir='ltr'><em>θαλάσσῃ</em></span> <span class='ocrx_word' id='word_1_180' title='bbox 675 1923 1023 1998; x_wconf 87' lang='grc' dir='ltr'><em>ἀκριβασμόν</em></span> <span class='ocrx_word' id='word_1_181' title='bbox 1064 1925 1268 1998; x_wconf 79' lang='grc' dir='ltr'><em>αὐτοῦ,</em></span> <span class='ocrx_word' id='word_1_182' title='bbox 1322 1928 1411 1983; x_wconf 88' lang='grc' dir='ltr'><em>καὶ</em></span> <span class='ocrx_word' id='word_1_183' title='bbox 1452 1924 1629 1983; x_wconf 76' lang='grc' dir='ltr'><em>ὕδατα</em></span> <span class='ocrx_word' id='word_1_184' title='bbox 1670 1923 1737 1983; x_wconf 78' lang='grc' dir='ltr'><em>οὐ</em></span> 
     </span>
     <span class='ocr_line' id='line_1_23' title="bbox 122 2007 1736 2084; baseline 0.001 -18"><span class='ocrx_word' id='word_1_185' title='bbox 122 2009 553 2081; x_wconf 84' lang='grc' dir='ltr'><em>παρελεύσονται</em></span> <span class='ocrx_word' id='word_1_186' title='bbox 605 2011 777 2084; x_wconf 89' lang='grc' dir='ltr'><em>στόμα</em></span> <span class='ocrx_word' id='word_1_187' title='bbox 819 2009 1018 2068; x_wconf 85' lang='grc' dir='ltr'><em>αυτοῦ</em></span> <span class='ocrx_word' id='word_1_188' title='bbox 1088 2007 1255 2083; x_wconf 82' lang='grc' dir='ltr'><em>ἡνίκα</em></span> <span class='ocrx_word' id='word_1_189' title='bbox 1309 2009 1507 2084; x_wconf 83' lang='grc' dir='ltr'><em>ίσχυρά</em></span> <span class='ocrx_word' id='word_1_190' title='bbox 1565 2013 1736 2068; x_wconf 83' lang='grc' dir='ltr'><em>ἐποίει</em></span> 
     </span>
     <span class='ocr_line' id='line_1_24' title="bbox 120 2091 1736 2197; baseline 0 -47"><span class='ocrx_word' id='word_1_191' title='bbox 120 2093 185 2149; x_wconf 74' lang='grc' dir='ltr'><em>τοὶ</em></span> <span class='ocrx_word' id='word_1_192' title='bbox 215 2097 447 2166; x_wconf 89' lang='grc' dir='ltr'><em>θεμέλια</em></span> <span class='ocrx_word' id='word_1_193' title='bbox 478 2098 574 2166; x_wconf 80' lang='grc' dir='ltr'><em>τῆς</em></span> <span class='ocrx_word' id='word_1_194' title='bbox 604 2101 722 2168; x_wconf 83' lang='grc' dir='ltr'><em>γῆς,</em></span> <span class='ocrx_word' id='word_1_195' title='bbox 757 2092 903 2167; x_wconf 82' lang='grc' dir='ltr'><em>ἥμην</em></span> <span class='ocrx_word' id='word_1_196' title='bbox 933 2093 1055 2168; x_wconf 85' lang='grc' dir='ltr'><em>παρ’</em></span> <span class='ocrx_word' id='word_1_197' title='bbox 1082 2093 1230 2171; x_wconf 78' lang='grc' dir='ltr'><em>αὐτῷ</em></span> <span class='ocrx_word' id='word_1_198' title='bbox 1255 2091 1593 2197; x_wconf 76' lang='grc' dir='ltr'><em>ἁρμόζουσα·</em></span> <span class='ocrx_word' id='word_1_199' title='bbox 1632 2093 1736 2166; x_wconf 85' lang='grc' dir='ltr'><em>ε’γῶ</em></span> 
     </span>
     <span class='ocr_line' id='line_1_25' title="bbox 121 2175 1785 2253; baseline 0 -19"><span class='ocrx_word' id='word_1_200' title='bbox 121 2175 267 2250; x_wconf 80' lang='grc' dir='ltr'><em>ἥμην</em></span> <span class='ocrx_word' id='word_1_201' title='bbox 297 2179 330 2252; x_wconf 81' lang='grc' dir='ltr'><em>ᾑ</em></span> <span class='ocrx_word' id='word_1_202' title='bbox 363 2183 710 2253; x_wconf 86' lang='grc' dir='ltr'><em>προσέχαιρε,</em></span> <span class='ocrx_word' id='word_1_203' title='bbox 743 2176 878 2236; x_wconf 87' lang='grc' dir='ltr'><em>καθ’</em></span> <span class='ocrx_word' id='word_1_204' title='bbox 912 2175 1124 2253; x_wconf 84' lang='grc' dir='ltr'><em>ημέραν</em></span> <span class='ocrx_word' id='word_1_205' title='bbox 1157 2181 1217 2236; x_wconf 87' lang='grc' dir='ltr'><em>δε</em></span> <span class='ocrx_word' id='word_1_206' title='bbox 1257 2176 1642 2251; x_wconf 82' lang='grc' dir='ltr'><em>εὐφραινόμην</em></span> <span class='ocrx_word' id='word_1_207' title='bbox 1677 2182 1736 2236; x_wconf 85' lang='grc' dir='ltr'><em>ἐν</em></span> <span class='ocrx_word' id='word_1_208' title='bbox 1769 2212 1785 2234; x_wconf 80' lang='lat' dir='ltr'>e</span> 
     </span>
     <span class='ocr_line' id='line_1_26' title="bbox 59 2260 1736 2340; baseline 0.001 -22"><span class='ocrx_word' id='word_1_209' title='bbox 59 2283 98 2315; x_wconf 82' lang='lat'><em>25</em></span> <span class='ocrx_word' id='word_1_210' title='bbox 123 2262 399 2339; x_wconf 78' lang='grc' dir='ltr'><em>προσώπω</em></span> <span class='ocrx_word' id='word_1_211' title='bbox 432 2260 600 2321; x_wconf 80' lang='grc' dir='ltr'><em>αὐτοῦ</em></span> <span class='ocrx_word' id='word_1_212' title='bbox 635 2267 694 2320; x_wconf 86' lang='grc' dir='ltr'><em>ἐν</em></span> <span class='ocrx_word' id='word_1_213' title='bbox 726 2266 892 2320; x_wconf 79' lang='grc' dir='ltr'><em>παντὶ</em></span> <span class='ocrx_word' id='word_1_214' title='bbox 923 2268 1116 2340; x_wconf 79' lang='grc' dir='ltr'><em>καιρῷ,</em></span> <span class='ocrx_word' id='word_1_215' title='bbox 1149 2261 1239 2320; x_wconf 83' lang='grc' dir='ltr'><em>ὅτε</em></span> <span class='ocrx_word' id='word_1_216' title='bbox 1258 2260 1602 2336; x_wconf 87' lang='grc' dir='ltr'><em>ηυφραίνετο</em></span> <span class='ocrx_word' id='word_1_217' title='bbox 1634 2262 1736 2334; x_wconf 86' lang='grc' dir='ltr'><em>τὴν</em></span> 
     </span>
     <span class='ocr_line' id='line_1_27' title="bbox 121 2349 1735 2420; baseline 0.001 -19"><span class='ocrx_word' id='word_1_218' title='bbox 121 2349 451 2419; x_wconf 85' lang='grc' dir='ltr'><em>οἰκουμένην</em></span> <span class='ocrx_word' id='word_1_219' title='bbox 505 2350 838 2413; x_wconf 80' lang='grc' dir='ltr'><em>συντελέσας</em></span> <span class='ocrx_word' id='word_1_220' title='bbox 887 2350 977 2404; x_wconf 88' lang='grc' dir='ltr'><em>καὶ</em></span> <span class='ocrx_word' id='word_1_221' title='bbox 1021 2351 1423 2420; x_wconf 86' lang='grc' dir='ltr'><em>ἐνηυφραίνετο</em></span> <span class='ocrx_word' id='word_1_222' title='bbox 1468 2351 1527 2404; x_wconf 83' lang='grc' dir='ltr'><em>ἐν</em></span> <span class='ocrx_word' id='word_1_223' title='bbox 1592 2351 1735 2413; x_wconf 78' lang='grc' dir='ltr'><em>υἱοῖς</em></span> 
     </span>
     <span class='ocr_line' id='line_1_28' title="bbox 123 2427 1527 2509; baseline 0.003 -25"><span class='ocrx_word' id='word_1_224' title='bbox 123 2427 494 2501; x_wconf 74' lang='grc' dir='ltr'><em>ἀνθρώπων.”</em></span> <span class='ocrx_word' id='word_1_225' title='bbox 1521 2503 1527 2509; x_wconf 24' lang='lat'>⁸</span> 
     </span>
     <span class='ocr_line' id='line_1_29' title="bbox 250 2510 1728 2588; baseline 0.001 -21"><span class='ocrx_word' id='word_1_226' title='bbox 250 2517 298 2568; x_wconf 87' lang='lat'><em>4.</em></span> <span class='ocrx_word' id='word_1_227' title='bbox 326 2510 395 2570; x_wconf 85' lang='lat' dir='ltr'><em>‘H</em></span> <span class='ocrx_word' id='word_1_228' title='bbox 419 2513 524 2588; x_wconf 87' lang='grc' dir='ltr'><em>πρὸ</em></span> <span class='ocrx_word' id='word_1_229' title='bbox 555 2519 666 2572; x_wconf 87' lang='grc' dir='ltr'><em>τῶν</em></span> <span class='ocrx_word' id='word_1_230' title='bbox 695 2518 982 2588; x_wconf 76' lang='grc' dir='ltr'><em>γεννητῶν</em></span> <span class='ocrx_word' id='word_1_231' title='bbox 1012 2521 1142 2572; x_wconf 88' lang='grc' dir='ltr'><em>θεία</em></span> <span class='ocrx_word' id='word_1_232' title='bbox 1174 2516 1264 2571; x_wconf 84' lang='grc' dir='ltr'><em>καὶ</em></span> <span class='ocrx_word' id='word_1_233' title='bbox 1299 2513 1604 2585; x_wconf 86' lang='grc' dir='ltr'><em>πανάρετος</em></span> <span class='ocrx_word' id='word_1_234' title='bbox 1635 2511 1728 2569; x_wconf 82' lang='grc' dir='ltr'><em>οὐ·</em></span> 
     </span>
     <span class='ocr_line' id='line_1_30' title="bbox 125 2591 1733 2672; baseline 0.002 -22"><span class='ocrx_word' id='word_1_235' title='bbox 125 2601 246 2666; x_wconf 88' lang='grc' dir='ltr'><em>σία,</em></span> <span class='ocrx_word' id='word_1_236' title='bbox 285 2591 318 2668; x_wconf 79' lang='grc' dir='ltr'>ἡ</span> <span class='ocrx_word' id='word_1_237' title='bbox 353 2597 512 2672; x_wconf 75' lang='grc' dir='ltr'><em>νοερὰ</em></span> <span class='ocrx_word' id='word_1_238' title='bbox 544 2601 634 2655; x_wconf 86' lang='grc' dir='ltr'><em>καὶ</em></span> <span class='ocrx_word' id='word_1_239' title='bbox 667 2598 1009 2669; x_wconf 87' lang='grc' dir='ltr'><em>πρωτότοκος</em></span> <span class='ocrx_word' id='word_1_240' title='bbox 1041 2602 1135 2669; x_wconf 86' lang='grc' dir='ltr'><em>τῆς</em></span> <span class='ocrx_word' id='word_1_241' title='bbox 1168 2597 1475 2670; x_wconf 83' lang='grc' dir='ltr'><em>ἀγεννήτου</em></span> <span class='ocrx_word' id='word_1_242' title='bbox 1509 2595 1733 2666; x_wconf 86' lang='grc' dir='ltr'><em>φύσεως</em></span> 
     </span>
     <span class='ocr_line' id='line_1_31' title="bbox 59 2678 1734 2755; baseline 0.003 -23"><span class='ocrx_word' id='word_1_243' title='bbox 59 2701 101 2731; x_wconf 87' lang='lat'><em>30</em></span> <span class='ocrx_word' id='word_1_244' title='bbox 128 2678 321 2750; x_wconf 76' lang='grc' dir='ltr'><em>εἰκῶν,</em></span> <span class='ocrx_word' id='word_1_245' title='bbox 364 2679 392 2736; x_wconf 87' lang='grc' dir='ltr'>ὁ</span> <span class='ocrx_word' id='word_1_246' title='bbox 423 2681 646 2753; x_wconf 85' lang='grc' dir='ltr'><em>γνήσιος</em></span> <span class='ocrx_word' id='word_1_247' title='bbox 678 2685 768 2739; x_wconf 87' lang='grc' dir='ltr'><em>καὶ</em></span> <span class='ocrx_word' id='word_1_248' title='bbox 798 2682 1102 2755; x_wconf 84' lang='grc' dir='ltr'><em>μονογενὴς</em></span> <span class='ocrx_word' id='word_1_249' title='bbox 1144 2687 1241 2738; x_wconf 84' lang='grc' dir='ltr'><em>τοῦ</em></span> <span class='ocrx_word' id='word_1_250' title='bbox 1274 2685 1384 2738; x_wconf 88' lang='grc' dir='ltr'><em>τῶν</em></span> <span class='ocrx_word' id='word_1_251' title='bbox 1414 2679 1561 2738; x_wconf 80' lang='grc' dir='ltr'><em>ὅλων</em></span> <span class='ocrx_word' id='word_1_252' title='bbox 1592 2683 1734 2738; x_wconf 80' lang='grc' dir='ltr'><em>θεοῦ</em></span> 
     </span>
     <span class='ocr_line' id='line_1_32' title="bbox 128 2761 1733 2837; baseline 0.002 -20"><span class='ocrx_word' id='word_1_253' title='bbox 128 2761 245 2828; x_wconf 84' lang='grc' dir='ltr'><em>υίὸς</em></span> <span class='ocrx_word' id='word_1_254' title='bbox 277 2763 640 2836; x_wconf 77' lang='grc' dir='ltr'><em>πολυώνυμός</em></span> <span class='ocrx_word' id='word_1_255' title='bbox 681 2790 761 2831; x_wconf 88' lang='grc' dir='ltr'><em>τις</em></span> <span class='ocrx_word' id='word_1_256' title='bbox 803 2762 882 2822; x_wconf 76' lang='grc' dir='ltr'><em>ῶν</em></span> <span class='ocrx_word' id='word_1_257' title='bbox 938 2768 1027 2822; x_wconf 89' lang='grc' dir='ltr'><em>καὶ</em></span> <span class='ocrx_word' id='word_1_258' title='bbox 1062 2765 1152 2822; x_wconf 77' lang='grc' dir='ltr'><em>διὰ</em></span> <span class='ocrx_word' id='word_1_259' title='bbox 1187 2772 1461 2822; x_wconf 88' lang='grc' dir='ltr'><em>πλείστων</em></span> <span class='ocrx_word' id='word_1_260' title='bbox 1494 2763 1733 2837; x_wconf 84' lang='grc' dir='ltr'><em>προσρή-</em></span> 
     </span>
     <span class='ocr_line' id='line_1_33' title="bbox 124 2844 1736 2926; baseline 0.002 -24"><span class='ocrx_word' id='word_1_261' title='bbox 124 2864 268 2903; x_wconf 91' lang='grc' dir='ltr'><em>σεων</em></span> <span class='ocrx_word' id='word_1_262' title='bbox 298 2844 768 2920; x_wconf 69' lang='grc' dir='ltr'><em>θεολογουμένος,</em></span> <span class='ocrx_word' id='word_1_263' title='bbox 810 2853 887 2926; x_wconf 76' lang='grc' dir='ltr'><em>τῶ</em></span> <span class='ocrx_word' id='word_1_264' title='bbox 915 2853 1008 2921; x_wconf 84' lang='grc' dir='ltr'><em>τῆς</em></span> <span class='ocrx_word' id='word_1_265' title='bbox 1048 2856 1246 2921; x_wconf 88' lang='grc' dir='ltr'><em>σοφίας</em></span> <span class='ocrx_word' id='word_1_266' title='bbox 1281 2852 1368 2906; x_wconf 83' lang='grc' dir='ltr'><em>ἐπὶ</em></span> <span class='ocrx_word' id='word_1_267' title='bbox 1399 2853 1496 2906; x_wconf 86' lang='grc' dir='ltr'><em>τοῦ</em></span> <span class='ocrx_word' id='word_1_268' title='bbox 1531 2849 1736 2922; x_wconf 87' lang='grc' dir='ltr'><em>παρόν·</em></span> 
     </span>
    </p>
   </div>
  </div>
 </body>
</html>
