1992 3186
556 177 862 221 DEMONST.
890 178 1109 222 EVANG.
1140 179 1219 219 1x.
1255 181 1295 222 1.
1630 179 1734 231 563

128 299 330 364 δαίων,
364 297 589 366 εἴδομεν
619 291 723 368 γὰρ
745 291 918 351 αὐτοῦ
935 294 1032 351 τὸν
1056 292 1260 368 ἀστέρα
1285 296 1344 351 ἐν
1374 297 1440 368 τῇ
1471 292 1733 370 ἀνατολῇ,

126 379 217 435 καὶ
274 375 526 450 ἤλθομεν
577 383 961 451 προσκυνῆσαι
1025 375 1189 455 αὐτῷ.
1273 375 1366 436 ὅτε
1410 381 1502 435 καὶ
1554 402 1737 454 παρα-

126 463 476 536 πεμφθέντες
509 467 586 529 εἰς
616 463 872 536 Βηθλεεμ
897 461 1314 537 ἐπορεύθησαν,
1347 464 1439 520 καὶ
1473 464 1598 521 ἰδού
1628 463 1736 521 πά-

126 555 216 605 λιν
246 542 273 603 ὁ
306 543 469 612 αὐτὸς
500 544 701 620 ἀστὴρ,
740 544 806 604 ὃν
838 545 991 604 εἶδον
1034 550 1095 604 ἐν
1123 550 1192 619 τῆ
1220 546 1462 621 ἀνατολὴ
1491 552 1736 622 προῆγεν

83 657 102 690 5
125 629 354 703 αὐτοὺς,
398 633 500 697 ἕως
532 629 717 688 ἐλθών
749 629 955 704 ἐστάθη
988 629 1173 688 ἐπάνω
1204 656 1270 689 ου
1301 634 1372 704 ἠν
1401 630 1460 689 τὸ
1491 637 1731 691 παιδίον.
1757 665 1778 696 b

127 715 342 782 ἰδόντες
395 716 456 772 δε
519 714 616 772 τὸν
666 714 868 790 ἀστέρα
931 713 1206 792 ἐχάρησαν
1258 714 1434 791 χαράν
1485 715 1737 791 μεγάλην

126 799 374 874 σφόδρα,
416 801 509 856 καὶ
552 798 900 867 εἰσελθόντες
944 806 1021 867 εἰς
1077 799 1180 873 τὴν
1235 806 1419 858 οἰκίαν
1482 801 1635 859 εἶδον
1675 802 1735 859 τό

125 889 352 942 παιδίον
381 882 520 957 μετὰ
551 890 775 959 Μαρίας
806 890 902 957 τῆς
930 882 1133 960 μητρὸς
1165 883 1364 959 αὐτοῦ,
1410 887 1502 942 καὶ
1533 885 1735 944 πεσόν-

124 992 212 1036 τες
244 970 673 1042 προσεκύνησαν
703 966 866 1046 αὐτῷ.

62 1081 102 1114 10
252 1058 300 1110 4.
359 1056 541 1110 Ταῦτα
571 1076 673 1126 μεν
703 1053 763 1110 τὸ
809 1053 961 1126 ἱερὸν
986 1051 1327 1126 εὐαγγέλιον.
1390 1078 1419 1110 ο
1453 1055 1519 1110 δέ
1543 1078 1607 1126 γε
1637 1061 1734 1127 τῆς

124 1142 461 1212 προφητείας
492 1135 651 1208 λόγος
685 1139 773 1194 ἐπὶ
804 1142 870 1211 τῇ
902 1141 1002 1195 τοῦ
1031 1137 1257 1213 ἀστέρος
1291 1141 1511 1212 ἐπιτολῇ
1543 1141 1635 1195 καὶ
1665 1143 1732 1213 τῇ

122 1224 222 1279 τοῦ
251 1225 493 1296 σωτῆρος
524 1217 683 1295 ἡμῶν
708 1219 886 1295 Ἰησοῦ
909 1226 1154 1292 Χριστοῦ
1174 1224 1389 1296 γενέσει
1412 1229 1537 1280 τίνα
1560 1225 1736 1296 φησὶν

126 1313 354 1364 ἔσεσθαι
393 1310 648 1364 συνιδεῖν
700 1305 883 1379 ἀξιον,
935 1313 1184 1381 θραῦσιν
1224 1304 1483 1381 ἀρχηγῶν
1525 1307 1732 1381 Μωάβ,
1765 1350 1783 1372 0

123 1393 215 1448 καὶ
239 1388 527 1465 προνομὴν
554 1394 696 1448 υἱῶν
727 1389 878 1465 Σὴθ,
905 1394 996 1449 καὶ
1028 1396 1139 1450 τῶν
1161 1416 1226 1465 γε
1258 1395 1467 1450 λοιπῶν
1487 1396 1586 1450 τοῦ
1601 1389 1733 1449 Ἰου-

0 1494 1 1506 ²
60 1501 100 1533 15
127 1480 303 1532 δαίων
334 1482 535 1541 ἔθνους
567 1483 847 1550 πολεμίων
871 1484 1257 1551 κληρονομίαν.
1307 1469 1459 1533 οὗτοι
1497 1477 1557 1533 δὲ
1588 1468 1733 1548 ἦσαν

119 1557 296 1633 Ἐδώμ
336 1562 428 1616 καὶ
468 1556 657 1617 Ἠσαῦ.
719 1564 766 1618 5.
809 1568 868 1618 τί
903 1561 964 1618 δὲ
1013 1558 1238 1635 ᾐνίξατο
1291 1560 1383 1617 διά
1434 1558 1646 1618 τούτων
1698 1558 1732 1634 ἢ

127 1645 219 1702 διὰ
249 1645 351 1717 μὲν
390 1647 503 1701 τῶν
544 1642 804 1718 ἀρχηγῶῦ
834 1642 1021 1718 4Μωάβ
1059 1643 1162 1717 τὴν
1200 1647 1311 1702 τῶν
1351 1642 1602 1717 ἀοράτων
1632 1641 1735 1718 ἀρ-

124 1727 338 1803 χόντων
368 1734 726 1803 καθαίρεσιν,
769 1726 956 1787 αὐτῶν
1001 1728 1069 1802 δὴ
1099 1733 1212 1787 τῶν
1242 1728 1411 1786 πάλαι
1442 1726 1590 1802 παρά
1619 1744 1734 1796 τοῖς

124 1818 452 1885 Μωαβίταις
481 1817 942 1887 θεολογουμένων
974 1815 1285 1886 δαιμόνων,
1325 1810 1451 1870 ἀλλ’
1488 1811 1590 1886 οὐχ
1623 1815 1734 1870 ἑτέ-

59 1925 101 1958 20
126 1922 241 1972 ρων
282 1896 564 1971 ἐμνήσθη,
615 1897 707 1955 διά
755 1897 857 1972 τὴν
907 1903 1338 1974 εἰδωλολατρίαν
1382 1921 1482 1954 του
1518 1894 1735 1971 Ἰσραὴλ

43 1991 51 1996 ’
123 1980 226 2054 τὴν
257 1983 344 2039 ἐπὶ
376 1986 471 2054 τῆς
505 1980 710 2056 ἐρήμου
741 1985 1078 2056 γενομένην,
1123 2006 1215 2040 οτε
1248 1983 1512 2054 ἐτελέσθη
1543 1980 1571 2038 ὁ
1604 1982 1734 2049 λαὸς

123 2071 200 2143 τῷ
230 2065 588 2140 Βεελφεγώρ·
638 2067 880 2142 (δαίμων
922 2069 983 2125 δε
1021 2069 1095 2141 ἠν
1125 2060 1284 2133 οὗτος
1317 2066 1390 2134 ὡς
1420 2066 1553 2133 θεὸς
1584 2065 1735 2140 παρά

123 2175 198 2208 τω
252 2157 472 2224 βασιλεῖ
510 2152 698 2224 Μωάβ
749 2177 824 2229 τςο
864 2150 1055 2210 Βαλὰκ
1093 2150 1443 2226 τιμώμενος.)
1517 2156 1564 2208 6.
1613 2153 1733 2208 ἐπεὶ

125 2228 227 2293 οὖν
257 2242 512 2308 νενίκητο
552 2231 581 2293 ὃ
615 2235 831 2310 Ἰσραὴλ
870 2236 1007 2294 κατὰ
1047 2240 1209 2294 τοῦτο
1239 2239 1340 2293 τοῦ
1368 2238 1563 2309 καιροῦ
1596 2233 1732 2309 πρὸς

61 2347 102 2378 25
124 2344 234 2377 των
285 2317 538 2393 ἀοράτων
588 2319 874 2395 ἀρχόντων
923 2324 1023 2379 τοῦ
1062 2318 1276 2393 Μωάβ,
1331 2321 1472 2392 λέγω
1518 2320 1578 2376 δὲ
1621 2343 1734 2375 των

126 2403 276 2477 παρὰ
304 2417 418 2471 τοῖς
449 2411 780 2477 *Μωαβίταις
819 2407 1235 2478 νενομισμένων
1274 2406 1456 2475 θεῶν,
1503 2408 1731 2459 εἰδωλο-
1756 2431 1779 2464 (ι

125 2485 405 2561 λάτρησαν
434 2493 575 2560 γοῦν
605 2491 696 2545 καὶ
727 2488 1154 2564 προσεκύνησαν
1198 2501 1311 2553 τοῖς
1341 2495 1626 2558 γλυπτοῖς,
1660 2483 1733 2552 ὥς

127 2588 300 2644 φησιν
340 2569 372 2643 ἡ
415 2571 602 2646 γραφὴ
646 2569 776 2630 “acal
811 2574 1184 2644 ἐτελέσθησαν
1224 2594 1300 2628 τω
1332 2568 1726 2643 Βεελφεγώρ,”

130 2660 344 2728 δαίμων
387 2654 449 2711 δε
489 2680 646 2723 ουτος
685 2660 796 2715 τῶν
834 2659 1160 2728 Μωαβιτων
1208 2647 1307 2728 ἦν,
1354 2677 1444 2712 οτε
1485 2655 1576 2711 καὶ
1621 2657 1731 2722 ἐξε-

63 2766 106 2797 30
129 2738 447 2813 πόρνευσαν
479 2746 556 2807 εἰς
595 2738 690 2807 τάς
724 2745 1087 2813 Μωαβίτιδας
1103 2740 1140 2813 ·)
1185 2738 1408 2807 εἰκότως
1438 2737 1498 2796 τὸ
1529 2740 1733 2812 μέλλον

240 2935 293 2975 28
325 2934 398 2975 Ps.
423 2934 517 2986 106,
540 2935 609 2976 28.

1329 3001 1434 3052 36²³
