1992 3186
597 123 905 165 DEMONST.
938 98 1160 166 Eum.
1194 124 1270 167 v1.
1295 125 1360 167 18.
1662 123 1766 175 389

159 245 319 296 λαίου
350 243 498 314 ῥίζας
527 237 661 312 μετὰ
691 237 794 311 τὴν
822 242 935 295 τῶν
957 240 1242 312 προτέρων
1264 235 1486 295 κλάδων
1511 238 1763 312 ἐκτομὴν,

529 318 543 339 Ε
606 321 619 341 2

160 320 345 396 ὥσπερ
375 314 479 380 οὖν
518 346 546 379 ο
590 321 891 389 απόστολος
933 320 1186 380 παιδεύει
1220 317 1351 379 “καὶ
1391 321 1770 395 κατεφύτευσέ

158 431 222 480 γε
253 403 429 479 αὐτὴν
452 405 481 463 ὁ
505 404 694 479 κύριος
720 403 958 483 ἑαυτῷ,”
990 407 1288 479 μονονουχὶ
1315 405 1406 463 διὰ
1428 410 1525 479 τῆς
1548 429 1769 481 προφη-

157 496 306 558 τείας
338 491 516 563 λέγων
538 486 770 548 “ἐλαίαν
810 489 1020 563 ὡραίαν
1067 488 1290 547 εὔσκιον
1323 489 1548 548 ἐκάλεσε
1579 489 1768 563 κύριος

114 603 135 635 5
157 573 218 632 τὸ
247 572 424 646 ὄνομα
453 571 610 631 σου.”
678 579 758 632 19.
794 577 911 632 ἐπεὶ
928 573 1032 649 γὰρ
1057 573 1316 648 ὅπρῶτος
1347 571 1609 648 ἄμπελών
1639 577 1768 632 δέον

158 662 383 730 ποιῆσαι
414 658 713 732 σταφυλὴν.
735 662 996 731 ἐποίησεν
1024 656 1307 730 ἀκάνθας,
1340 661 1450 715 acal*
1462 657 1528 716 οὐ
1563 664 1769 716 δικαιο-

159 741 361 814 σύνην,
392 740 532 799 ἀλλὰ
562 741 832 815 κραυγὴν,
868 741 1091 808 εἰκότως
1117 741 1189 808 ὦς
1213 739 1284 800 ἂν
1306 740 1560 813 ἀκάρπου
1592 741 1771 800 αὐτοῦ

159 824 417 883 καθελών
456 822 484 882 ὃ
524 824 658 891 θεὸς
699 824 796 883 τὸν
836 825 1095 899 φραγμὸν
1125 824 1300 883 αὐτοῦ
1338 829 1430 883 καὶ
1460 827 1556 884 τὸν
1586 840 1769 900 τοῖχον

158 909 360 982 αὐτοῦ,
401 908 688 983 παραδούς
725 934 783 967 τε
814 907 983 966 αὐτὸν
1012 923 1127 976 τοῖς
1169 912 1389 984 ἐχθροῖς
1422 917 1498 977 εἰς
1532 916 1770 986 διαρπα-

95 1023 135 1054 10
158 992 263 1066 γὴν
294 996 386 1050 καὶ
417 991 821 1066 καταπάτησιν,
868 991 1005 1050 κατα
1036 992 1136 1067 τὴν
1165 1000 1262 1051 τοῦ
1286 990 1515 1052 (Ησαΐου
1547 1017 1760 1069 προφη-
1790 1021 1880 1061 (288)

156 1083 338 1150 τείαν,
382 1081 572 1151 ἕτερον
611 1074 776 1143 αὐτὸς
818 1080 995 1154 ἑαυτῷ
1036 1074 1210 1150 ἀγρὸν
1239 1077 1642 1151 συνεστήσατο,
1673 1081 1769 1136 τὸν

158 1163 246 1219 ἐπὶ
278 1164 378 1218 τοῦ
407 1159 678 1235 παρόντος
711 1164 948 1219 ἐλαιῶνα
979 1158 1411 1236 ὀνομαζόμενον,
1454 1160 1549 1219 ἅτε
1578 1167 1677 1220 τοῦ
1711 1167 1769 1220 ἐκ

156 1249 294 1303 θεοῦ
327 1246 514 1311 ἐλέους
543 1245 905 1319 τετυχηκότα,
935 1244 1195 1321 καὶπρὸς
1218 1251 1316 1304 τοῦ
1333 1251 1575 1320 Χριστοῦ
1607 1270 1768 1305 κατα-

156 1331 510 1401 φυτευθέντα
533 1326 823 1387 ἆειθαλέσι
845 1344 1061 1402 φυτοῖς,
1092 1330 1242 1387 τοῦτ’
1280 1337 1395 1388 ἔστι
1419 1344 1620 1405 ψυχαῖς
1651 1328 1770 1404 ἁγί-

94 1441 134 1473 15
158 1437 243 1479 αις
284 1415 375 1469 καὶ
415 1411 596 1486 φωτὸς
636 1423 997 1486 θρεπτικαῐς,
1038 1419 1180 1481 οἵαις
1219 1439 1278 1472 τε
1319 1419 1502 1486 λέγειν
1525 1413 1674 1488 “ε’γώ
1707 1416 1769 1474 δὲ

158 1495 290 1554 ὡσεὶ
339 1500 494 1553 ἐλαία
540 1495 888 1571 κατακαρπος
921 1500 982 1554 ἐν
1011 1500 1089 1573 τῷ
1118 1507 1251 1574 οἴκῳ
1280 1504 1379 1556 τοῦ
1421 1498 1617 1557 θεοῦ.”
1681 1505 1764 1557 20.

156 1584 318 1638 τοῦτο
359 1581 419 1637 δὲ
460 1579 520 1637 τὸ
565 1583 677 1637 τῶν
719 1583 917 1638 ἐλαιῶν
946 1579 1072 1654 ὅρος
1111 1584 1402 1639 κατέναντι
1442 1587 1538 1655 τῆς
1561 1581 1768 1656 Ἰερου-

157 1662 336 1737 σαλὴμ
379 1664 521 1721 εἶναι
565 1665 842 1738 λέλεκται,
890 1663 1186 1739 ἐπειδήπερ
1230 1664 1353 1723 ἀντὶ
1393 1669 1488 1738 τῆς
1531 1670 1767 1734 παλαιοῖς

157 1751 403 1821 ἐπιγείου
445 1746 801 1822 Ἰερουσαλὴμ
861 1751 954 1805 καὶ
1015 1754 1109 1822 τῆς
1166 1752 1227 1806 ἐν
1270 1746 1410 1823 αὐτῇ
1463 1757 1767 1823 θρησκείας

92 1861 134 1893 20
156 1834 395 1905 συνέστη
425 1834 503 1908 τῷ
541 1835 660 1909 θεῷ
689 1832 826 1905 μετὰ
854 1831 957 1905 τὴν
994 1837 1090 1905 τῆς
1111 1833 1467 1907 Ἰερουσαλὴμ
1497 1841 1767 1912 καθαίρε-
1789 1863 1812 1895 b

157 1935 261 1974 σιν.
324 1914 504 1988 φήσας
543 1920 681 1988 γοῦν
720 1915 979 1991 ἀνωτέρω
1019 1913 1047 1974 ὁ
1093 1916 1253 1989 λόγος
1294 1920 1422 1992 περὶ
1452 1922 1547 1991 τῆς
1568 1917 1766 1993 Ἱερου-

157 1998 338 2072 σαλὴμ
360 1996 473 2066 “τὸς
503 1998 774 2058 ἁλώσεται
804 1997 838 2072 ἡ
869 2000 1045 2074 πόλις,
1078 2003 1168 2058 καὶ
1191 1999 1258 2059 τὰ
1282 2000 1456 2075 ἐχθροὶ
1487 2005 1578 2060 καὶ
1609 2006 1766 2061 πολέ-

155 2108 252 2157 μια
283 2090 423 2156 ἔθνη
465 2083 876 2158 συναχθήσεται
909 2084 993 2142 ἐπ’
1031 2084 1235 2159 αὐτὴν,
1278 2088 1370 2144 καὶ
1405 2086 1766 2161 διαμερισθή-

156 2186 309 2226 σεται
325 2165 392 2224 τα
407 2174 582 2226 σκῦλα
599 2167 819 2241 αὐτῆς,”
842 2167 1064 2236 εἰκότως
1081 2167 1185 2227 οὐκ
1203 2173 1291 2227 ἐπὶ
1307 2169 1766 2245 τῆςἹερουσαλὴμ

94 2277 134 2309 25
157 2248 286 2319 τούς
318 2250 494 2319 πόδας
522 2256 621 2309 τοῦ
644 2259 842 2326 κυρίου
866 2252 1176 2326 στήσεσθαί
1201 2273 1352 2327 φησι.
1406 2259 1490 2312 21.
1523 2258 1637 2321 πῶς
1660 2254 1766 2330 γαρ

156 2337 247 2393 καὶ
278 2333 399 2393 οἷόν
427 2360 487 2393 τε
515 2329 588 2408 ἦν
617 2335 759 2405 ἅπαξ
783 2341 1203 2412 καθῃρημένης;
1234 2337 1592 2411 μεταβάντων
1618 2341 1677 2395 δὲ
1709 2343 1763 2407 ἐξ

156 2418 325 2490 αὐτῆς
358 2421 444 2476 ἐπὶ
467 2418 526 2477 τὸ
550 2418 810 2495 ἄντικρυς
833 2428 930 2494 τῆς
951 2421 1307 2495 Ἰερουσαλὴμ
1331 2421 1457 2495 ὅρος
1475 2422 1535 2479 τὸ
1561 2420 1765 2479 καλού-

157 2524 326 2572 μενον
369 2506 593 2577 ἐλαιῶν,
637 2508 883 2563 ἐνταῦθα
925 2505 1228 2578 στήσεσθαι
1276 2504 1537 2563 διδάσκει.
1600 2511 1762 2563 τοῦτο

159 2585 218 2640 δὲ
250 2587 342 2641 καὶ
369 2585 400 2641 ὁ
430 2587 714 2661 προφήτης
738 2588 987 2661 Ἰεζεκιὴλ
1028 2594 1103 2665 τῷ
1143 2595 1285 2665 θείῳ
1325 2587 1596 2662 πνεύματι
1627 2611 1763 2663 προ-
1793 2627 1811 2648 c
1874 2624 1875 2627 ¹

271 2807 295 2844 2
325 2804 452 2845 Rom.
477 2806 545 2857 11,
568 2808 636 2847 24.
900 2810 927 2848 4
957 2809 1051 2848 Jer.
1077 2810 1236 2859 11,16.
1501 2812 1526 2850 5
1557 2811 1633 2850 Es.
1659 2814 1697 2862 5,
1719 2814 1760 2854 4.

159 2861 211 2900 15
242 2861 316 2900 Ps.
339 2862 406 2911 52,
431 2861 470 2899 8.
