1992 3186
203 808 226 841 b

208 1656 226 1678 C

248 79 353 131 632
659 90 670 96 ’
933 79 1177 120 EUsssssu

249 194 426 270 κύριε,
453 194 679 267 ἐλέησόν
698 217 784 267 με,
807 195 899 250 καὶ
920 191 1235 267 ἀνάστησόν
1255 219 1341 267 με,
1367 196 1456 252 καὶ
1479 191 1857 253 ἀνταποδώσω

249 277 450 347 αὐτοῖς.
486 282 545 335 ἐν
569 277 744 355 τούτῳ
762 283 942 351 ἔγνων
959 275 1043 335 ὅτι
1057 277 1358 350 τεθέληκάς
1377 302 1444 351 με
1464 275 1546 336 ὅτι
1568 277 1634 336 οὐ
1646 280 1719 352 μὴ
1741 283 1859 336 ἐπι-

252 369 396 439 χαρῇ
415 363 443 420 ὁ
463 362 660 436 ἐχθρός
674 386 781 436 μου
801 359 884 419 ἐπ’
922 359 1070 436 ἐμέ.”
1123 367 1204 419 36.
1232 365 1325 419 καὶ
1347 361 1628 436 πρόδηλόν
1651 388 1714 436 γε
1735 369 1860 421 τίνα

248 448 455 522 τρόπον
482 445 616 520 μετὰ
648 446 750 519 τὴν
791 450 851 504 ἐκ
883 451 1097 521 νεκρῶν
1129 443 1432 504 ἀνάστασιν
1474 443 1644 505 αὐτοῦ
1679 472 1860 522 παρα-

248 535 428 606 χρῆμα
446 533 537 589 καὶ
554 529 655 590 οὐκ
674 537 750 597 εἰς
767 531 981 605 μακρὸν
995 534 1236 605 μετῆλθε
1253 531 1381 598 τοὺς
1399 530 1861 604 ἐπιβεβουλευκό-
1881 559 1904 592 5

248 641 342 683 τας
369 613 518 693 αὐτῷ
543 615 576 688 ἡ
601 613 990 688 ἀνταπόδοσις,
1010 613 1157 682 ὅπως
1181 639 1239 672 τε
1260 614 1289 673 ὁ
1310 613 1507 690 ἐχθρὸς
1525 614 1696 674 αὐτοῦ
1726 620 1860 689 ζωῆς

248 699 617 775 τυγχάνοντος
658 700 902 767 θάνατος
942 699 1330 775 κατῃσχύνθη,
1385 697 1525 759 ὥστε
1563 700 1692 769 τοὺς
1739 705 1860 759 ἐπο-

250 791 586 855 νειδίζοντας
637 790 816 843 εἰπεῖν
848 781 996 842 “nob
1037 803 1167 858 σου,
1211 783 1452 857 θάνατε,
1499 783 1558 842 τό
1599 788 1861 860 κέντρον;

249 875 357 928 ποῦ
388 888 510 943 σου,
543 868 772 942 θάνατε,
804 869 863 927 τὸ
894 883 1075 940 νῖκος;
1110 868 1354 943 ἐντυχών
1387 872 1451 926 δέ
1470 894 1551 936 τις
1582 884 1702 937 ταῖς
1725 868 1860 945 μετά

248 953 352 1027 τὴν
394 952 700 1012 ἀνάστασιν
729 957 828 1012 τοῦ
859 958 1102 1028 σωτῆρος
1133 950 1293 1028 ἡμῶν
1338 959 1604 1026 ἱστορίαις
1647 958 1724 1032 τῷ
1746 953 1858 1014 Ἰω-
1884 982 1925 1014 ιο

250 1037 409 1117 σήπςο
449 1046 775 1112 γραφείσαις
828 1048 1033 1097 εἴσεται
1072 1037 1168 1106 τοὶς
1208 1037 1584 1112 μετελθούσας
1624 1038 1684 1097 τὸ
1720 1038 1862 1098 ’Iov-

252 1129 429 1181 δαίων
477 1131 642 1190 ἒθνος
673 1125 766 1181 καὶ
819 1121 947 1189 τούς
998 1121 1265 1197 ἄρχοντας
1318 1121 1505 1181 αὐτῶν
1551 1122 1860 1198 συμφορὰς,

250 1205 337 1274 αἶς
372 1206 593 1273 εἰκότως
625 1206 1073 1283 περιπεπτώκασι
1103 1206 1168 1265 τά
1200 1212 1445 1283 ἐπίχειρα
1478 1201 1557 1267 οἷν
1589 1215 1666 1275 εἰς
1690 1204 1863 1266 αὐτὸν

251 1298 495 1365 ἔδρασαν
547 1290 1047 1365 ἀπολαμβάνοντες.
1124 1297 1206 1349 37.
1264 1295 1356 1349 καὶ
1407 1296 1580 1350 ταῦτα
1631 1294 1733 1366 μὲν
1786 1298 1866 1359 εἰς

251 1381 496 1443 ἐκείνους
531 1380 835 1449 ἐπληροῦτο
866 1375 1047 1434 πάντα
1077 1375 1214 1433 κατά
1244 1375 1345 1449 τὴν
1376 1375 1709 1453 πρόρρησιν·
1762 1380 1862 1434 τοῦ
1886 1401 1928 1433 15

251 1462 312 1518 δὲ
352 1465 598 1535 σωτῆρος
642 1460 800 1534 ἡμῶν
848 1459 882 1533 ἡ
927 1464 986 1518 ἐκ
1025 1464 1242 1532 νεκρῶν
1288 1457 1586 1528 ἀνάστασις
1633 1464 1864 1530 διέδειξε

248 1559 364 1613 τοῖς
395 1548 564 1603 πᾶσιν
595 1544 743 1612 ὅπως
786 1550 845 1603 ἐν
876 1542 1024 1621 αὐτῷ
1067 1542 1369 1618 εὐδόκησεν
1399 1542 1427 1602 ὁ
1459 1544 1669 1620 πατὴρ,
1710 1543 1741 1603 ὃ
1771 1547 1864 1604 καὶ

252 1628 415 1697 αὐτὸς
458 1628 709 1688 διδάσκει
750 1633 927 1702 λέγων
982 1626 1248 1702 “ἐλέησόν
1296 1653 1364 1703 με
1414 1633 1507 1688 καὶ
1550 1628 1865 1703 ἀνάστησόν

249 1739 344 1788 με,
387 1717 478 1771 καὶ
518 1712 897 1772 ἀνταποδώσω
938 1711 1179 1780 αὐτοῖς.”
1255 1718 1315 1771 ἐν
1354 1714 1530 1792 τούτῳ
1572 1722 1752 1788 ἔγνων
1781 1711 1864 1772 ὅτι

250 1798 552 1872 τεθέληκάς
582 1823 678 1872 με,
719 1797 802 1857 ὅτι
843 1796 910 1856 οὐ
953 1798 1027 1872 μὴ
1069 1802 1300 1873 ἐπιχαρῇ
1330 1797 1358 1855 ὅ
1393 1797 1591 1871 ἐχθρός
1630 1822 1737 1871 μου
1771 1795 1857 1854 ἐπ’
1883 1821 1927 1854 20

251 1882 418 1957 έμοί.”
491 1882 708 1951 τούτοις
749 1886 985 1955 ἐπιλέγει
1018 1882 1050 1904 “
1070 1886 1204 1955 ἐμοῦ
1244 1883 1306 1938 δὲ
1346 1882 1439 1938 διὰ
1479 1882 1582 1955 τὴν
1625 1879 1863 1940 ἀκακίαν

251 1965 606 2040 ἀντελάβου.”
669 1972 753 2025 38.
787 1969 878 2024 καὶ
910 1966 1062 2039 τήρει
1102 1990 1164 2038 γε
1202 1971 1328 2022 τίνα
1367 1964 1575 2040 τρόπον
1607 1963 1754 2042 αὐτῷ
1786 1970 1863 2043 τῷ

250 2056 370 2127 θεῷ
402 2055 494 2108 καὶ
524 2053 690 2123 πατρὶ
733 2049 907 2108 αὑτοῦ
945 2048 1045 2123 τὴν
1086 2047 1255 2123 εὐχὴν
1285 2048 1627 2124 ἀναπέμπων
1659 2053 1745 2108 ἐπὶ
1776 2075 1862 2108 το-

252 2133 431 2209 σαύτῃ
462 2133 771 2209 τεθάρρηκε
815 2140 1095 2209 παρρησία
1128 2130 1201 2200 ὥς
1232 2131 1469 2192 ἀκακίαν
1502 2138 1682 2212 ἑαυτῷ
1721 2159 1863 2208 μαρ-

251 2233 462 2294 τυρεῖν,
495 2226 672 2276 καίτοι
702 2216 960 2293 ἀνωτέρω
980 2218 1162 2292 φήσας
1177 2217 1369 2277 “ἰἀσαι
1392 2217 1494 2291 τὴν
1517 2217 1703 2293 ψυχήν
1732 2243 1860 2292 μου,
1883 2241 1927 2274 25

251 2300 334 2361 ὅτι
385 2302 630 2377 ἥμαρτόν
670 2301 810 2362 σοι.”
883 2308 965 2361 39.
999 2302 1137 2360 ἀλλὰ
1178 2301 1237 2360 τὸ
1278 2304 1380 2376 μὲν
1411 2301 1693 2377 αἤμαρτόν
1745 2299 1860 2360 σοι”

208 2416 231 2449 «1
252 2384 444 2455 ὁποίας
477 2395 652 2462 ἔχεται
685 2394 933 2455 διανοίας
979 2385 1480 2460 προδιειλήφαμεν,
1523 2389 1616 2445 καὶ
1645 2383 1673 2443 ὁ
1708 2386 1856 2460 Σύμ-

250 2497 420 2547 μαχος
461 2474 521 2530 δὲ
561 2475 874 2547 σαφέστρον
914 2475 1258 2545 παρέστησεν
1299 2470 1472 2529 εἰπών
1515 2470 1715 2528 “Kasion
1759 2469 1861 2543 τὴν

1245 2552 1277 2574 29
1314 2553 1338 2574 U

253 2556 439 2630 ψυχήν
467 2581 603 2630 μου,
646 2560 738 2614 καὶ
769 2563 820 2615 εἰ
856 2555 1101 2631 ἤμαρτόν
1141 2574 1245 2627 σοι,
1309 2581 1337 2612 ο
1370 2558 1460 2612 καὶ
1495 2554 1626 2613 αὐτὸ
1659 2551 1858 2627 λέγοιτ’

253 2638 323 2698 ἂν
353 2644 479 2716 περὶ
509 2647 620 2699 τῶν
650 2638 932 2715 ἡμετέρων
962 2637 1390 2715 ἁμαρτημάτων,
1430 2638 1569 2714 ἅπερ
1609 2636 1638 2697 ὁ
1677 2637 1858 2712 σωτὴρ
1882 2659 1925 2692 30

359 2834 392 2889 ‚8
426 2836 447 2873 1
482 2834 765 2881 Cor.15,55.
