1992 3186
558 102 868 144 DEMONST.
899 103 1120 144 EVANG.
1153 103 1209 147 x,
1241 105 1281 148 8.
1622 103 1725 155 673

115 221 257 293 μένα
299 221 360 275 ἐν
402 221 478 294 τῷ
517 223 728 294 Ψαλμςό
777 221 944 276 εἰσέτι
983 220 1074 275 καὶ
1114 221 1223 276 νῦν
1267 217 1448 292 εὕροις
1477 215 1548 276 ἂν
1578 220 1727 291 παρὰ

115 318 230 369 τοῖς
274 310 498 368 πολλοῖς
538 305 664 376 περὶ
703 306 803 359 τοῦ
843 299 1016 360 αὐτοῦ
1057 301 1340 376 λεγόμενα.
1414 306 1587 360 ταῦτα
1625 306 1728 376 μὲν

116 379 220 445 οὖν
261 389 388 460 περὶ
430 391 526 459 τῆς
569 386 944 460 διαλαβούσης
984 386 1155 445 αὐτὸν
1206 389 1371 445 εἰσέτι
1409 386 1530 445 τότε
1569 412 1727 460 περι-

116 470 359 536 στάσεως
390 470 602 545 ηὔχετο.
667 471 828 538 εἰδώς
860 472 922 529 δὲ
950 471 1024 546 μὴ
1047 481 1270 546 χείρονα
1296 463 1473 529 οὖσαν
1501 475 1598 544 τῆς
1627 476 1728 530 τοῦ

73 579 94 612 5
116 554 369 614 θανάτου
400 559 688 629 συμφορᾶς
726 554 829 628 τὴν
858 555 1083 630 πρώτην
1123 552 1295 613 αὑτοῦ
1326 563 1404 624 εἰς
1434 555 1611 631 σάρκα
1642 564 1727 615 ἔν·

119 646 274 699 δεσιν
298 643 388 697 καὶ
413 639 514 714 τὴν
547 643 605 697 ἐκ
627 647 860 712 θηλείας
890 644 981 698 καὶ
1005 644 1295 714 παρθένου
1317 644 1559 714 γένεσιν,
1590 641 1728 699 κατὰ
1757 680 1775 700 0

117 723 311 799 καιρὸν
343 728 403 781 ἐν
426 740 539 791 τοῖς
563 728 692 798 περὶ
722 723 972 782 θανάτου
1003 728 1114 782 τῶν
1144 728 1238 798 τῆς
1263 728 1530 798 γενέσεως
1555 724 1727 783 αὐτοῦ

115 832 450 915 μνημονευει
473 812 651 881 λέγων
674 808 810 882 πρὸς
824 809 921 867 τὸν
938 809 1174 884 πατέρα“
1179 807 1283 867 ὅτι
1306 810 1375 866 σύ
1399 811 1452 867 εἴ
1468 811 1497 867 ὁ
1523 810 1728 867 ἐκσπά-

116 912 216 960 σας
245 917 314 967 με
347 896 406 950 ἐκ
436 893 700 968 γαστρὸς,
733 890 766 965 ἡ
801 897 952 960 ἐλπίς
982 918 1090 968 μου
1119 891 1233 952 άπὸ
1256 900 1481 967 μαστῶν
1503 901 1597 968 τῆς
1627 919 1727 968 μη-

53 1004 94 1035 10
117 977 244 1054 τρός
274 1002 399 1051 μου.
472 980 561 1035 ἐπὶ
602 979 662 1035 σε
710 981 1015 1052 ἐπερρίφην
1048 983 1107 1036 ἐκ
1147 977 1384 1079 μήτρας,
1429 983 1488 1036 ἐκ
1519 986 1727 1047 κοιλίας

114 1062 316 1138 μητρός
347 1087 455 1136 μου
485 1061 617 1129 θεός
648 1086 756 1135 μου
789 1062 839 1119 εἴ
868 1062 954 1120 σύ.
965 1061 994 1081 ”
1059 1068 1141 1119 57.
1175 1061 1388 1120 τούτων
1419 1064 1482 1120 δε
1507 1062 1727 1130 εἰκότως

116 1146 382 1220 ἀναφέρει
407 1146 509 1219 τὴν
532 1145 755 1220 μνήμην
780 1153 857 1213 είς
881 1153 1247 1221 παραμυθίαν
1269 1153 1366 1219 τῆς
1388 1151 1501 1205 τῶν
1523 1148 1727 1222 παρόν-

114 1255 226 1290 των
256 1229 590 1304 ἀπαλλαγῆς.
655 1230 840 1304 ω’σπερ
871 1256 994 1306 γαρ,
1028 1234 1185 1305 φησὶ,
1217 1231 1448 1304 γέγονας
1467 1256 1574 1305 μου
1598 1239 1726 1304 βοη-

116 1314 217 1383 θὸς
241 1320 398 1390 σῶμα
428 1313 786 1390 ἀνθρώπειον
815 1315 1218 1389 ἀναλαβόντος,
1250 1315 1341 1373 ὅτε
1365 1319 1454 1373 καὶ
1482 1320 1534 1384 ἐξ
1559 1314 1729 1389 αὐτῆς

53 1423 93 1457 15
114 1403 210 1473 τῆς
241 1399 628 1474 κυοφορούσης
657 1424 726 1473 με
754 1400 988 1475 γαστρὸς
1011 1399 1081 1457 σύ
1099 1398 1260 1467 αὐτὸς
1291 1399 1320 1457 ὁ
1350 1400 1482 1467 θεός
1504 1426 1611 1474 μου
1635 1405 1726 1458 καὶ

118 1484 296 1560 πατήρ
335 1510 443 1559 μου
485 1483 669 1559 ὥσπερ
711 1484 1043 1558 μαιούμενος
1091 1484 1193 1558 τὴν
1237 1487 1357 1558 ἐμοὶ
1399 1503 1730 1543 κατεσκευα-

117 1573 326 1643 σμένην
376 1573 428 1638 ἐξ
481 1566 645 1642 ἁγίου
685 1568 996 1643 πνεύματος
1032 1568 1209 1644 σάρκα
1258 1572 1587 1641 ἐξέσπασας,
1628 1570 1730 1643 τὴν
1755 1598 1776 1628 ,ι

118 1656 320 1712 ἑαυτοῦ
351 1653 594 1727 δύναμιν
621 1653 838 1727 ὀρέξας,
871 1650 945 1720 ὣς
974 1651 1043 1711 ἂν
1072 1652 1148 1728 μή
1168 1677 1249 1721 τις
1276 1656 1475 1727 ἐνέδρα
1500 1657 1591 1711 καὶ
1616 1658 1729 1711 ἐπι·

115 1739 291 1811 βουλὴ
325 1741 376 1806 ἐξ
408 1736 805 1811 ἀντικειμένων
831 1737 1128 1812 δυνάμεων
1151 1741 1243 1795 καὶ
1268 1741 1530 1813 πονηρῶν
1561 1761 1727 1796 πνευ-

53 1847 94 1879 20
116 1821 305 1897 μάτων
349 1826 853 1896 διαφθονουμένων
893 1827 958 1898 τῇ
1002 1830 1080 1890 εἰς
1119 1821 1455 1898 ἀνθρώπους
1500 1822 1728 1900 παρόδῳ

115 1932 223 1981 μου
253 1910 492 1980 γένοιτο·
543 1910 662 1965 ἐπεὶ
692 1909 784 1964 καὶ
808 1907 945 1964 κατὰ
968 1906 1070 1980 τὴν
1101 1906 1327 1982 πρώτην
1350 1906 1628 1981 σύλληψιν
1658 1908 1728 1964 σὺ

117 1990 286 2049 πάλιν
314 1991 375 2049 τὸ
406 1990 543 2048 κατὰ
574 1991 810 2064 γαστρὸς
843 1995 1191 2064 ἐπεσκίασας,
1224 1988 1296 2059 ὡς
1322 1989 1392 2049 ἂν
1422 1991 1570 2067 λάθῃ
1601 1993 1729 2059 τοὺς

116 2073 384 2150 ἄρχοντας
422 2079 518 2133 τοῦ
561 2081 761 2142 αἰῶνος
802 2075 1001 2134 τούτου
1043 2073 1076 2149 ἡ
1120 2079 1172 2145 ἐξ
1218 2073 1381 2149 ἁγίου
1419 2076 1730 2150 πνεύματος

117 2166 213 2233 τῆς
243 2157 404 2263 ἁγίας
434 2163 723 2234 παρθένου
756 2159 1042 2234 σύλληψις.
1098 2166 1181 2218 58.
1209 2159 1344 2234 ὅπερ
1368 2164 1508 2235 μέγα
1525 2160 1730 2235 μυστή-

54 2268 96 2300 25
119 2269 241 2319 ριον
270 2243 299 2302 ὁ
343 2244 435 2311 σὸς
475 2243 811 2319 ἀρχάγγελος
852 2248 1080 2318 ἐξέφηνε
1110 2244 1389 2319 Γαβριὴλ,
1434 2252 1502 2318 τῇ
1534 2253 1731 2319 Μαρία

121 2325 348 2387 είπών“
357 2333 576 2402 πνεῦμα
607 2326 766 2401 ἅγιον
799 2328 1151 2386 ἐπελεύσεται
1183 2332 1272 2385 ἐπὶ
1302 2330 1391 2399 σὲ,
1431 2330 1524 2385 καὶ
1558 2327 1732 2385 δυ’να-

118 2437 210 2485 μις
237 2409 476 2480 υψίστου
518 2411 823 2470 ἐπισκιάσει
864 2411 987 2468 σοι.’
1079 2409 1263 2484 ὥσπερ
1303 2435 1407 2469 ουν
1445 2411 1478 2485 ἡ
1512 2411 1581 2484 σὴ
1611 2411 1731 2470 τότε
1754 2441 1842 2480 (ὅου)

119 2501 219 2553 τοῦ
231 2495 472 2563 ὑψίστου
488 2494 723 2568 δύναμις
747 2493 1278 2568 συλλαμβανόμενον
1289 2519 1392 2568 μεν
1417 2499 1727 2568 ἐπεσκίασε,

120 2578 441 2652 τικτόμενον
484 2581 543 2636 δὲ
586 2582 883 2647 ἐξέσπασεν
921 2572 1026 2650 άπὸ
1073 2578 1308 2651 γαστρὸς
1348 2579 1550 2654 μητρός
1603 2605 1728 2654 μου,

59 2686 99 2718 30
122 2661 268 2722 οὕτω
309 2662 485 2736 πολλή
524 2688 616 2736 μοι
656 2662 916 2737 τυγχάνει
967 2670 1322 2737 παραμυθία,
1375 2662 1458 2721 ὅτι
1502 2666 1594 2722 καὶ
1634 2669 1731 2722 τοῦ

237 2860 290 2897 ‘26
322 2859 432 2897 Luc.
459 2860 496 2908 1,
521 2860 591 2901 35.

210 2940 441 2968 Ecsx-:mcs
465 2940 541 2969 111.
1350 2927 1418 2981 43
