1992 3186
237 120 339 173 538
916 121 1166 162 EUSEBH

237 235 370 311 μετὰ
399 241 625 308 τοῦτον,
671 235 904 310 ἀκρίτως
950 237 1040 292 καὶ
1086 235 1152 292 οὐ
1194 236 1330 294 κατὰ
1369 237 1464 295 τὸν
1503 237 1675 312 νόμον
1714 238 1840 307 τοὺς

236 321 508 396 ἀρχιερεῖς
560 326 846 377 καθίστων
893 316 988 387 οὓς
1039 319 1216 378 ἐδόκει
1265 318 1478 395 αὐτοῖς,
1530 329 1841 397 δημοτικοῖς

235 425 344 464 τισι
375 409 464 462 καὶ
496 401 725 478 ἀσήμοις
755 399 995 478 ἀνδράσι
1025 403 1126 476 τὴν
1145 404 1309 505 τιμὴν
1330 406 1688 480 χαριζόμενοι,
1722 411 1842 465 ἐπί-

235 488 484 563 πρασκόν
521 511 580 545 τε
619 491 712 546 καὶ
744 487 1089 561 ἐκαπήλευον
1118 487 1389 563 τοῦνομα,
1432 489 1626 549 άλλοτε
1657 491 1841 560 αλλοις

236 578 579 631 ἐνιαυσιαῖον
607 573 666 630 τὸ
698 572 908 646 ἀξίωμα
942 573 1301 648 δωρούμενοι.
1346 579 1427 632 99.
1451 573 1538 632 διό
1565 601 1657 649 μοι
1688 582 1840 634 δοκεῖ
1864 603 1884 634 5

234 655 261 714 ὁ
305 656 449 729 ἱερὸς
490 657 878 731 εὐαγγελιστὴς
908 663 1128 724 Λουκᾶς
1168 657 1264 717 τὸν
1302 657 1504 733 χρόνον
1542 663 1641 717 τοῦ
1671 660 1840 735 κηρύ-

233 766 434 816 γματος
472 746 571 800 τοῦ
612 746 855 817 σωτῆρος
895 741 1054 816 ἡμῶν
1093 739 1439 817 ὑπογράφων
1473 749 1842 818 σημειοῦσθαι

232 830 393 884 τοῦτο
426 824 502 884 δι’
538 819 618 884 ὧν
640 847 815 901 φησιν
837 822 937 884 “ε’ν
970 834 1076 884 ἔτει
1097 827 1571 906 πεντεκαιδεκάτῳ
1593 833 1688 902 τῆς
1719 827 1844 902 ἡγε*

232 918 426 984 μονίας
477 917 734 985 Τιβερίου
774 917 1081 985 Καίσαρος,
1123 909 1557 986 ἡγεμονεύοντος
1597 920 1844 972 Ποντίου

231 995 481 1053 Πιλάτου
520 1002 615 1069 τῆς
653 993 950 1068 Ἰουδαίας,
1000 996 1451 1070 τετραρχούντων
1493 998 1554 1054 δὲ
1589 997 1841 1100 (Ηριόδου
1866 1023 1905 1054 10

232 1083 324 1137 καὶ
366 1086 649 1139 Φιλίππου
689 1084 781 1138 καὶ
827 1088 1144 1154 Λυσανίου,
1203 1083 1293 1138 ἐπὶ
1344 1079 1638 1156 ἀρχιερέως
1669 1080 1843 1141 ’Ἅννα

232 1167 324 1222 καὶ
355 1165 597 1238 Καιάφα,
610 1161 640 1183 ”
705 1171 820 1222 100.
859 1164 960 1222 δύο
991 1164 1096 1266 γάρ
1128 1189 1276 1222 ουτοι
1319 1164 1455 1222 κατὰ
1485 1166 1544 1223 τὸ
1576 1165 1711 1224 αὐτὸ
1742 1165 1844 1241 ἀρ-

231 1264 431 1324 χιερεῖς
472 1272 588 1316 πως
636 1245 707 1307 ἀν
750 1252 1001 1322 ἐγένοντο
1055 1245 1088 1322 ἢ
1130 1257 1539 1323 καταλυθείσης
1579 1255 1673 1324 τῆς
1715 1253 1841 1325 περὶ

230 1358 342 1390 των
373 1332 676 1408 ἀρχιερέων
714 1340 1078 1407 νομοθεσίας;
1125 1333 1338 1401 τούτοις
1379 1340 1518 1405 γοῦν
1547 1337 1640 1392 καὶ
1663 1334 1842 1407 Ἰώση-

120 1439 331 1485 (399)wa
374 1421 760 1493 ἐπιμαρτυρῶν
798 1421 971 1476 ταῦτα
1016 1417 1219 1493 γράφει
1251 1417 1279 1438 ‘⁶
1294 1415 1594 1493 Οὐαλέριος
1632 1423 1842 1494 Γρᾶτος
1865 1442 1905 1474 15

222 1501 502 1576 Ῥωμαίων
551 1501 853 1576 στρατηγὸς
913 1502 1129 1570 παύσας
1189 1500 1553 1577 ἀρχιερᾶσθαι
1600 1502 1842 1562 ’Ἄνανον

223 1583 508 1660 Ἰσμαῆλον
535 1584 790 1662 ἀρχιερέα
820 1585 1120 1660 ἀποφαίνει
1149 1586 1246 1646 τὸν
1275 1591 1374 1646 τοῦ
1392 1586 1696 1666 Φήβα,,καὶ
1719 1593 1842 1646 τοῦ·

229 1695 326 1728 τον
376 1667 495 1745 μετ’
553 1671 620 1728 οὐ
671 1670 812 1729 πολὺ
863 1671 1203 1745 μεταστήσας
1234 1671 1557 1747 Ἐλεάζαρον
1607 1672 1706 1731 τὸν
1745 1678 1844 1731 τοῦ

226 1751 454 1814 ’4νάνου
499 1761 597 1814 τοῦ
636 1757 930 1831 ἀρχιερέως
971 1756 1100 1815 υἱὸν
1129 1754 1530 1815 ἀποδείκνυσιν
1568 1754 1839 1831 ἀρχιερέα.

232 1845 488 1899 ἐνιαυτοῦ
522 1842 582 1898 δὲ
623 1843 1020 1914 διαγενομένου
1053 1843 1144 1898 καὶ
1177 1841 1341 1899 τόνδε
1368 1840 1586 1906 παύσας
1619 1846 1838 1914 Σίμωνι
1861 1864 1903 1896 20

229 1928 306 2000 τῷ
353 1931 613 1999 Καθίμου
657 1925 759 1997 τὴν
813 1923 1231 1999 ἀρχιερωσύνην
1283 1930 1686 1997 παραδίδωσιν.
1772 1924 1839 1982 οὐ

230 2011 399 2067 πλέον
441 2011 500 2066 δε
540 2011 631 2066 καὶ
660 2013 804 2084 τῷδε
835 2013 1091 2065 ἐνιαυτοῦ
1121 2007 1223 2079 τὴν
1251 2033 1413 2081 τιμην
1454 2015 1633 2082 ἔχοντι
1665 2011 1838 2082 διεγέ-

229 2115 354 2148 νετο
385 2091 608 2166 χρόνος,
641 2095 734 2148 καὶ
757 2089 1045 2193 Ἰώσηπος,
1076 2088 1104 2149 ὁ
1137 2094 1228 2148 καὶ
1259 2092 1547 2165 Καιάφας,
1583 2092 1838 2167 διάδοχος

229 2169 299 2249 ἦν
351 2173 555 2253 αύτῷ.”
630 2181 745 2232 101.
795 2179 966 2232 ταῦτα
1013 2173 1325 2248 ἀναγκαίως
1372 2181 1697 2251 παρεθέμην
1746 2176 1838 2235 διά

184 2258 323 2317 bv&
329 2255 883 2334 ἐξολοθρευθήσεται
925 2273 1154 2334 χρισμα,
1202 2263 1295 2317 καὶ
1335 2267 1501 2334 κρίμα
1541 2260 1643 2318 οὐκ
1685 2269 1835 2319 ἐστιν
1858 2283 1899 2316 25

127 2348 130 2350 “
233 2348 292 2402 ἐν
322 2341 529 2421 αῦτςό,”
562 2342 596 2401 ἂ
626 2346 717 2402 καὶ
739 2343 978 2418 ἡγοῦμαι
994 2343 1402 2418 ἀναμφίλεκτον
1423 2344 1525 2417 τὴν
1551 2342 1838 2413 ἀπόδειξιν

230 2436 390 2501 ἐ.χειν
452 2432 574 2503 ἑξῆς
603 2429 816 2496 τούτοις
847 2431 1022 2502 φησὶν
1053 2454 1086 2501 η
1117 2428 1460 2502 προφητεία“
1466 2426 1577 2486 καὶ
1608 2427 1711 2502 τὴν
1741 2428 1837 2487 πό-

230 2522 319 2570 λιν
359 2515 449 2570 καὶ
489 2512 549 2570 τὸ
593 2512 751 2586 ἅγιον
805 2519 1107 2587 διαφθερεῖ
1144 2513 1248 2572 σὺν
1296 2517 1371 2590 τῷ
1424 2510 1715 2591 ἡγουμένω
1759 2518 1835 2590 τῷ

233 2595 555 2674 ἐρχομένῳ.”
618 2604 759 2656 ἔνθα
789 2597 957 2655 πάλιν
987 2596 1082 2656 τὸν
1105 2596 1363 2671 τΗροόδην
1395 2595 1565 2656 αύτόν
1588 2601 1679 2655 καὶ
1710 2596 1835 2665 τούς

231 2681 361 2750 μετὰ
393 2679 562 2739 αὐτὸν
602 2680 870 2755 ἄρξαντας
904 2686 955 2750 ἐξ
987 2680 1306 2755 ἀλλοφύλου
1347 2685 1543 2754 γένους
1583 2679 1834 2755 ὑπολαμ-
1856 2701 1896 2732 30

341 2875 366 2913 8
398 2874 510 2915 Luc.
535 2877 574 2926 3,
602 2876 641 2914 1.
817 2877 868 2916 15
900 2876 1086 2929 Joseph.
1111 2875 1161 2915 A.
1185 2877 1228 2920 J.
1251 2876 1417 2916 XVIII.
1440 2878 1478 2925 2,
1503 2877 1541 2915 2.
