1992 3186
246 115 352 167 468
933 115 1179 157 EUSEBII

244 237 575 306 προσπίπτει
625 233 701 306 τῷ
753 233 900 306 θεῷ,
946 232 1038 287 καὶ
1090 229 1423 302 προσπεσών
1475 227 1562 288 ἐπ’
1612 229 1853 305 ε’δοὲφους

244 318 559 386 ποτνιοῖται,
608 315 698 370 ἐπὶ
729 315 898 372 πλέον
931 315 991 371 δὲ
1019 317 1086 387 τῇ
1117 318 1400 388 προσευχῇ
1427 319 1853 390 προσκαρτερῶν

243 399 446 473 ὄμνυσι
475 402 550 473 τῷ
590 401 708 474 θεῷ
747 398 821 470 μὴ
851 396 1121 471 πρότερον
1166 396 1583 456 εἰσελεύσεσθαι
1614 405 1694 466 εἰς
1723 399 1852 471 σκή-

244 506 401 556 νωμα
430 490 588 539 οἴκου
619 480 821 554 αὑτοῦ,
865 482 1006 555 μηδὲ
1038 480 1243 539 δώσειν
1270 494 1383 549 τοῖς
1413 478 1725 555 ὀφθαλμοῖς
1756 479 1853 540 αὖ·

243 571 340 624 τοῦ
369 563 551 623 ὕπνον
580 568 673 622 καὶ
694 579 807 632 τοῖς
832 564 1131 639 βλεφάροις
1154 564 1325 623 αὑτοῦ
1347 563 1685 640 νυσταγμὸν,
1715 568 1855 640 μηδὲ
1876 591 1897 624 5

196 674 218 706 b
244 649 631 722 ἀναβήσεσθαι
663 651 751 707 ἐπὶ
783 657 975 722 κλίνης
998 655 1287 723 στρωμνῆς
1311 649 1511 723 αὑτοῦ,
1544 661 1768 708 κεῖσθαι
1791 651 1854 708 δὲ

243 736 410 807 χαμαὶ
439 738 863 807 προσκυνοῦντα
894 737 987 791 καὶ
1018 733 1423 807 ποτνιώμενον,
1466 732 1580 791 ἔστ’
1615 729 1687 792 ἂν
1717 731 1854 810 εῦρῃ

242 817 412 876 τόπον
441 822 753 896 τῷῆκυρίῳ,
785 820 878 876 καὶ
908 817 1173 892 σκήνωμα
1202 822 1278 895 τῷ
1301 821 1418 895 θεῷ
1441 816 1635 891 Ἰακωβ
1652 863 1668 891 ,
1700 815 1851 876 τοῦτ’

244 908 412 975 ἔστιν,
444 906 547 969 ἕως
578 900 648 960 ἂν
676 901 852 977 μάθῃ,
882 906 984 961 τοῦ
1005 910 1204 974 κυρίου
1226 901 1653 976 φανερωσαντος
1683 899 1854 979 αὐτῷ,

242 985 345 1058 τὴν
373 989 594 1059 γένεσιν
622 990 722 1044 τοῦ
757 992 1009 1059 Χριστοῦ.
1070 991 1154 1044 33.
1191 985 1484 1059 εὐξάμενος
1525 987 1585 1043 δὲ
1615 988 1707 1044 καὶ
1738 1010 1852 1044 τοι-
1877 1012 1916 1043 10

244 1074 384 1127 αῦτα
415 1074 625 1142 γνῶναι
655 1070 909 1144 ποθήσας
933 1069 1035 1128 οὐκ
1059 1076 1136 1137 εἰς
1167 1069 1380 1144 μακρὸν
1407 1076 1483 1147 τῷ
1512 1076 1655 1147 θείῳ
1686 1069 1854 1127 πνεύ-

243 1179 371 1227 ματι
399 1152 466 1210 τοὶ
494 1157 764 1227 μέλλοντα
795 1162 1025 1213 ἔσεσθαι
1053 1164 1288 1227 θεωρεῖ,
1328 1157 1429 1212 τοῦ
1457 1158 1597 1212 θεοῦ
1627 1167 1740 1220 τοῖς
1771 1160 1855 1211 οἰ-

242 1243 410 1304 κείοις
443 1240 914 1312 ἐπαγγειλαμένου
955 1245 1033 1296 ἔτι
1074 1237 1396 1296 λαλούντων
1427 1236 1851 1296 ἐπακούσεσθαι.

242 1325 325 1378 34.
361 1324 728 1388 ἐπακουσθεὶς
761 1328 899 1395 δῆτα
923 1325 1272 1390 καταξιοῦται
1303 1326 1550 1395 χρησμοῦ
1574 1321 1675 1394 τὴν
1698 1331 1856 1394 Βηθ-

241 1406 372 1478 λεὲμ
413 1408 825 1478 ἐπιφωνοῦντος
865 1405 1043 1484 αὐτῷ,
1085 1404 1159 1472 ὥς
1197 1402 1268 1463 ὂὶν
1309 1405 1514 1463 ἐνθάδε
1553 1410 1653 1463 τοῦ
1682 1405 1854 1463 τόπου
1877 1429 1916 1461 15

199 1524 216 1544 c
242 1492 340 1546 τοῦ
368 1496 568 1563 κυρίου
598 1492 688 1546 καὶ
719 1493 820 1547 τοῦ
849 1489 1204 1563 σκηνώματος
1243 1496 1342 1547 τοῦ
1370 1493 1512 1547 θεοῦ
1533 1487 1727 1562 Ἰακώβ
1757 1507 1854 1546 συ-

242 1575 599 1646 στησομένου.
667 1577 840 1631 ταῦτα
879 1577 1174 1646 τοιγαροῦν
1215 1577 1315 1631 τοῦ
1351 1580 1516 1631 θείου
1545 1572 1854 1646 πνεύματος

243 1662 304 1715 έν
345 1655 492 1732 αὐτῷ
533 1664 933 1730 θεσπίσαντος,
975 1656 1142 1724 αὐτὸς
1173 1654 1342 1715 αὑτοῦ
1383 1657 1693 1725 ἐπακούσας
1734 1661 1854 1714 ε’πι-

242 1741 389 1813 λέγει
406 1737 435 1762 “
448 1739 901 1815 ι’δοῦήκούσαμεν
917 1741 1092 1814 αὐτὴν
1108 1745 1168 1799 ἐν
1188 1739 1452 1814 Ἐφραθοὲ.
1497 1746 1580 1797 35.
1598 1739 1852 1842 Ἐφραθόι

243 1825 306 1881 δε
335 1820 370 1896 ἡ
402 1822 542 1897 αὐτή
573 1829 688 1883 ε’στι
717 1830 782 1900 τῇ
813 1827 1099 1934 Βηθλεὲμ,
1131 1849 1205 1892 ως
1236 1823 1408 1896 δῆλόν
1439 1828 1588 1881 ἐστιν
1617 1823 1724 1880 ἀπὸ
1754 1827 1849 1897 τῆς
1872 1848 1912 1880 20

242 1910 551 1980 Γενέσεως,
595 1916 737 1966 ἔνθα
767 1912 895 1980 περὶ
924 1913 1019 1980 τῆς
1044 1906 1236 1980 Ῥαχὴλ
1276 1918 1485 1981 εἴρηται
1514 1932 1596 1964 οτι
1627 1914 1851 1976 ἔθαψαν

243 1989 419 2062 αὐτὴν
445 1996 505 2048 ἐν
525 2017 601 2048 τω
579 1991 940 2068 ιπποδρομω
959 1989 1227 2066 Ἐφραθὰ,
1254 1989 1392 2064 αῦτη
1419 1994 1531 2048 εστι
1542 1989 1849 2064 Βηθλεεμ

241 2079 324 2130 36.
357 2076 450 2130 καὶ
480 2073 514 2146 ἡ
545 2074 650 2147 πρὸ
680 2073 882 2146 ταύτης
915 2076 974 2132 δε
1004 2088 1244 2149 περιεῖχε
1285 2075 1627 2149 προφητεία
1637 2075 1749 2132 καὶ
1779 2096 1850 2133 συ

241 2158 497 2234 Βηθλεὲμ
527 2157 675 2224 οἶκος
703 2163 802 2215 τοῦ
827 2156 1093 2233 Ἐφραθοὲ.
1119 2157 1279 2231 Ιἰδοῦ,
1311 2162 1504 2231 φησὶν,
1534 2157 1850 2232 ἠκούσαμεν

243 2239 474 2313 αὐτήν,”
523 2244 694 2314 δῆλον
740 2239 794 2297 δ’
834 2240 917 2299 ὅτι
955 2242 1058 2314 τὴν
1097 2245 1197 2299 τοῦ
1226 2247 1466 2316 Χριστοῦ
1505 2245 1725 2314 γένεσιν
1755 2245 1843 2299 καὶ
1870 2266 1910 2297 25

198 2350 218 2380 (ι
242 2324 344 2397 τὴν
366 2332 465 2381 τοῦ
493 2329 636 2383 θεοῦ
658 2324 854 2399 Ἰακωβ
885 2326 1318 2398 κατασκήνωσιν.
1380 2339 1542 2383 ποῖον
1573 2323 1626 2382 δ’
1660 2323 1730 2384 ἂν
1763 2336 1847 2398 εἰή

242 2407 302 2465 τὸ
332 2408 598 2483 σκήνωμα
627 2414 725 2467 τοῦ
755 2416 894 2468 θεοῦ
919 2407 1112 2482 Ἰακωβ
1140 2406 1176 2483 ἦ
1206 2408 1265 2467 τὸ
1296 2429 1454 2483 σωμα
1482 2413 1584 2467 τοῦ
1605 2415 1846 2483 Χριστοῦ

242 2491 300 2549 τὸ
334 2495 394 2550 ἐν
422 2517 497 2550 τω
526 2492 675 2551 τόπω
706 2500 804 2567 τῆς
834 2496 1090 2567 Βηθλεεμ
1119 2497 1552 2567 γεγεννημένον,
1586 2497 1646 2551 έν
1678 2519 1740 2571 ω,
1773 2517 1847 2560 ως

244 2580 303 2633 ἐν
343 2576 688 2650 σκηνώματι,
727 2603 761 2651 η
800 2578 1001 2651 θεότης
1047 2581 1148 2636 τοῦ
1194 2583 1529 2650 μονογενοῦς
1578 2577 1847 2649 κατεσκηᾭ

240 2680 414 2730 νωσε;
447 2658 548 2734 οὐχ
577 2661 765 2729 ἁπλῶς
798 2663 858 2719 δὲ
880 2665 1047 2735 θεοῦ,
1079 2660 1217 2719 ἀλλὰ
1239 2662 1373 2735 μετὰ
1397 2660 1718 2736 προσθήκης
1747 2665 1842 2733 τῆς
1865 2683 1906 2715 30

351 2853 406 2890 24
440 2852 551 2892 Gen.
576 2855 642 2903 35,
668 2855 732 2896 19.
764 2855 834 2905 48,
859 2857 896 2895 7.
