1992 3186
536 152 840 194 DEMONST.
872 152 1090 195 EVANG.
1121 153 1221 197 vn.
1254 156 1292 196 2.
1639 151 1743 205 465

128 266 265 342 μετὰ
294 267 397 341 τὴν
425 271 523 324 τοῦ
566 270 810 341 σωτῆρος
853 263 1012 341 ἡμῶν
1038 264 1215 341 Ἰησοῦ
1247 272 1491 342 Χριστοῦ
1530 290 1745 342 παρου-

131 359 260 410 σίαν
289 357 462 410 παντί
486 373 562 428 τῳ
593 350 893 425 πρόδηλον.
955 355 1039 408 22.
1073 355 1277 426 πολλῆς
1307 353 1413 426 γὰρ
1437 349 1606 426 οὔσης
1637 352 1742 426 πρὸ

129 434 328 494 τούτου
359 441 698 509 πολυαρχίας
737 438 828 493 καὶ
871 438 984 493 τών
1028 438 1215 494 ἐθνῶν
1243 432 1506 494 ἁπάντων
1535 461 1744 511 τυραν-

129 522 422 594 νουμένων
471 515 505 592 ἢ
561 521 1123 594 δημοκρατουμένων,
1177 516 1251 587 ώς
1291 526 1568 594 μηδεμίαν
1607 520 1742 594 πρὸς

85 627 108 659 5
131 601 404 677 ἀλλήλους
435 607 714 676 ἐπιμιξίαν
743 603 872 672 τούς
903 601 1242 678 ἀνθρώπους
1273 610 1436 678 ἔχειν,
1472 610 1627 672 ἰδίως
1659 606 1740 676 δὲ,

129 690 265 761 φέρε
297 695 494 761 εἰπεῖν,
527 693 854 761 Αἰγυπτίων
876 684 986 745 ὑπὸ
1015 694 1201 764 οἰκείῳ
1231 686 1455 762 ἄρχοντι
1485 696 1743 761 βασιλευ-

130 774 371 845 ομένων,
414 775 507 830 καὶ
531 771 786 846 Ἀράβων
816 769 1105 845 ὡσαύτως,
1137 775 1230 829 καὶ
1256 769 1581 846 Ἰδουμαίων
1613 783 1741 831 Φοι-

129 862 304 914 νίκων
343 880 402 914 τε
440 859 530 914 καὶ
561 856 770 930 Σύρων
807 859 901 913 καὶ
929 859 1043 914 τών
1077 853 1263 913 ἄλλων
1303 860 1513 930 ἐθνῶν,
1548 861 1739 915 ἐπανι-
1765 881 1855 920 (345)

129 943 418 1013 σταμένων
447 964 504 998 τε
536 944 723 998 ἐθνῶν
753 946 946 998 ἔθνεσι
975 942 1069 996 καὶ
1099 939 1318 998 πόλεων
1348 939 1557 1014 πόλεσι,
1590 950 1742 999 πολι-

67 1047 107 1078 10
130 1028 336 1099 ορκιῶν
350 1048 410 1082 τε
432 1031 652 1099 μυρίων
674 1026 766 1082 καὶ
793 1027 1184 1098 αἰχμαλωσιῶν
1207 1023 1345 1081 κατὰ
1368 1024 1549 1083 πάντα
1570 1025 1743 1083 τόπον

127 1130 186 1164 τε
215 1111 308 1165 καὶ
338 1107 525 1183 χώραν
557 1110 1024 1181 ἐπιτελουμένων,
1059 1107 1251 1181 ἐπειδὴ
1281 1112 1465 1183 παρῆν
1495 1105 1524 1165 ὃ
1559 1108 1741 1183 σωτὴρ

129 1193 220 1248 καὶ
252 1191 467 1266 κύριος,
507 1189 645 1265 ὁμοῦ
685 1195 754 1266 τῇ
793 1198 873 1258 εἰς
914 1189 1250 1266 ἀνθρώπους
1291 1191 1463 1250 αὐτοῦ
1493 1191 1740 1270 παρόδω,

128 1274 351 1348 πρώτου
380 1300 439 1334 τε
462 1272 743 1350 Ῥωμαίων
774 1273 1104 1348 Αὐγούστου
1143 1282 1257 1334 τῶν
1297 1279 1485 1334 ἐθνῶν
1516 1279 1739 1350 ἐπικρα-

127 1359 425 1433 τήσαντος,
466 1361 661 1418 λέλυτο
701 1361 804 1433 μὲν
832 1359 866 1432 ἡ
898 1367 1128 1433 πλείστη
1168 1368 1507 1436 πολυαρχία,
1550 1360 1743 1435 εἰρήνη

66 1465 106 1498 15
131 1443 193 1501 δὲ
236 1443 570 1517 διελάμβανε
620 1441 722 1516 τὴν
766 1443 1066 1517 σύμπασαν
1117 1447 1250 1517 γῆν,
1297 1448 1365 1518 τῇ
1392 1443 1528 1518 μετὰ
1557 1460 1743 1519 χεῖρας

127 1525 451 1595 ἀκολούθως
493 1526 794 1602 προρρήσει
834 1526 1145 1601 διαρρήδην
1193 1526 1418 1602 φησάσῃ
1459 1531 1587 1600 περὶ
1631 1553 1743 1585 των

128 1615 226 1669 τοῦ
269 1615 508 1686 Χριστοῦ
549 1617 819 1685 μαθητῶν
851 1607 1032 1668 “dedu
1069 1614 1178 1668 νῦν
1221 1611 1741 1685 μεγαλυνθήσονται
1766 1639 1787 1670 b

130 1699 231 1762 ἕως
261 1694 448 1770 ἄκρων
477 1701 572 1769 τῆς
602 1701 733 1768 γῆς,
775 1697 867 1752 καὶ
899 1700 1050 1752 ἔσται
1081 1692 1220 1768 αὕτη
1264 1694 1470 1770 εἰρήνη.
1479 1692 1511 1714 ”
1580 1700 1663 1752 23.
1699 1698 1741 1773 ᾧ

128 1778 360 1836 συνάδει
389 1779 449 1836 τὸ
483 1782 543 1837 ἐν
581 1788 829 1852 Ψαλμοῖς
861 1778 1080 1851 φάσκον
1110 1782 1237 1852 περὶ
1260 1785 1358 1836 τοῦ
1379 1783 1623 1854 Χριστοῦ
1652 1779 1741 1836 λό-

65 1883 107 1915 20
129 1887 252 1936 γιον
274 1860 573 1922 “άνατελεῖ
601 1867 662 1921 ἐν
690 1878 811 1930 ταῖς
836 1859 1066 1938 ἡμέραις
1091 1860 1263 1921 αὐτοῦ
1291 1862 1741 1970 δικαιοσύνη-καὶ

128 1951 343 2019 πλῆθος
375 1946 612 2021 εἰρήνης.
622 1946 652 1966 ”
716 1946 802 2004 διό
825 1971 917 2020 μοι
943 1945 1146 2005 δοκεῖ’
1124 1946 1312 2055 άρχων
1338 1946 1560 2022 εἰρήνης
1593 1952 1653 2004 ἐν
1675 1952 1741 2022 τῇ

128 2029 234 2104 πρὸ
263 2030 466 2104 ταύτης
495 2037 876 2106 παρατεθείσῃ
908 2037 1218 2132 προφητεία
1251 2030 1592 2105 ὠνομάσθαι.
1628 2035 1741 2088 ἐπί-

130 2114 333 2187 στησόν
371 2140 436 2188 γε
474 2140 583 2189 μην
612 2122 738 2173 τίνα
778 2114 986 2190 τρόπον
1015 2113 1044 2172 ὁ
1075 2140 1210 2189 μετα
1241 2129 1426 2191 χεῖρας
1456 2115 1741 2217 προφήτης

129 2201 220 2255 καὶ
263 2199 649 2267 ἐξελεύσεσθαι
687 2224 790 2273 μεν
831 2203 885 2267 εξ
927 2198 1184 2272 ουρανῶν
1223 2200 1321 2257 τὸν
1350 2198 1546 2274 κύριον
1576 2199 1742 2274 ἀρχό-

66 2301 106 2334 25
128 2307 292 2356 μενος
323 2289 550 2356 ἔφησεν,
582 2283 647 2341 οὐ
678 2283 947 2357 πρότερον
972 2284 1034 2340 δε
1056 2297 1350 2357 ποιμανεῖν
1371 2307 1499 2349 τους
1521 2282 1741 2356 ἀνθρω-

129 2388 267 2434 πους
298 2363 330 2438 ἢ
361 2371 706 2441 γεννηθῆναι
735 2365 831 2425 τὸν
860 2367 1263 2440 θεσπιζόμενον
1289 2372 1348 2424 ἐν
1371 2370 1440 2440 τῇ
1466 2369 1738 2438 Βηθλεέμ

129 2453 213 2505 24.
246 2449 394 2518 ὅπως
428 2452 487 2508 δε
517 2455 687 2509 ταῦτα
719 2453 807 2508 ἐπὶ
847 2450 943 2509 τὸν
974 2457 1193 2525 σωτῆρα
1240 2454 1332 2507 καὶ
1363 2450 1557 2553 κύριον
1586 2446 1742 2522 ἡμῶν
1766 2491 1781 2507 [-

133 2534 451 2605 ἐπεραιοῦτο
484 2534 859 2609 ἐμαρτύρησεν
888 2534 916 2591 ὁ
951 2532 1341 2606 εὐαγγελιστὴς
1376 2532 1453 2589 δι’
1493 2535 1571 2590 ὠν
1602 2555 1740 2603 προ-

134 2618 403 2688 εξεθεμην
434 2616 605 2674 αὐτοῦ
635 2622 855 2690 φωνῶν.
918 2617 1124 2690 ποιμὴν
1156 2618 1219 2674 δε
1249 2619 1341 2673 καὶ
1371 2615 1678 2689 ἡγούμενος
1709 2614 1735 2671 ὁ

67 2716 109 2748 30
132 2698 365 2773 Χριστὸς
397 2696 906 2773 άναδειχθήσεσθαι
937 2705 1033 2758 τοῦ
1061 2698 1275 2774 Ἰσραὴλ
1309 2709 1539 2773 εἴρηται,
1571 2700 1740 2772 συνή-

245 2894 299 2931 20
332 2891 406 2934 Ps.
434 2893 500 2942 72,
527 2893 563 2931 7.

217 2973 447 3027 aesna-1155
483 2975 557 3005 111.
1420 2961 1488 3012 30
