1946 3158
570 133 880 176 DEMONST.
917 133 1136 175 EVANG.
1168 135 1204 175 1.
1239 136 1277 174 7.
1659 131 1727 184 51

246 261 343 311 VII.
396 251 549 308 Νυνὶ
603 250 664 306 δὲ
715 247 895 306 πάντα
936 247 1072 305 κατά
1120 247 1216 305 τὸν
1256 250 1509 314 Μωσέως
1557 247 1731 322 νόμον

116 337 578 407 πεπολιτευμένος
607 348 720 399 τοῖς
751 332 1073 400 ἀποστόλοις
1113 331 1286 389 αὐτοῦ
1317 336 1572 407 κέχρηται
1607 339 1730 390 δια-

117 418 299 484 κόνοις
339 421 434 491 τῆς
480 422 674 488 καινῆς
716 414 888 475 αὐτοῦ
929 423 1291 490 νομοθεσίας,
1332 413 1474 490 ὁμοῦ
1504 419 1606 490 μὲν
1637 420 1728 475 καὶ

113 501 180 562 τά
211 507 462 569 Μωσέως
484 500 588 560 ούκ
612 501 875 574 ἀλλότρια
906 500 1026 559 οὐδ’
1067 502 1239 576 ἐχθρὰ
1259 507 1354 576 τῆς
1370 509 1576 570 οἰκείας
1600 513 1728 560 θεο-

73 612 94 645 5
117 594 336 660 σεβείας
366 585 628 659 ἡγεῖσθαι
670 593 791 644 δεῖν
824 586 1078 657 διδάξας,
1121 583 1260 660 ὁμόῦ
1303 588 1362 644 δὲ
1394 589 1482 644 καὶ
1518 584 1727 645 αὐθέν-

112 697 208 746 της
239 674 331 729 καὶ
363 670 653 744 εἰσηγητὴς
693 675 821 738 νέας
861 674 952 728 καὶ
994 678 1270 744 σωτηρίου
1301 676 1473 729 πᾶσιν
1503 670 1731 744 ἀνθρώ-

114 780 236 823 ποις
260 756 530 823 καταστάς
553 763 909 828 νομοθεσίας,
943 751 1016 822 ὥς
1039 759 1303 829 μηδαμῶς
1335 763 1410 822 εἰς
1441 755 1507 813 τά
1530 765 1735 814 Μωσεῖ

115 844 387 899 δοκοῦντα
417 844 802 915 παρανομῆσαι
834 838 1032 911 αὐτὸν,
1075 843 1228 906 τέλος
1262 838 1316 898 δ’
1352 845 1583 908 ἐκείνοις
1617 845 1728 898 ἐπι-

112 937 304 984 θεῖναι
334 925 622 999 πρότερον,
656 929 748 982 καὶ
779 919 1075 999 πληρωτὴν
1107 924 1294 983 αὐτῶν
1317 928 1603 998 γενέσθαι,
1636 929 1728 982 καὶ

49 1035 91 1068 10
114 1009 290 1078 οὕτως
330 1013 457 1083 περὶ
499 1010 602 1083 τὴν
642 1007 948 1068 αύθεντίαν
987 1013 1088 1067 τοῦ
1127 1009 1264 1066 κατὰ
1302 1008 1361 1067 τὸ
1405 1009 1730 1082 εὐαγγέλιον

111 1095 287 1168 νόμου
321 1098 783 1168 παρεληλυθέναι.
847 1096 937 1151 καὶ
969 1097 1167 1152 τοῦτον
1210 1093 1514 1152 ἀκουστέον
1555 1093 1731 1151 αὐτοῦ

112 1186 367 1253 λέγοντος
395 1179 493 1238 τὸν
531 1178 736 1252 τρόπον
759 1176 900 1237 “ofin
937 1171 1120 1252 ἦλθον
1160 1184 1463 1236 καταλῦσαι
1505 1177 1603 1236 τὸν
1633 1177 1730 1236 νό-

114 1290 254 1339 μον,
287 1262 425 1321 ἀλλά
455 1261 792 1337 πληρῶσαι.”

240 1354 292 1405 2.
336 1355 410 1406 Εἰ
458 1350 559 1420 μὲν
609 1347 714 1420 γάρ
756 1347 1078 1422 παραβάτης
1117 1351 1217 1406 τοῦ
1264 1350 1513 1414 Μωσέως
1554 1347 1730 1422 νόμου

49 1454 91 1488 15
114 1435 377 1506 κατέστη,
410 1430 514 1490 κᾶν
545 1430 786 1505 εὐλόγως
819 1438 1087 1506 ἐνομίσθη
1112 1432 1267 1491 λύειν
1298 1431 1469 1491 αὐτὸν
1499 1435 1590 1490 καὶ
1623 1458 1725 1490 πα-

114 1533 411 1590 ρανομεῑνῖ
475 1521 699 1594 φαῦλος
739 1521 804 1574 δέ
840 1542 921 1584 τις
962 1520 1053 1574 καὶ
1102 1516 1421 1589 παράνομος
1465 1516 1728 1588 πεφυκώς

114 1601 216 1659 οὐκ
247 1599 320 1659 ‹321›
352 1601 652 1674 ἐπιστεύθη
693 1599 856 1668 αὐτὸς
901 1602 1044 1658 εἶναι
1083 1599 1111 1658 ὁ
1144 1600 1398 1671 Χριστός.
1469 1601 1624 1658 λύων
1667 1603 1729 1658 δὲ

110 1685 176 1743 τοὶ
208 1689 461 1752 Μωσέως
492 1692 607 1752 πῶς
638 1683 709 1742 ἂν
740 1690 1011 1759 ἐνομίσθη
1052 1684 1216 1752 αὐτὸς
1256 1684 1529 1758 ὑπάρχειν
1558 1684 1586 1742 ὁ
1618 1680 1727 1743 ὑπὸ

113 1775 366 1838 Μωσέως
397 1773 488 1827 καὶ
519 1775 632 1828 τῶν
661 1777 964 1843 προφητῶν
1001 1773 1470 1842 κατηγγελμένος;
1511 1775 1627 1836 πῶς
1670 1769 1720 1826 δ’

49 1878 91 1911 20
113 1851 183 1912 ἂν
215 1863 375 1928 ἔσχεν
398 1854 458 1912 τὸ
483 1852 800 1924 ἀξιόπιστον
825 1858 1018 1927 καινῆς
1049 1861 1411 1928 νομοθεσίας;
1445 1859 1599 1922 ἔδοξε
1622 1853 1728 1928 γάρ

113 1937 183 1997 ἂν
215 1939 436 2007 εἰκότως
474 1943 570 2011 τῆς
610 1947 957 2012 παρανομίας
1001 1939 1162 2013 χάριν
1204 1942 1292 1996 ἐπὶ
1333 1939 1435 2012 τὴν
1477 1956 1729 1996 καινοτο-

112 2031 247 2098 μίαν
279 2027 640 2097 ἕληλυθέναι,
684 2024 916 2098 φεύγων
955 2023 1056 2099 τῂν
1090 2027 1174 2081 ἐπὶ
1208 2040 1328 2091 ταῖς
1360 2033 1728 2096 παρανομίαις

112 2117 397 2183 τιμωρίαν.
440 2114 486 2166 3.
519 2114 630 2167 νῦν
663 2111 722 2166 δὲ
746 2111 921 2182 μηδὲν
943 2115 1211 2182 μηδαμῶς
1241 2112 1354 2166 τῶν
1379 2113 1439 2165 ἐν
1468 2113 1542 2185 τῷ
1574 2108 1727 2186 νόμῳ

32 2197 33 2201 ’
114 2194 314 2265 λύσας,
355 2193 646 2266 πληρωτὴς
689 2193 740 2250 δ’
789 2191 975 2251 αὐτῶν
1014 2193 1337 2266 γενόμενος,
1379 2195 1470 2250 καὶ
1502 2197 1727 2265 τέλειος,

50 2301 92 2334 25
116 2277 189 2344 ὡς
221 2277 291 2336 ἅν
321 2303 401 2344 τις
436 2289 607 2349 εἴποι,
639 2277 776 2335 κατά
809 2282 1047 2350 ,Μωσέα,
1095 2281 1212 2335 ἐπεὶ
1244 2280 1436 2351 μηκέτι
1466 2294 1579 2343 τοῖς
1613 2287 1728 2335 λοι-

114 2378 238 2429 ποῖς
270 2371 463 2421 ἔθνεσι
495 2361 738 2421 δυνατὸν
777 2356 848 2436 ἦν
882 2364 1212 2436 ἐφαρμόζειν
1251 2363 1315 2419 τὰ
1347 2361 1495 2434 παρὰ
1527 2372 1731 2421 Μωσεῖ

113 2447 317 2522 νόμιμα
351 2448 441 2504 διὰ
472 2447 567 2515 τὰς
599 2454 1059 2520 προδηλωθείσας
1091 2454 1269 2514 αἰτίας
1289 2493 1303 2518 ,
1337 2447 1500 2519 (χρῆν
1533 2447 1594 2503 δὲ
1626 2445 1728 2517 δή-

113 2556 224 2589 που
263 2541 663 2608 φιλανθρωπία
711 2539 810 2590 τοῦ
864 2533 1201 2604 παναγάθου
1242 2535 1355 2587 των
1399 2531 1547 2587 ὅλων
1585 2534 1728 2587 θεοῦ

114 2616 326 2683 πάντας
357 2616 696 2691 ἀνθρώπους
727 2622 984 2690 σωθῆναι
1014 2623 1105 2674 καὶ
1141 2623 1218 2682 εἰς
1256 2619 1559 2686 ἐπίγνωσιν
1590 2614 1726 2687 ἀλη-

13 2695 22 2742 ³⁷
51 2723 94 2758 30
117 2708 278 2768 θείας
312 2702 543 2776 ἐλθεῖν,)
575 2701 642 2760 τά
671 2702 982 2775 κατάλληλα
1012 2704 1104 2758 καὶ
1145 2697 1383 2775 ἁρμόδια
1413 2713 1526 2767 τοῖς
1557 2703 1726 2757 πᾶσιν

233 2898 283 2936 12
315 2896 478 2939 Matth.
504 2898 542 2947 5,
570 2898 634 2936 17.
811 2899 863 2937 29
898 2898 934 2935 1.
960 2897 1075 2946 Tim,
1100 2897 1138 2942 2,
1161 2896 1202 2937 4.

1382 2961 1455 3013 4ss

1757 270 1776 302 b

1759 957 1777 979 C

1753 1793 1775 1825 d
