<?xml version="1.0" encoding="UTF-8"?>
<!DOCTYPE html PUBLIC "-//W3C//DTD XHTML 1.0 Transitional//EN"
    "http://www.w3.org/TR/xhtml1/DTD/xhtml1-transitional.dtd">
<html xmlns="http://www.w3.org/1999/xhtml" xml:lang="en" lang="en">
 <head>
  <title>
</title>
<meta http-equiv="Content-Type" content="text/html;charset=utf-8" />
  <meta name='ocr-system' content='tesseract 3.04.00' />
  <meta name='ocr-capabilities' content='ocr_page ocr_carea ocr_par ocr_line ocrx_word'/>
</head>
<body>
  <div class='ocr_page' id='page_1' title='image "./operaeusebius03euseuoft_0575.png"; bbox 0 0 1992 3186; ppageno 0'>
   <div class='ocr_carea' id='block_1_1' title="bbox 574 99 1777 152">
    <p class='ocr_par' dir='ltr' id='par_1_1' title="bbox 574 99 1777 152">
     <span class='ocr_line' id='line_1_1' title="bbox 574 99 1777 152; baseline 0.004 -11"><span class='ocrx_word' id='word_1_1' title='bbox 574 99 884 145; x_wconf 84' lang='lat' dir='ltr'><strong>DEMONST.</strong></span> <span class='ocrx_word' id='word_1_2' title='bbox 912 99 1133 145; x_wconf 82' lang='lat' dir='ltr'>EVANG.</span> <span class='ocrx_word' id='word_1_3' title='bbox 1166 100 1291 142; x_wconf 89' lang='lat' dir='ltr'><strong>VIII.</strong></span> <span class='ocrx_word' id='word_1_4' title='bbox 1323 101 1365 142; x_wconf 89' lang='grc'><em>4.</em></span> <span class='ocrx_word' id='word_1_5' title='bbox 1675 99 1777 152; x_wconf 79' lang='grc'><em>551</em></span> 
     </span>
    </p>
   </div>
   <div class='ocr_carea' id='block_1_2' title="bbox 107 213 1829 2737">
    <p class='ocr_par' dir='ltr' id='par_1_2' title="bbox 107 213 1829 2737">
     <span class='ocr_line' id='line_1_2' title="bbox 176 213 1783 291; baseline 0 -17"><span class='ocrx_word' id='word_1_6' title='bbox 176 215 512 291; x_wconf 75' lang='grc' dir='ltr'><em>ὠρυομένων</em></span> <span class='ocrx_word' id='word_1_7' title='bbox 543 214 813 289; x_wconf 83' lang='grc' dir='ltr'><em>λεόντων,</em></span> <span class='ocrx_word' id='word_1_8' title='bbox 846 213 929 273; x_wconf 81' lang='grc' dir='ltr'><em>ὅτι</em></span> <span class='ocrx_word' id='word_1_9' title='bbox 955 214 1403 291; x_wconf 75' lang='grc' dir='ltr'><em>τεταλαιπώρηκε</em></span> <span class='ocrx_word' id='word_1_10' title='bbox 1431 215 1491 273; x_wconf 84' lang='grc' dir='ltr'><em>τὸ</em></span> <span class='ocrx_word' id='word_1_11' title='bbox 1515 215 1783 291; x_wconf 75' lang='grc' dir='ltr'><em>φρύαγμα</em></span> 
     </span>
     <span class='ocr_line' id='line_1_3' title="bbox 174 298 644 376; baseline -0.004 -17"><span class='ocrx_word' id='word_1_12' title='bbox 174 305 277 359; x_wconf 75' lang='grc' dir='ltr'><em>τοῦ</em></span> <span class='ocrx_word' id='word_1_13' title='bbox 298 299 597 376; x_wconf 79' lang='grc' dir='ltr'><em>Ἰορδάνου.</em></span> <span class='ocrx_word' id='word_1_14' title='bbox 614 298 644 319; x_wconf 88' lang='grc'><strong><em>”</em></strong></span> 
     </span>
     <span class='ocr_line' id='line_1_4' title="bbox 302 382 1781 458; baseline 0.001 -17"><span class='ocrx_word' id='word_1_15' title='bbox 302 390 350 443; x_wconf 86' lang='grc'><em>4.</em></span> <span class='ocrx_word' id='word_1_16' title='bbox 395 388 580 443; x_wconf 80' lang='grc' dir='ltr'><em>Ταῦτα</em></span> <span class='ocrx_word' id='word_1_17' title='bbox 618 385 720 458; x_wconf 75' lang='grc' dir='ltr'><em>μὲν</em></span> <span class='ocrx_word' id='word_1_18' title='bbox 766 382 843 442; x_wconf 79' lang='grc' dir='ltr'><em>δι’</em></span> <span class='ocrx_word' id='word_1_19' title='bbox 889 383 1246 458; x_wconf 75' lang='grc' dir='ltr'><em>αἰνιγμάτων.</em></span> <span class='ocrx_word' id='word_1_20' title='bbox 1319 383 1422 458; x_wconf 77' lang='grc' dir='ltr'><em>τὴν</em></span> <span class='ocrx_word' id='word_1_21' title='bbox 1464 385 1524 442; x_wconf 76' lang='grc' dir='ltr'><em>δὲ</em></span> <span class='ocrx_word' id='word_1_22' title='bbox 1565 383 1781 443; x_wconf 85' lang='grc' dir='ltr'><em>τούτων</em></span> 
     </span>
     <span class='ocr_line' id='line_1_5' title="bbox 177 465 1780 544; baseline 0 -18"><span class='ocrx_word' id='word_1_23' title='bbox 177 472 480 544; x_wconf 78' lang='grc' dir='ltr'><em>ἑρμηνείαν</em></span> <span class='ocrx_word' id='word_1_24' title='bbox 525 466 855 536; x_wconf 79' lang='grc' dir='ltr'><em>ἀκαλύπτως</em></span> <span class='ocrx_word' id='word_1_25' title='bbox 907 465 935 526; x_wconf 84' lang='grc' dir='ltr'>ὁ</span> <span class='ocrx_word' id='word_1_26' title='bbox 979 466 1146 536; x_wconf 78' lang='grc' dir='ltr'><em>αὐτὸς</em></span> <span class='ocrx_word' id='word_1_27' title='bbox 1190 468 1477 544; x_wconf 79' lang='grc' dir='ltr'><em>προφήτης</em></span> <span class='ocrx_word' id='word_1_28' title='bbox 1530 472 1780 544; x_wconf 82' lang='grc' dir='ltr'><em>ἐπιφέρει</em></span> 
     </span>
     <span class='ocr_line' id='line_1_6' title="bbox 132 550 1828 630; baseline -0.001 -17"><span class='ocrx_word' id='word_1_29' title='bbox 132 556 356 627; x_wconf 84' lang='grc' dir='ltr'><em>5λέγων</em></span> <span class='ocrx_word' id='word_1_30' title='bbox 388 550 560 612; x_wconf 81' lang='grc' dir='ltr'><em>“ι’ὃού</em></span> <span class='ocrx_word' id='word_1_31' title='bbox 605 553 711 626; x_wconf 75' lang='grc' dir='ltr'><em>ἐγώ</em></span> <span class='ocrx_word' id='word_1_32' title='bbox 753 560 948 627; x_wconf 80' lang='grc' dir='ltr'><em>τίθημι</em></span> <span class='ocrx_word' id='word_1_33' title='bbox 986 551 1089 626; x_wconf 82' lang='grc' dir='ltr'><em>τὴν</em></span> <span class='ocrx_word' id='word_1_34' title='bbox 1131 552 1492 627; x_wconf 83' lang='grc' dir='ltr'><em>Ἰερουσαλὴμ</em></span> <span class='ocrx_word' id='word_1_35' title='bbox 1534 552 1606 620; x_wconf 78' lang='grc' dir='ltr'><em>ὡς</em></span> <span class='ocrx_word' id='word_1_36' title='bbox 1647 553 1777 630; x_wconf 89' lang='grc' dir='ltr'><em>πρό·</em></span> <span class='ocrx_word' id='word_1_37' title='bbox 1806 580 1828 612; x_wconf 71' lang='grc' dir='ltr'><em>ι)</em></span> 
     </span>
     <span class='ocr_line' id='line_1_7' title="bbox 175 637 1779 716; baseline 0.001 -21"><span class='ocrx_word' id='word_1_38' title='bbox 175 647 325 696; x_wconf 89' lang='grc' dir='ltr'><em>πυλα</em></span> <span class='ocrx_word' id='word_1_39' title='bbox 355 637 702 712; x_wconf 81' lang='grc' dir='ltr'><em>σαλευόμενα</em></span> <span class='ocrx_word' id='word_1_40' title='bbox 742 637 912 696; x_wconf 82' lang='grc' dir='ltr'><em>ἅπασι</em></span> <span class='ocrx_word' id='word_1_41' title='bbox 942 651 1055 704; x_wconf 82' lang='grc' dir='ltr'><em>τοῖς</em></span> <span class='ocrx_word' id='word_1_42' title='bbox 1087 645 1238 705; x_wconf 79' lang='grc' dir='ltr'><em>λαοῖς</em></span> <span class='ocrx_word' id='word_1_43' title='bbox 1279 638 1465 716; x_wconf 79' lang='grc' dir='ltr'><em>κύκλῳ</em></span> <span class='ocrx_word' id='word_1_44' title='bbox 1497 640 1590 696; x_wconf 84' lang='grc' dir='ltr'><em>καὶ</em></span> <span class='ocrx_word' id='word_1_45' title='bbox 1623 642 1683 696; x_wconf 84' lang='grc' dir='ltr'><em>ἐν</em></span> <span class='ocrx_word' id='word_1_46' title='bbox 1713 643 1779 712; x_wconf 82' lang='grc' dir='ltr'><em>τῇ</em></span> 
     </span>
     <span class='ocr_line' id='line_1_8' title="bbox 170 719 1781 799; baseline 0 -19"><span class='ocrx_word' id='word_1_47' title='bbox 170 720 440 799; x_wconf 79' lang='grc' dir='ltr'><em>Ἰουδαίᾳ,</em></span> <span class='ocrx_word' id='word_1_48' title='bbox 495 726 587 780; x_wconf 84' lang='grc' dir='ltr'><em>καὶ</em></span> <span class='ocrx_word' id='word_1_49' title='bbox 640 730 789 780; x_wconf 83' lang='grc' dir='ltr'><em>ἔσται</em></span> <span class='ocrx_word' id='word_1_50' title='bbox 841 721 1071 798; x_wconf 85' lang='grc' dir='ltr'><em>περιοχὴ</em></span> <span class='ocrx_word' id='word_1_51' title='bbox 1119 724 1207 779; x_wconf 85' lang='grc' dir='ltr'><em>ἐπὶ</em></span> <span class='ocrx_word' id='word_1_52' title='bbox 1252 719 1634 798; x_wconf 81' lang='grc' dir='ltr'><em>Ἰερουσαλὴμ,</em></span> <span class='ocrx_word' id='word_1_53' title='bbox 1689 728 1781 780; x_wconf 82' lang='grc' dir='ltr'><em>καὶ</em></span> 
     </span>
     <span class='ocr_line' id='line_1_9' title="bbox 175 803 1779 882; baseline 0 -18"><span class='ocrx_word' id='word_1_54' title='bbox 175 813 326 864; x_wconf 78' lang='grc' dir='ltr'><em>ἔσται</em></span> <span class='ocrx_word' id='word_1_55' title='bbox 359 810 419 865; x_wconf 84' lang='grc' dir='ltr'><em>ἐν</em></span> <span class='ocrx_word' id='word_1_56' title='bbox 448 811 515 882; x_wconf 81' lang='grc' dir='ltr'><em>τῇ</em></span> <span class='ocrx_word' id='word_1_57' title='bbox 547 803 724 882; x_wconf 79' lang='grc' dir='ltr'><em>ἡμέρα</em></span> <span class='ocrx_word' id='word_1_58' title='bbox 767 811 980 881; x_wconf 79' lang='grc' dir='ltr'><em>ἐκείνῃ,</em></span> <span class='ocrx_word' id='word_1_59' title='bbox 1024 805 1266 880; x_wconf 82' lang='grc' dir='ltr'><em>θήσομαι</em></span> <span class='ocrx_word' id='word_1_60' title='bbox 1299 807 1401 880; x_wconf 86' lang='grc' dir='ltr'><em>τὴν</em></span> <span class='ocrx_word' id='word_1_61' title='bbox 1423 806 1779 882; x_wconf 81' lang='grc' dir='ltr'><em>Ἰερουσαλὴμ</em></span> 
     </span>
     <span class='ocr_line' id='line_1_10' title="bbox 173 890 1783 964; baseline 0.001 -16"><span class='ocrx_word' id='word_1_62' title='bbox 173 897 339 950; x_wconf 80' lang='grc' dir='ltr'><em>λίθον</em></span> <span class='ocrx_word' id='word_1_63' title='bbox 368 890 860 964; x_wconf 78' lang='grc' dir='ltr'><em>καταπατούμενον</em></span> <span class='ocrx_word' id='word_1_64' title='bbox 891 896 1027 948; x_wconf 74' lang='grc' dir='ltr'><em>πᾶσι</em></span> <span class='ocrx_word' id='word_1_65' title='bbox 1068 906 1182 958; x_wconf 77' lang='grc' dir='ltr'><em>τοῖς</em></span> <span class='ocrx_word' id='word_1_66' title='bbox 1214 899 1420 950; x_wconf 84' lang='grc' dir='ltr'><em>ἔθνεσι.</em></span> <span class='ocrx_word' id='word_1_67' title='bbox 1483 895 1588 959; x_wconf 75' lang='grc' dir='ltr'><em>πᾶς</em></span> <span class='ocrx_word' id='word_1_68' title='bbox 1620 891 1648 949; x_wconf 87' lang='grc' dir='ltr'>ὁ</span> <span class='ocrx_word' id='word_1_69' title='bbox 1681 917 1783 949; x_wconf 92' lang='grc' dir='ltr'><em>κα-</em></span> 
     </span>
     <span class='ocr_line' id='line_1_11' title="bbox 110 975 1780 1049; baseline 0.001 -16"><span class='ocrx_word' id='word_1_70' title='bbox 110 1002 151 1035; x_wconf 84' lang='grc' dir='ltr'><em>ιο</em></span> <span class='ocrx_word' id='word_1_71' title='bbox 173 980 433 1034; x_wconf 78' lang='grc' dir='ltr'><em>ταπατῶν</em></span> <span class='ocrx_word' id='word_1_72' title='bbox 472 975 652 1048; x_wconf 77' lang='grc' dir='ltr'><em>αὐτὴν</em></span> <span class='ocrx_word' id='word_1_73' title='bbox 691 978 968 1048; x_wconf 84' lang='grc' dir='ltr'><em>ἐμπαίζων</em></span> <span class='ocrx_word' id='word_1_74' title='bbox 1021 979 1364 1049; x_wconf 80' lang='grc' dir='ltr'><em>ἐμπαίξεται,</em></span> <span class='ocrx_word' id='word_1_75' title='bbox 1418 979 1511 1034; x_wconf 86' lang='grc' dir='ltr'><em>καὶ</em></span> <span class='ocrx_word' id='word_1_76' title='bbox 1556 980 1780 1034; x_wconf 87' lang='grc' dir='ltr'><em>ἐπισυν-</em></span> 
     </span>
     <span class='ocr_line' id='line_1_12' title="bbox 173 1057 1649 1134; baseline 0.001 -17"><span class='ocrx_word' id='word_1_77' title='bbox 173 1061 516 1134; x_wconf 75' lang='grc' dir='ltr'><em>αχθήσονται</em></span> <span class='ocrx_word' id='word_1_78' title='bbox 549 1058 638 1117; x_wconf 83' lang='grc' dir='ltr'><em>ἐπ’</em></span> <span class='ocrx_word' id='word_1_79' title='bbox 677 1057 853 1132; x_wconf 80' lang='grc' dir='ltr'><em>αὐτὴν</em></span> <span class='ocrx_word' id='word_1_80' title='bbox 883 1059 1065 1118; x_wconf 77' lang='grc' dir='ltr'><em>πάντα</em></span> <span class='ocrx_word' id='word_1_81' title='bbox 1094 1059 1161 1117; x_wconf 76' lang='grc' dir='ltr'><em>τὰ</em></span> <span class='ocrx_word' id='word_1_82' title='bbox 1193 1068 1334 1134; x_wconf 81' lang='grc' dir='ltr'><em>ἔθνη</em></span> <span class='ocrx_word' id='word_1_83' title='bbox 1365 1065 1461 1133; x_wconf 78' lang='grc' dir='ltr'><em>τῆς</em></span> <span class='ocrx_word' id='word_1_84' title='bbox 1491 1058 1649 1134; x_wconf 81' lang='grc' dir='ltr'><em>γῆς.”</em></span> 
     </span>
     <span class='ocr_line' id='line_1_13' title="bbox 299 1141 1781 1219; baseline 0.001 -18"><span class='ocrx_word' id='word_1_85' title='bbox 299 1149 348 1202; x_wconf 82' lang='grc'><em>5.</em></span> <span class='ocrx_word' id='word_1_86' title='bbox 381 1146 493 1202; x_wconf 85' lang='grc' dir='ltr'><em>Καὶ</em></span> <span class='ocrx_word' id='word_1_87' title='bbox 523 1144 658 1219; x_wconf 79' lang='grc' dir='ltr'><em>μετὰ</em></span> <span class='ocrx_word' id='word_1_88' title='bbox 698 1146 906 1219; x_wconf 85' lang='grc' dir='ltr'><em>βραχέα</em></span> <span class='ocrx_word' id='word_1_89' title='bbox 938 1148 1179 1218; x_wconf 80' lang='grc' dir='ltr'><em>ἐπιλέγει</em></span> <span class='ocrx_word' id='word_1_90' title='bbox 1212 1141 1242 1163; x_wconf 77' lang='grc'><strong><em>“</em></strong></span> <span class='ocrx_word' id='word_1_91' title='bbox 1259 1148 1353 1203; x_wconf 89' lang='grc' dir='ltr'><em>καὶ</em></span> <span class='ocrx_word' id='word_1_92' title='bbox 1385 1147 1781 1218; x_wconf 82' lang='grc' dir='ltr'><em>ε’πιβλέψονται</em></span> 
     </span>
     <span class='ocr_line' id='line_1_14' title="bbox 171 1222 1777 1305; baseline 0.001 -19"><span class='ocrx_word' id='word_1_93' title='bbox 171 1227 308 1300; x_wconf 81' lang='grc' dir='ltr'><em>πρός</em></span> <span class='ocrx_word' id='word_1_94' title='bbox 337 1253 406 1303; x_wconf 88' lang='grc' dir='ltr'><em>με</em></span> <span class='ocrx_word' id='word_1_95' title='bbox 437 1235 515 1296; x_wconf 82' lang='grc' dir='ltr'><em>εἰς</em></span> <span class='ocrx_word' id='word_1_96' title='bbox 545 1225 611 1287; x_wconf 75' lang='grc' dir='ltr'><em>ὃν</em></span> <span class='ocrx_word' id='word_1_97' title='bbox 636 1231 1023 1302; x_wconf 81' lang='grc' dir='ltr'><em>ἐξεκέντησαν,</em></span> <span class='ocrx_word' id='word_1_98' title='bbox 1055 1229 1188 1287; x_wconf 80' lang='grc' dir='ltr'><em>ἄνθ’</em></span> <span class='ocrx_word' id='word_1_99' title='bbox 1227 1222 1307 1288; x_wconf 69' lang='grc' dir='ltr'><em>οἷν</em></span> <span class='ocrx_word' id='word_1_100' title='bbox 1330 1229 1777 1305; x_wconf 84' lang='grc' dir='ltr'><em>κατωρχήσαντο,</em></span> 
     </span>
     <span class='ocr_line' id='line_1_15' title="bbox 172 1310 1778 1392; baseline 0.001 -22"><span class='ocrx_word' id='word_1_101' title='bbox 172 1315 264 1370; x_wconf 82' lang='grc' dir='ltr'><em>καὶ</em></span> <span class='ocrx_word' id='word_1_102' title='bbox 305 1312 572 1381; x_wconf 80' lang='grc' dir='ltr'><em>κόψονται</em></span> <span class='ocrx_word' id='word_1_103' title='bbox 615 1312 701 1370; x_wconf 81' lang='grc' dir='ltr'><em>ἐπ’</em></span> <span class='ocrx_word' id='word_1_104' title='bbox 759 1310 929 1371; x_wconf 80' lang='grc' dir='ltr'><em>αὐτὸν</em></span> <span class='ocrx_word' id='word_1_105' title='bbox 968 1312 1202 1374; x_wconf 80' lang='grc' dir='ltr'><em>κοπετὸν</em></span> <span class='ocrx_word' id='word_1_106' title='bbox 1243 1340 1316 1381; x_wconf 79' lang='grc' dir='ltr'><em>ως</em></span> <span class='ocrx_word' id='word_1_107' title='bbox 1359 1311 1445 1372; x_wconf 83' lang='grc' dir='ltr'><em>ἐπ’</em></span> <span class='ocrx_word' id='word_1_108' title='bbox 1491 1312 1778 1392; x_wconf 74' lang='grc' dir='ltr'><em>ἀγαπητῷ,</em></span> 
     </span>
     <span class='ocr_line' id='line_1_16' title="bbox 109 1396 1777 1476; baseline 0.001 -22"><span class='ocrx_word' id='word_1_109' title='bbox 109 1422 149 1455; x_wconf 80' lang='grc' dir='ltr'><em>ι5</em></span> <span class='ocrx_word' id='word_1_110' title='bbox 175 1399 266 1455; x_wconf 87' lang='grc' dir='ltr'><em>καὶ</em></span> <span class='ocrx_word' id='word_1_111' title='bbox 297 1396 512 1471; x_wconf 82' lang='grc' dir='ltr'><em>ὀδύνην</em></span> <span class='ocrx_word' id='word_1_112' title='bbox 542 1397 614 1466; x_wconf 79' lang='grc' dir='ltr'><em>ὡς</em></span> <span class='ocrx_word' id='word_1_113' title='bbox 648 1400 737 1455; x_wconf 86' lang='grc' dir='ltr'><em>ἐπὶ</em></span> <span class='ocrx_word' id='word_1_114' title='bbox 767 1398 1113 1476; x_wconf 76' lang='grc' dir='ltr'><em>πρωτοτόκῳ.</em></span> <span class='ocrx_word' id='word_1_115' title='bbox 1178 1402 1238 1457; x_wconf 85' lang='grc' dir='ltr'><em>ἐν</em></span> <span class='ocrx_word' id='word_1_116' title='bbox 1268 1405 1336 1474; x_wconf 79' lang='grc' dir='ltr'><em>τῇ</em></span> <span class='ocrx_word' id='word_1_117' title='bbox 1381 1398 1559 1476; x_wconf 79' lang='grc' dir='ltr'><em>ἡμέρα</em></span> <span class='ocrx_word' id='word_1_118' title='bbox 1594 1402 1777 1472; x_wconf 85' lang='grc' dir='ltr'><em>ἐκείνῃ</em></span> 
     </span>
     <span class='ocr_line' id='line_1_17' title="bbox 171 1478 1820 1557; baseline 0 -18"><span class='ocrx_word' id='word_1_119' title='bbox 171 1481 655 1556; x_wconf 77' lang='grc' dir='ltr'><em>μεγαλυνθήσεται</em></span> <span class='ocrx_word' id='word_1_120' title='bbox 693 1478 722 1540; x_wconf 83' lang='grc' dir='ltr'>ὁ</span> <span class='ocrx_word' id='word_1_121' title='bbox 765 1481 991 1549; x_wconf 80' lang='grc' dir='ltr'><em>κοπετός</em></span> <span class='ocrx_word' id='word_1_122' title='bbox 1036 1479 1394 1557; x_wconf 84' lang='grc' dir='ltr'><em>Ιερουσαλὴμ</em></span> <span class='ocrx_word' id='word_1_123' title='bbox 1439 1481 1511 1549; x_wconf 78' lang='grc' dir='ltr'><em>ὠς</em></span> <span class='ocrx_word' id='word_1_124' title='bbox 1551 1482 1778 1550; x_wconf 79' lang='grc' dir='ltr'><em>κοπετός</em></span> <span class='ocrx_word' id='word_1_125' title='bbox 1803 1517 1820 1539; x_wconf 77' lang='lat' dir='ltr'>e</span> 
     </span>
     <span class='ocr_line' id='line_1_18' title="bbox 163 1563 1779 1641; baseline 0 -16"><span class='ocrx_word' id='word_1_126' title='bbox 163 1563 392 1632; x_wconf 80' lang='grc' dir='ltr'><em>Ροῶνος</em></span> <span class='ocrx_word' id='word_1_127' title='bbox 433 1569 493 1625; x_wconf 84' lang='grc' dir='ltr'><em>ἐν</em></span> <span class='ocrx_word' id='word_1_128' title='bbox 531 1573 707 1625; x_wconf 81' lang='grc' dir='ltr'><em>πεὸίω</em></span> <span class='ocrx_word' id='word_1_129' title='bbox 751 1570 1181 1641; x_wconf 84' lang='grc' dir='ltr'><em>ἐκκοπτομένου</em></span> <span class='ocrx_word' id='word_1_130' title='bbox 1228 1570 1320 1624; x_wconf 86' lang='grc' dir='ltr'><em>καὶ</em></span> <span class='ocrx_word' id='word_1_131' title='bbox 1361 1566 1588 1635; x_wconf 79' lang='grc' dir='ltr'><em>κόψεται</em></span> <span class='ocrx_word' id='word_1_132' title='bbox 1627 1566 1660 1640; x_wconf 83' lang='grc' dir='ltr'><em>ἡ</em></span> <span class='ocrx_word' id='word_1_133' title='bbox 1708 1574 1779 1640; x_wconf 83' lang='grc' dir='ltr'><em>γῆ</em></span> 
     </span>
     <span class='ocr_line' id='line_1_19' title="bbox 172 1626 1784 1726; baseline 0.001 -19"><span class='ocrx_word' id='word_1_134' title='bbox 172 1649 308 1708; x_wconf 76' lang='grc' dir='ltr'><em>κατὰ</em></span> <span class='ocrx_word' id='word_1_135' title='bbox 338 1651 546 1724; x_wconf 79' lang='grc' dir='ltr'><em>φυλὰς,</em></span> <span class='ocrx_word' id='word_1_136' title='bbox 578 1626 728 1725; x_wconf 78' lang='grc' dir='ltr'><em>φυλὴ</em></span> <span class='ocrx_word' id='word_1_137' title='bbox 758 1660 916 1709; x_wconf 77' lang='grc' dir='ltr'><em>οἴκου</em></span> <span class='ocrx_word' id='word_1_138' title='bbox 940 1654 1130 1724; x_wconf 83' lang='grc' dir='ltr'><em>Λαβὶδ</em></span> <span class='ocrx_word' id='word_1_139' title='bbox 1160 1651 1295 1710; x_wconf 82' lang='grc' dir='ltr'><em>καθ’</em></span> <span class='ocrx_word' id='word_1_140' title='bbox 1331 1651 1567 1726; x_wconf 80' lang='grc' dir='ltr'><em>ἑαυτὴν,</em></span> <span class='ocrx_word' id='word_1_141' title='bbox 1601 1655 1692 1709; x_wconf 85' lang='grc' dir='ltr'><em>καὶ</em></span> <span class='ocrx_word' id='word_1_142' title='bbox 1723 1658 1784 1709; x_wconf 79' lang='grc' dir='ltr'><em>αἱ</em></span> 
     </span>
     <span class='ocr_line' id='line_1_20' title="bbox 171 1733 1780 1810; baseline 0.002 -17"><span class='ocrx_word' id='word_1_143' title='bbox 171 1747 435 1808; x_wconf 76' lang='grc' dir='ltr'><em>γυναῖκες</em></span> <span class='ocrx_word' id='word_1_144' title='bbox 478 1734 665 1794; x_wconf 80' lang='grc' dir='ltr'><em>αὐτῶν</em></span> <span class='ocrx_word' id='word_1_145' title='bbox 703 1733 839 1793; x_wconf 81' lang='grc' dir='ltr'><em>καθ’</em></span> <span class='ocrx_word' id='word_1_146' title='bbox 895 1735 1117 1803; x_wconf 75' lang='grc' dir='ltr'><em>ἑαυτάς·</em></span> <span class='ocrx_word' id='word_1_147' title='bbox 1171 1734 1322 1810; x_wconf 79' lang='grc' dir='ltr'><em>φυλὴ</em></span> <span class='ocrx_word' id='word_1_148' title='bbox 1367 1745 1524 1794; x_wconf 77' lang='grc' dir='ltr'><em>οἴκου</em></span> <span class='ocrx_word' id='word_1_149' title='bbox 1567 1736 1780 1796; x_wconf 76' lang='grc' dir='ltr'><em>Νάθαν</em></span> 
     </span>
     <span class='ocr_line' id='line_1_21' title="bbox 107 1818 1776 1893; baseline 0.001 -17"><span class='ocrx_word' id='word_1_150' title='bbox 107 1844 149 1877; x_wconf 84' lang='lat'><em>20</em></span> <span class='ocrx_word' id='word_1_151' title='bbox 174 1818 304 1877; x_wconf 81' lang='grc' dir='ltr'><em>καθ’</em></span> <span class='ocrx_word' id='word_1_152' title='bbox 351 1818 554 1893; x_wconf 81' lang='grc' dir='ltr'><em>ἑαυτὴν</em></span> <span class='ocrx_word' id='word_1_153' title='bbox 593 1822 684 1877; x_wconf 86' lang='grc' dir='ltr'><em>καὶ</em></span> <span class='ocrx_word' id='word_1_154' title='bbox 738 1824 799 1876; x_wconf 76' lang='grc' dir='ltr'><em>αἱ</em></span> <span class='ocrx_word' id='word_1_155' title='bbox 834 1834 1096 1893; x_wconf 81' lang='grc' dir='ltr'><em>γυναῖκες</em></span> <span class='ocrx_word' id='word_1_156' title='bbox 1138 1820 1326 1879; x_wconf 79' lang='grc' dir='ltr'><em>αὐτῶν</em></span> <span class='ocrx_word' id='word_1_157' title='bbox 1364 1819 1498 1879; x_wconf 83' lang='grc' dir='ltr'><em>καθ’</em></span> <span class='ocrx_word' id='word_1_158' title='bbox 1547 1819 1776 1888; x_wconf 75' lang='grc' dir='ltr'><em>ἑαυτάς·</em></span> 
     </span>
     <span class='ocr_line' id='line_1_22' title="bbox 169 1901 1780 1979; baseline 0.001 -19"><span class='ocrx_word' id='word_1_159' title='bbox 169 1901 321 1977; x_wconf 84' lang='grc' dir='ltr'><em>φυλὴ</em></span> <span class='ocrx_word' id='word_1_160' title='bbox 352 1914 509 1962; x_wconf 78' lang='grc' dir='ltr'><em>οἴκου</em></span> <span class='ocrx_word' id='word_1_161' title='bbox 540 1907 680 1963; x_wconf 87' lang='grc' dir='ltr'><em>Λευὶ</em></span> <span class='ocrx_word' id='word_1_162' title='bbox 724 1902 879 1962; x_wconf 77' lang='grc' dir='ltr'><em>καθ’.</em></span> <span class='ocrx_word' id='word_1_163' title='bbox 904 1904 1110 1979; x_wconf 76' lang='grc' dir='ltr'><em>ἑαυτὴν</em></span> <span class='ocrx_word' id='word_1_164' title='bbox 1151 1908 1243 1963; x_wconf 83' lang='grc' dir='ltr'><em>καὶ</em></span> <span class='ocrx_word' id='word_1_165' title='bbox 1285 1910 1345 1963; x_wconf 82' lang='grc' dir='ltr'><em>αἱ</em></span> <span class='ocrx_word' id='word_1_166' title='bbox 1380 1921 1644 1978; x_wconf 79' lang='grc' dir='ltr'><em>γυναῖκες</em></span> <span class='ocrx_word' id='word_1_167' title='bbox 1676 1906 1780 1963; x_wconf 83' lang='grc' dir='ltr'><em>αὐ-</em></span> 
     </span>
     <span class='ocr_line' id='line_1_23' title="bbox 172 1987 1778 2064; baseline 0.002 -19"><span class='ocrx_word' id='word_1_168' title='bbox 172 1991 284 2046; x_wconf 79' lang='grc' dir='ltr'><em>τῶν</em></span> <span class='ocrx_word' id='word_1_169' title='bbox 314 1987 446 2046; x_wconf 83' lang='grc' dir='ltr'><em>καθ’</em></span> <span class='ocrx_word' id='word_1_170' title='bbox 497 1989 720 2057; x_wconf 78' lang='grc' dir='ltr'><em>ἑαυτάς·</em></span> <span class='ocrx_word' id='word_1_171' title='bbox 762 1988 914 2062; x_wconf 84' lang='grc' dir='ltr'><em>φυλὴ</em></span> <span class='ocrx_word' id='word_1_172' title='bbox 952 1993 1052 2048; x_wconf 79' lang='grc' dir='ltr'><em>τοῦ</em></span> <span class='ocrx_word' id='word_1_173' title='bbox 1093 1989 1337 2064; x_wconf 75' lang='grc' dir='ltr'><em>Συμεών</em></span> <span class='ocrx_word' id='word_1_174' title='bbox 1377 1989 1507 2048; x_wconf 78' lang='grc' dir='ltr'><em>καθ’</em></span> <span class='ocrx_word' id='word_1_175' title='bbox 1555 1989 1778 2063; x_wconf 77' lang='grc' dir='ltr'><em>ἑαυτὴν,</em></span> 
     </span>
     <span class='ocr_line' id='line_1_24' title="bbox 172 2071 1781 2144; baseline 0.002 -15"><span class='ocrx_word' id='word_1_176' title='bbox 172 2075 264 2129; x_wconf 86' lang='grc' dir='ltr'><em>καὶ</em></span> <span class='ocrx_word' id='word_1_177' title='bbox 297 2078 359 2130; x_wconf 77' lang='grc' dir='ltr'><em>αἱ</em></span> <span class='ocrx_word' id='word_1_178' title='bbox 383 2087 648 2144; x_wconf 83' lang='grc' dir='ltr'><em>γυναῖκες</em></span> <span class='ocrx_word' id='word_1_179' title='bbox 678 2071 866 2134; x_wconf 70' lang='grc' dir='ltr'><em>αὐτῶν</em></span> <span class='ocrx_word' id='word_1_180' title='bbox 895 2071 1030 2132; x_wconf 82' lang='grc' dir='ltr'><em>καθ’</em></span> <span class='ocrx_word' id='word_1_181' title='bbox 1077 2074 1301 2143; x_wconf 80' lang='grc' dir='ltr'><em>ἑαυτας</em></span> <span class='ocrx_word' id='word_1_182' title='bbox 1348 2079 1520 2132; x_wconf 78' lang='grc' dir='ltr'><em>πᾶσαι</em></span> <span class='ocrx_word' id='word_1_183' title='bbox 1551 2079 1613 2132; x_wconf 78' lang='grc' dir='ltr'><em>αἱ</em></span> <span class='ocrx_word' id='word_1_184' title='bbox 1638 2075 1781 2133; x_wconf 83' lang='grc' dir='ltr'><em>ὑπο-</em></span> 
     </span>
     <span class='ocr_line' id='line_1_25' title="bbox 151 2157 1780 2272; baseline 0.002 -59.055"><span class='ocrx_word' id='word_1_185' title='bbox 151 2159 519 2231; x_wconf 83' lang='grc' dir='ltr'><em>λελειμμέναι</em></span> <span class='ocrx_word' id='word_1_186' title='bbox 551 2162 753 2232; x_wconf 82' lang='grc' dir='ltr'><em>φυλαὶ,</em></span> <span class='ocrx_word' id='word_1_187' title='bbox 791 2158 949 2263; x_wconf 84' lang='grc' dir='ltr'><em>φυλη</em></span> <span class='ocrx_word' id='word_1_188' title='bbox 983 2158 1118 2218; x_wconf 82' lang='grc' dir='ltr'><em>καθ’</em></span> <span class='ocrx_word' id='word_1_189' title='bbox 1166 2157 1403 2272; x_wconf 80' lang='grc' dir='ltr'><em>ἑαυτὴν,</em></span> <span class='ocrx_word' id='word_1_190' title='bbox 1443 2162 1533 2217; x_wconf 85' lang='grc' dir='ltr'><em>καὶ</em></span> <span class='ocrx_word' id='word_1_191' title='bbox 1578 2165 1640 2217; x_wconf 76' lang='grc' dir='ltr'><em>αἱ</em></span> <span class='ocrx_word' id='word_1_192' title='bbox 1677 2184 1780 2232; x_wconf 88' lang='grc' dir='ltr'><em>γυ-</em></span> 
     </span>
     <span class='ocr_line' id='line_1_26' title="bbox 107 2238 1025 2310; baseline 0.003 -12"><span class='ocrx_word' id='word_1_193' title='bbox 107 2264 150 2298; x_wconf 85' lang='lat'><em>25</em></span> <span class='ocrx_word' id='word_1_194' title='bbox 172 2256 360 2308; x_wconf 81' lang='grc' dir='ltr'><em>ναικες</em></span> <span class='ocrx_word' id='word_1_195' title='bbox 392 2238 577 2300; x_wconf 75' lang='grc' dir='ltr'><em>αὐτῶν</em></span> <span class='ocrx_word' id='word_1_196' title='bbox 607 2240 743 2301; x_wconf 83' lang='grc' dir='ltr'><em>καθ’</em></span> <span class='ocrx_word' id='word_1_197' title='bbox 779 2241 1025 2310; x_wconf 48' lang='lat' dir='ltr'><em>§avt-0:97²</em></span> 
     </span>
     <span class='ocr_line' id='line_1_27' title="bbox 301 2325 1829 2402; baseline 0 -19"><span class='ocrx_word' id='word_1_198' title='bbox 301 2331 349 2384; x_wconf 88' lang='lat'><em>6.</em></span> <span class='ocrx_word' id='word_1_199' title='bbox 392 2329 504 2384; x_wconf 85' lang='grc' dir='ltr'><em>Καὶ</em></span> <span class='ocrx_word' id='word_1_200' title='bbox 543 2326 712 2385; x_wconf 89' lang='grc' dir='ltr'><em>παλιν</em></span> <span class='ocrx_word' id='word_1_201' title='bbox 754 2325 886 2401; x_wconf 85' lang='grc' dir='ltr'><em>μεθ’</em></span> <span class='ocrx_word' id='word_1_202' title='bbox 936 2331 1094 2400; x_wconf 84' lang='grc' dir='ltr'><em>ε’τερα</em></span> <span class='ocrx_word' id='word_1_203' title='bbox 1132 2329 1233 2402; x_wconf 81' lang='grc' dir='ltr'><em>τὴν</em></span> <span class='ocrx_word' id='word_1_204' title='bbox 1277 2326 1511 2402; x_wconf 87' lang='grc' dir='ltr'><em>ἐσχατην</em></span> <span class='ocrx_word' id='word_1_205' title='bbox 1548 2332 1644 2399; x_wconf 84' lang='grc' dir='ltr'><em>τῆς</em></span> <span class='ocrx_word' id='word_1_206' title='bbox 1676 2326 1776 2384; x_wconf 87' lang='grc' dir='ltr'><em>Ἱε-</em></span> <span class='ocrx_word' id='word_1_207' title='bbox 1806 2350 1829 2382; x_wconf 81' lang='lat' dir='ltr'>d</span> 
     </span>
     <span class='ocr_line' id='line_1_28' title="bbox 173 2410 1775 2486; baseline 0.001 -20"><span class='ocrx_word' id='word_1_208' title='bbox 173 2410 458 2484; x_wconf 87' lang='grc' dir='ltr'><em>ρουσαλὴμ</em></span> <span class='ocrx_word' id='word_1_209' title='bbox 502 2419 829 2486; x_wconf 86' lang='grc' dir='ltr'><em>πολιορκίαν</em></span> <span class='ocrx_word' id='word_1_210' title='bbox 885 2415 1230 2485; x_wconf 84' lang='grc' dir='ltr'><em>σαφέστερον</em></span> <span class='ocrx_word' id='word_1_211' title='bbox 1287 2411 1543 2485; x_wconf 81' lang='grc' dir='ltr'><em>κηρύττει</em></span> <span class='ocrx_word' id='word_1_212' title='bbox 1596 2413 1775 2483; x_wconf 88' lang='grc' dir='ltr'><em>λέγων</em></span> 
     </span>
     <span class='ocr_line' id='line_1_29' title="bbox 164 2487 1778 2570; baseline 0.002 -22"><span class='ocrx_word' id='word_1_213' title='bbox 164 2487 330 2550; x_wconf 76' lang='grc' dir='ltr'><em>“ίὸοὐ</em></span> <span class='ocrx_word' id='word_1_214' title='bbox 359 2492 558 2568; x_wconf 84' lang='grc' dir='ltr'><em>ἡμέραι</em></span> <span class='ocrx_word' id='word_1_215' title='bbox 600 2501 851 2569; x_wconf 81' lang='grc' dir='ltr'><em>ἔρχονται</em></span> <span class='ocrx_word' id='word_1_216' title='bbox 881 2499 982 2554; x_wconf 75' lang='grc' dir='ltr'><em>τοῦ</em></span> <span class='ocrx_word' id='word_1_217' title='bbox 1009 2503 1237 2570; x_wconf 84' lang='grc' dir='ltr'><em>κυρίου,</em></span> <span class='ocrx_word' id='word_1_218' title='bbox 1281 2498 1374 2552; x_wconf 85' lang='grc' dir='ltr'><em>καὶ</em></span> <span class='ocrx_word' id='word_1_219' title='bbox 1409 2493 1778 2568; x_wconf 81' lang='grc' dir='ltr'><em>διαμερισθή-</em></span> 
     </span>
     <span class='ocr_line' id='line_1_30' title="bbox 174 2578 1776 2659; baseline 0.002 -26"><span class='ocrx_word' id='word_1_220' title='bbox 174 2594 364 2634; x_wconf 85' lang='grc' dir='ltr'><em>σονται</em></span> <span class='ocrx_word' id='word_1_221' title='bbox 395 2579 460 2634; x_wconf 79' lang='grc' dir='ltr'><em>τὰ</em></span> <span class='ocrx_word' id='word_1_222' title='bbox 491 2579 670 2636; x_wconf 76' lang='grc' dir='ltr'><em>σκῦλά</em></span> <span class='ocrx_word' id='word_1_223' title='bbox 710 2599 811 2638; x_wconf 89' lang='grc' dir='ltr'><em>σου</em></span> <span class='ocrx_word' id='word_1_224' title='bbox 855 2583 914 2637; x_wconf 86' lang='grc' dir='ltr'><em>ἐν</em></span> <span class='ocrx_word' id='word_1_225' title='bbox 955 2583 1070 2651; x_wconf 86' lang='grc' dir='ltr'><em>σοὶ,</em></span> <span class='ocrx_word' id='word_1_226' title='bbox 1117 2582 1210 2636; x_wconf 85' lang='grc' dir='ltr'><em>καὶ</em></span> <span class='ocrx_word' id='word_1_227' title='bbox 1255 2578 1565 2659; x_wconf 65' lang='grc' dir='ltr'><em>ἐπισυνάξω</em></span> <span class='ocrx_word' id='word_1_228' title='bbox 1595 2578 1776 2637; x_wconf 73' lang='grc' dir='ltr'><em>πάντα</em></span> 
     </span>
     <span class='ocr_line' id='line_1_31' title="bbox 108 2660 1780 2737; baseline 0.002 -21"><span class='ocrx_word' id='word_1_229' title='bbox 108 2683 152 2716; x_wconf 83' lang='grc'><em>30</em></span> <span class='ocrx_word' id='word_1_230' title='bbox 176 2660 240 2717; x_wconf 76' lang='grc' dir='ltr'><em>τὰ</em></span> <span class='ocrx_word' id='word_1_231' title='bbox 273 2667 414 2734; x_wconf 78' lang='grc' dir='ltr'><em>ἔθνη</em></span> <span class='ocrx_word' id='word_1_232' title='bbox 450 2664 535 2719; x_wconf 82' lang='grc' dir='ltr'><em>ἐπὶ</em></span> <span class='ocrx_word' id='word_1_233' title='bbox 569 2661 924 2736; x_wconf 83' lang='grc' dir='ltr'><em>Ἰερουσαλὴμ</em></span> <span class='ocrx_word' id='word_1_234' title='bbox 969 2670 1046 2731; x_wconf 82' lang='grc' dir='ltr'><em>εἰς</em></span> <span class='ocrx_word' id='word_1_235' title='bbox 1078 2663 1347 2737; x_wconf 85' lang='grc' dir='ltr'><em>πόλεμον,</em></span> <span class='ocrx_word' id='word_1_236' title='bbox 1386 2666 1479 2720; x_wconf 88' lang='grc' dir='ltr'><em>καὶ</em></span> <span class='ocrx_word' id='word_1_237' title='bbox 1509 2662 1780 2721; x_wconf 80' lang='grc' dir='ltr'><em>ἁλώσεται</em></span> 
     </span>
    </p>
   </div>
   <div class='ocr_carea' id='block_1_3' title="bbox 289 2855 1779 2910">
    <p class='ocr_par' dir='ltr' id='par_1_3' title="bbox 289 2855 1779 2910">
     <span class='ocr_line' id='line_1_32' title="bbox 289 2855 1779 2910; baseline 0.005 -16"><span class='ocrx_word' id='word_1_238' title='bbox 289 2857 313 2895; x_wconf 85' lang='lat'>5</span> <span class='ocrx_word' id='word_1_239' title='bbox 348 2855 484 2896; x_wconf 78' lang='lat' dir='ltr'><strong>zach.</strong></span> <span class='ocrx_word' id='word_1_240' title='bbox 513 2858 578 2909; x_wconf 78' lang='lat'><em>12,</em></span> <span class='ocrx_word' id='word_1_241' title='bbox 602 2858 643 2897; x_wconf 79' lang='lat'><em>2.</em></span> <span class='ocrx_word' id='word_1_242' title='bbox 716 2898 721 2905; x_wconf 62' lang='lat'><em>„</em></span> <span class='ocrx_word' id='word_1_243' title='bbox 819 2859 870 2897; x_wconf 77' lang='lat'><em>12</em></span> <span class='ocrx_word' id='word_1_244' title='bbox 901 2858 1039 2899; x_wconf 79' lang='lat' dir='ltr'>Zaoh.</span> <span class='ocrx_word' id='word_1_245' title='bbox 1066 2860 1130 2908; x_wconf 67' lang='grc' dir='ltr'><em>ιε»,</em></span> <span class='ocrx_word' id='word_1_246' title='bbox 1159 2861 1224 2899; x_wconf 83' lang='lat'><em>10.</em></span> <span class='ocrx_word' id='word_1_247' title='bbox 1398 2861 1454 2907; x_wconf 64' lang='lat'><em>25</em></span> <span class='ocrx_word' id='word_1_248' title='bbox 1482 2859 1623 2899; x_wconf 73' lang='lat' dir='ltr'>Zaeh.</span> <span class='ocrx_word' id='word_1_249' title='bbox 1648 2860 1713 2910; x_wconf 84' lang='lat'><em>14,</em></span> <span class='ocrx_word' id='word_1_250' title='bbox 1743 2861 1779 2901; x_wconf 92' lang='lat'><em>1.</em></span> 
     </span>
    </p>
   </div>
  </div>
 </body>
</html>
