1946 3158
548 115 860 157 DEMONST.
893 114 1113 157 EVANG.
1145 116 1181 155 Ι.
1214 118 1252 158 3.
1287 117 1331 155 4.
1668 114 1737 166 25

135 229 571 305 κατακρατήσειν
605 230 773 288 πάλιν
803 228 1091 304 ἅναφωνεῑ
1133 232 1312 303 λέγων
1334 226 1447 296 “ῶς
1488 231 1646 287 καλοὶ
1690 236 1747 287 οἱ

134 317 280 374 οἶκοί
307 336 408 374 σου
432 314 655 388 Ἰακώβ,
689 321 751 372 αἱ
777 323 977 388 σκηναί
1006 333 1108 372 σου
1131 312 1372 387 Ἰσραὴλ,
1408 311 1540 372 ῶσεὶ
1569 313 1742 373 νάπαι

134 400 483 474 σκιάζουσαι,
531 403 622 457 καὶ
670 397 800 457 ῶσεὶ
845 399 1177 475 παράδεισος
1219 401 1307 456 ἐπὶ
1347 399 1621 473 ποταμὸν,
1671 398 1744 465 ῶς

134 487 333 559 σκηναὶ
373 482 437 553 ἃς
470 488 670 558 ἔπηξεν
700 483 904 557 κύριος.
984 482 1324 552 ἐξελεύσεται
1353 482 1652 558 ἅνθρωπος
1685 488 1743 542 ἐκ
1769 508 1791 540 d

92 592 112 623 5
134 574 233 628 τοῦ
262 571 569 643 σπέρματος
600 567 802 641 αὐτοῦ,
846 571 938 625 καὶ
969 567 1253 642 κυριεύσει
1286 571 1471 626 ἐθνῶν
1501 572 1743 641 πολλῶν,

135 656 226 712 καὶ
255 651 617 727 ὑψωθήσεται
649 652 682 727 ἡ
714 659 967 726 βασιλεία
1001 651 1230 711 αὕτοῦ.”

260 743 343 795 45.
374 735 535 796 Ἀλλὰ
559 741 651 796 καὶ
684 742 735 806 ἐξ
766 734 958 804 ὁποίας
982 742 1182 810 φυλῆς,
1216 736 1433 795 δῶδεκα
1455 742 1569 795 τῶν
1597 735 1744 796 ὅλων

135 821 266 894 παρ’
297 820 569 897 Εβραίοις
606 821 825 894 οὐσῶν,
858 819 940 879 ὅτι
973 820 1042 893 δὴ
1074 819 1180 878 ἀπὸ
1211 826 1306 894 τῆς
1330 820 1514 879 Ἰούδα
1547 821 1575 880 ὁ
1606 833 1746 881 θεσ-

133 906 418 980 πιζόμενος
447 911 560 965 τῶν
592 910 777 965 ἐθνῶν
807 910 1121 1007 νομοθέτης
1144 904 1379 979 Χριστὸς
1410 905 1745 980 προελεύσε-

70 1015 111 1047 10
133 1017 251 1064 ται,
282 994 376 1049 καὶ
407 1016 544 1050 κατα
573 998 767 1059 ποίους
797 990 1060 1066 χρόνους,
1091 988 1174 1048 ὅτι
1203 990 1337 1063 μετὰ
1367 990 1469 1063 τὴν
1500 998 1746 1060 ἔκλειψιν

133 1080 246 1136 τῶν
278 1080 338 1134 ἐκ
367 1075 660 1151 προγόνων
693 1080 952 1150 διαδοχῆς
976 1079 1076 1133 τοῦ
1097 1074 1384 1133 Ἰουδαίων
1412 1082 1615 1143 ἔθνους
1645 1075 1746 1150 ἆρ-

136 1160 350 1229 ξάντων
389 1167 552 1235 δηλοῖ
588 1163 768 1234 λέγων
791 1157 934 1218 “ούκ
966 1164 1207 1229 ἐκλείψει
1246 1158 1441 1265 ἅρχων
1465 1164 1518 1229 ἐξ
1542 1159 1743 1231 Ἰούδα,

137 1249 228 1303 καὶ
256 1244 563 1320 ἡγούμενος
594 1250 655 1304 ἐκ
684 1249 797 1303 τῶν
825 1249 1019 1319 μηρῶν
1043 1244 1244 1317 αὐτοῦ,
1278 1249 1379 1313 ε’ως
1410 1242 1480 1302 οὶν
1511 1252 1650 1319 ἔλθῃ
1680 1244 1746 1303 τοὶ

136 1327 472 1403 ἀποκείμενα
503 1329 681 1407 αὐτῶ,
714 1333 807 1388 καὶ
837 1328 1002 1397 αὐτὸς
1031 1335 1338 1404 προσδοκία
1372 1328 1596 1388 ἐθνῶν.

73 1435 114 1467 15
264 1418 346 1472 46.
379 1420 527 1473 Ποία
561 1416 621 1472 δε
651 1420 957 1489 προσδοκία
998 1406 1069 1486 ἦν
1109 1412 1231 1471 αλλ’
1267 1411 1301 1487 ῆ
1331 1416 1364 1487 ἡ
1397 1418 1476 1472 τῶ
1502 1412 1745 1489 Ἀβραὰμ

137 1501 513 1572 ἐπηγγελμένη
545 1501 671 1573 περὶ
700 1502 801 1556 τοῦ
833 1504 954 1557 δεῖν
986 1497 1477 1576 εὐλογηθήσεσθαι
1503 1503 1562 1556 ἐν
1593 1498 1743 1557 αὐτῶ

136 1581 316 1640 πάντα
346 1582 412 1640 τὰ
443 1589 589 1656 ἔθνη
613 1587 709 1655 τῆς
738 1587 867 1657 γῆς;
899 1584 1112 1656 πέφηνε
1135 1588 1432 1655 τοιγαροῦν
1460 1586 1554 1640 καὶ
1583 1581 1747 1648 αὐτὸς

136 1665 164 1724 ὁ
198 1671 414 1739 Μωσῆς
453 1666 694 1742 ἀκριβῶς
737 1666 1093 1740 ἐπιστάμενος
1132 1666 1235 1740 τὴν
1275 1669 1377 1741 μὲν
1406 1665 1541 1742 πρὸς
1573 1666 1747 1725 αὐτοῦ

138 1756 496 1825 διαταγεῖσαν
547 1757 887 1825 νομοθεσίαν
940 1754 1266 1819 ἐξασθενεῖν
1318 1758 1396 1818 εἰς
1457 1751 1518 1809 τὸ
1579 1756 1748 1810 πᾶσιν
1766 1777 1813 1818 (7)

73 1856 115 1889 20
140 1835 449 1938 ἐφαρμόσαι
478 1851 592 1904 τοῖς
625 1842 869 1910 ἔθνεσιν,
904 1841 981 1903 εἰς
1008 1834 1354 1911 ἐκπλήρωσιν
1386 1837 1446 1893 δε
1470 1839 1582 1894 τῶν
1612 1836 1748 1910 πρὸς

135 1920 234 1978 τὸν
259 1917 502 1995 Ἀβρααμ
531 1924 792 1995 χρησμῶν
826 1923 1018 1994 ἑτέρου
1041 1926 1264 1979 δεῖσθαι
1296 1919 1600 1995 προφήτου.
1661 1926 1744 1978 47.

137 1997 296 2073 οὗτος
329 2003 383 2063 δ’
419 2030 525 2081 αρα
556 1998 657 2078 ἦν,
699 2004 764 2063 ὃν
797 2009 850 2074 ἐξ
874 2004 1056 2063 Ἰούδα
1097 2009 1277 2080 φυλῆς
1308 2003 1749 2080 προελεύσεσθαι

137 2092 229 2148 καὶ
253 2094 475 2148 πολλῶν
501 2093 686 2148 ἐθνῶν
698 2088 1017 2165 κυριεύσειν
1040 2088 1563 2166 προμαρτυρόμενος
1589 2088 1748 2163 εὐηγ-

138 2180 392 2248 γελίζετο.

74 2282 117 2315 25
269 2270 344 2320 IV.
395 2257 507 2317 Διά
540 2257 608 2332 δὴ
650 2252 753 2317 οὖν
782 2263 954 2317 ταῦτα
986 2256 1059 2327 ῶς
1099 2255 1170 2318 ἂν
1198 2258 1265 2316 τὰ
1295 2261 1422 2332 περὶ
1451 2255 1609 2333 ἡμῶν
1637 2263 1749 2316 τῶν
1775 2288 1797 2320 b

141 2346 328 2401 ἐθνῶν
367 2350 721 2418 θεσπίσματα
771 2343 1130 2418 περιεχούσας
1170 2343 1265 2410 τὰς
1306 2340 1439 2417 παρ’
1477 2340 1750 2415 Ἑβραίοις

141 2427 291 2503 ἱερὰς
321 2434 570 2502 βίβλους,
602 2427 698 2486 ἅτε
721 2431 814 2487 καὶ
834 2431 991 2503 ἡμῶν
1023 2435 1228 2495 οἰκείας
1259 2426 1448 2500 οὔσας,
1482 2425 1749 2500 είλάμεθά

6 2476 19 2590 ἒ
140 2536 199 2570 τε
222 2513 314 2569 καὶ
341 2515 684 2587 ἐστέρξαμεν,
715 2511 804 2571 ὅτε
834 2513 1070 2588 μάλιστα
1100 2510 1167 2570 ού
1190 2511 1363 2586 μόνον
1387 2514 1598 2584 Μωσῆς
1621 2513 1748 2584 περὶ

139 2599 240 2654 τοῦ
268 2593 392 2669 μετ’
426 2595 595 2655 αὐτὸν
624 2595 847 2671 ἥξοντος
877 2599 1186 2672 νομοθέτου
1215 2600 1327 2654 τῶν
1360 2598 1545 2653 ἐθνῶν
1575 2619 1747 2669 προα-

78 2703 119 2736 30
142 2680 383 2754 νεφῶνει
402 2727 416 2754 ,
448 2679 586 2739 ἄλλα
616 2685 707 2740 καὶ
737 2687 794 2739 οἱ
830 2681 948 2756 μετ’
986 2680 1157 2739 αἰτόν
1199 2683 1474 2755 προφῆται
1505 2678 1750 2753 συλλήβ-
1781 2718 1797 2741 0

8 2319 13 2333 0

8 2341 22 2376 ὶ-

8 2404 19 2454 ἰζ

259 2877 280 2913 1
313 2875 443 2915 Num.
468 2878 536 2927 24,
561 2878 599 2915 5.
778 2878 827 2916 12
863 2875 974 2916 Gen.
998 2878 1067 2927 49,
1093 2878 1157 2918 10.
