1992 3186
613 118 917 160 DEMONST.
949 118 1169 160 EVANG.
1200 119 1323 161 VIII.
1359 121 1399 159 2.
1674 117 1775 170 537

171 233 342 292 αὐτόν
383 236 444 291 ἐν
476 232 724 306 Ἱεριχοῖ,
771 237 1035 306 πνιγῆναι
1076 232 1529 308 μηχανησάμενος
1577 242 1773 308 κολυμ-

170 325 382 392 βῶντα,
415 316 604 385 καθώς
644 317 751 390 ἤδη
793 317 1200 392 δεδηλώκαμεν.
1262 318 1396 392 μετὰ
1425 324 1622 376 τοῦτον
1652 317 1778 376 οὐκ·

171 407 248 461 έτι
278 417 390 470 τοῖς
412 401 656 475 ἐκγόνοις
679 406 791 460 τών
814 401 1198 476 Ἀσαμωναίου
1220 408 1440 461 παίδων
1462 401 1564 476 τὴν
1594 401 1776 477 ἀρχιε-

170 486 432 596 ρωσύνην
474 480 814 544 ἐπίστευσεν.
885 491 1083 561 ἔπραξε
1127 489 1186 544 δε
1236 486 1397 561 ὅμοια
1435 494 1511 564 τῷ
1555 486 1776 590 Ἡρώδη

126 597 147 628 5
170 574 295 645 περὶ
325 575 421 644 τῆς
452 572 834 638 καταστάσεως
873 575 984 629 τῶν
1017 569 1318 646 αρχιερέων
1344 570 1630 645 Ἀρχέλαός
1660 595 1718 629 τε
1748 571 1776 629 ὁ

167 670 298 723 παῖς
330 653 530 728 αυτοῦ,
572 659 664 712 καὶ
694 654 828 729 μετὰ
866 659 1064 713 τοῦτον
1086 652 1336 729 Ρωμαῖοι
1376 656 1478 729 τὴν
1507 681 1620 714 των
1644 655 1777 714 Ἰου-

169 747 345 798 δαίων
375 747 665 813 βασιλείαν
686 740 1102 813 παρειληφότες.
1111 737 1140 759 ”
1186 745 1268 797 95.
1303 739 1470 798 πάλιν
1499 744 1556 798 έν
1577 742 1778 815 ἑτέροις

166 828 340 882 ταῦτα
394 828 522 898 περὶ
564 825 750 882 αὐτῶν
799 842 972 897 φησιν
1002 821 1288 898 ““Ηρώδης
1333 826 1395 882 δὲ
1443 824 1777 897 βασιλεύσας
1803 848 1825 880 b

167 908 271 981 τήν
309 933 368 967 τε
413 913 578 981 βᾶριν
629 907 837 980 ταύτην
889 911 948 965 ἐν
992 911 1281 985 ἐπιτηδείῳ
1326 907 1476 986 τόπῳ
1517 912 1778 983 κειμένην

104 1019 144 1049 ιο
168 992 581 1058 κατασκευάσας
640 995 955 1058 πολυτελῶς
1002 991 1306 1050 Ἀντωνίαν
1363 1002 1523 1052 καλεῖ
1583 993 1774 1068 ὄνομα,
1800 1017 1887 1058 [248]

169 1080 260 1135 καὶ
298 1077 401 1149 τὴν
439 1076 640 1150 στολὴν
679 1078 780 1149 τὴν
824 1075 1213 1150 ἀρχιερατικὴν
1244 1077 1540 1152 λαμβάνει,
1585 1079 1684 1151 τὴν
1717 1080 1778 1135 δὲ

167 1163 429 1235 κειμένην
469 1176 715 1235 κατεῖχε,
768 1159 1044 1219 πιστεύων
1085 1159 1252 1219 οὐδὲν
1292 1169 1646 1236 νεωτερίσειν
1683 1162 1780 1220 τὸν

167 1244 303 1304 λαὸν
336 1243 414 1302 δι’
457 1245 647 1318 αὐτήν.
722 1248 921 1318 ἔπραξε
962 1245 1010 1302 δ’
1061 1245 1223 1320 ὅμοια
1263 1250 1340 1323 τῷ
1364 1243 1584 1320 Ἡρώδῃ
1625 1250 1715 1304 καὶ
1750 1243 1777 1304 ὁ

169 1333 625 1396 ἐπικατασταθεὶς
666 1327 816 1406 αὐτῷ
869 1329 1129 1401 βασιλεὺς
1168 1329 1483 1405 Ἀρχέλαος,
1536 1332 1655 1398 υίὸς
1701 1329 1780 1389 ὧν

105 1439 145 1471 15
170 1412 373 1487 αὐτοῦ,
429 1411 561 1486 παρ’
616 1407 683 1471 οὗ
716 1413 966 1487 Ῥωμαῖοι
1018 1415 1403 1488 διαδεξάμενοι
1451 1417 1555 1488 τὴν
1605 1415 1780 1490 ἀρχὴν

170 1497 439 1572 ἐκράτουν
476 1503 572 1571 τῆς
613 1502 807 1570 στολῆς
848 1502 947 1556 τοῦ
985 1498 1279 1573 ἀρχιερέως
1319 1500 1686 1573 ἀποκειμένης
1720 1505 1781 1557 ἐν

168 1592 303 1659 οἴκῳ
342 1590 510 1640 λίθου
552 1587 975 1656 οἰκοδομηθέντι
1013 1579 1123 1640 ὑπὸ
1164 1581 1490 1658 σφραγῖδι.”
1563 1589 1644 1642 96.
1689 1584 1780 1641 διὰ

167 1666 379 1724 τούτων
422 1667 481 1724 τὸ
522 1666 865 1740 ἀποτέλεσμα
904 1675 1074 1724 παντί
1111 1691 1188 1744 τῳ
1227 1675 1427 1742 νομίζω
1469 1670 1781 1742 καταφανὲς

168 1754 505 1824 γεγενῆσθαι
555 1757 655 1808 τοῦ
706 1751 985 1823 φήσαντος
1037 1758 1284 1827 χρησμοῦ
1329 1749 1461 1809 “καὶ
1510 1752 1646 1826 μετὰ
1685 1751 1821 1819 τάςο

105 1860 147 1892 20
173 1835 486 1909 ἑβδομάδας
516 1860 611 1902 τας
645 1834 780 1892 ἑπτα
810 1838 900 1892 καὶ
943 1835 1203 1908 ἑξήκοντα
1235 1835 1338 1894 δύο
1374 1836 1782 1911 ἐξολοθρευθή-

169 1938 322 1978 σεται
352 1934 582 1993 χρῖσμα,
616 1923 708 1977 καὶ
739 1927 906 1994 κρίμα
937 1919 1041 1977 οὐκ
1073 1926 1223 1978 ἔστιν
1257 1923 1315 1978 ἐν
1346 1919 1548 1996 αὐτῷ.”
1586 1927 1667 1980 97.
1702 1927 1780 1978 ἔτι

171 2006 232 2061 δε
263 2009 472 2077 μᾶλλον
501 2003 626 2071 ὄψει
657 2008 772 2071 πῶς
805 2015 1014 2078 εἴρηται
1053 2001 1173 2062 τὸ“
1181 2012 1349 2079 κρίμα
1391 2031 1493 2063 ουκ
1539 2011 1688 2063 ἔστιν
1722 2009 1780 2063 ἐν

168 2085 376 2165 αὐτῷ,”
408 2087 532 2146 τὸ”
498 2113 722 2162 ακριτον
745 2090 996 2146 συνιδων
1018 2096 1111 2163 τῆς
1140 2094 1254 2147 τῶν
1283 2087 1584 2191 αρχιερέων
1613 2115 1781 2147 κατα-

171 2171 412 2238 στάσεως
452 2178 565 2230 τῶν
604 2198 737 2245 μετα
767 2173 1026 2248 Ηρώδην
1064 2177 1157 2231 καὶ
1197 2199 1333 2232 κατα
1372 2200 1501 2241 τους
1546 2174 1780 2249 χρόνους

107 2280 148 2311 25
171 2259 271 2314 τοῦ
301 2261 543 2330 σωτῆρος
583 2257 741 2331 ἡμῶν
779 2261 1179 2332 γεγενημένων.
1249 2264 1331 2316 98.
1363 2266 1462 2317 τοῦ
1507 2260 1612 2331 γὰρ
1644 2259 1780 2315 κατὰ

169 2339 266 2398 τὸν
296 2352 458 2398 θεῖον
487 2340 659 2415 νόμον
688 2340 982 2416 ἀρχιερέως
1014 2343 1192 2399 πάντα
1237 2342 1334 2401 τὸν
1364 2348 1459 2414 τῆς
1492 2347 1627 2414 ζωῆς
1657 2341 1778 2415 χρό-
1804 2366 1827 2396 d

171 2448 271 2481 νον
300 2425 403 2496 τὴν
432 2434 782 2498 λειτουργίαν
824 2429 1034 2484 διέπειν
1064 2431 1499 2499 κεκελευσμένου
1542 2428 1629 2482 ἐπὶ
1664 2431 1779 2482 δια-

174 2506 318 2583 δόχῳ
351 2512 508 2565 παιδὶ
540 2516 769 2586 γνησίῳ,
802 2509 938 2567 κατὰ
958 2509 1084 2576 τούς
1111 2514 1523 2583 ἐξεταζομένους
1555 2509 1779 2582 καιροὺς

173 2590 306 2664 μετὰ
335 2591 395 2648 τὸ
429 2595 898 2666 ἐξολοθρευθῆναι
916 2593 975 2650 τὸ
995 2608 1199 2668 χρῖσμα
1218 2599 1282 2667 τῇ
1305 2601 1611 2669 προφητείᾳ
1637 2613 1779 2667 συμ-

110 2698 152 2730 30
175 2674 403 2747 φώνως,
437 2680 650 2746 πρῶτος
681 2678 783 2749 μὲν
804 2676 1072 2750 Ἡρώδης,
1107 2684 1294 2735 ἔπειτα
1328 2680 1388 2734 δὲ
1412 2681 1503 2734 καὶ
1528 2677 1776 2751 Ῥωμαῖοι

290 2871 312 2909 7
347 2863 397 2909 ἐν
422 2861 616 2922 ἑτέροις]
652 2870 701 2909 Α.
725 2869 768 2910 J.
793 2871 958 2921 XVIII,
982 2872 1024 2919 4,
1048 2874 1087 2912 3.
