1992 3186
249 131 354 183 546
930 131 1180 172 EUSEBII

251 244 354 306 οὐκ
385 246 659 320 ἀνηγγέλη
689 247 817 319 περὶ
848 243 1049 318 αὐτοῦ,
1079 243 1338 319 ὄψονται,
1381 250 1472 305 καὶ
1502 256 1559 306 οἳ
1586 250 1691 306 οὐκ
1720 248 1859 323 ἀκη-

251 331 431 403 κόασι,
463 327 860 402 συνήσουσιν,”
893 333 961 404 τῇ
992 327 1161 388 αὐτοῦ
1190 329 1369 404 χάριτι
1386 334 1478 390 καὶ
1500 336 1568 407 τῇ
1589 339 1689 391 τοῦ
1719 335 1858 408 πέμ-

251 430 456 484 ψαντος
487 413 657 472 αὐτὸν
687 416 947 489 πατέρος,
979 410 1135 488 ἡμεῖς
1166 439 1223 472 τε
1254 417 1391 473 κατὰ
1429 415 1487 474 τό
1521 418 1763 476 δυνατὸν
1791 418 1858 475 τὰ

251 502 498 572 φανέντα
541 505 619 566 εἰς
649 498 775 565 τοὺς
815 497 1017 565 τόπους
1048 497 1377 574 εἰρήκαμεν,
1420 503 1511 558 καὶ
1551 502 1618 559 τὰ
1646 505 1724 580 τῷ
1751 503 1857 577 πρὸ

137 607 224 649 [³352]
248 583 405 657 ἡμῶν
431 581 746 660 Ἀφρικανῷ
789 582 1155 657 εὐγνωμόνως
1198 583 1432 652 δόξαντα
1461 585 1858 662 παρεθήκαμεν
1879 612 1900 645 5

250 667 480 742 ἐχόμενα
511 671 603 725 καὶ
635 667 774 726 αὐτὰ
804 666 1117 743 ἀκριβείας,
1148 666 1288 728 ὅθεν
1318 673 1411 727 καὶ
1442 669 1628 738 αὐτοῖς
1660 669 1733 738 ὥς
1763 697 1857 730 κα-

197 789 214 810 c
248 757 357 820 λῶς
388 760 573 826 ἔχουσι
603 755 884 826 χρηστέον.

788 976 921 1036 Ἀπὸ
953 981 1052 1035 τοῦ
1082 984 1314 1051 Μιχαία.

202 1116 223 1148 α
374 1089 458 1147 ΠΙ.
485 1086 515 1110 “
529 1087 824 1148 Ἀκούσατε
847 1092 970 1148 λαοὶ
993 1089 1215 1163 πάντες,
1247 1093 1340 1148 καὶ
1365 1094 1676 1166 προσεχέτω
1700 1091 1734 1166 ἡ
1765 1097 1854 1166 γῆ,

246 1176 338 1231 καὶ
369 1174 569 1242 πάντες
600 1180 658 1232 οἷ
685 1178 744 1232 ἐν
775 1174 943 1250 αὐτῇ,
984 1178 1076 1232 καὶ
1107 1181 1260 1232 ἔσται
1301 1174 1490 1250 κύριος
1523 1179 1582 1234 ἐν
1610 1173 1747 1251 ὑμῖν
1778 1183 1855 1244 εἰς
1878 1203 1918 1236 10

244 1258 578 1334 μαρτύριον,
612 1258 801 1334 κύριος
833 1263 885 1328 ἐξ
918 1269 1074 1317 οἴκου
1104 1258 1268 1332 ἁγίου
1309 1256 1510 1333 αὑτοῦ,
1555 1261 1697 1318 διότι
1728 1260 1855 1319 ἰδοὺ

245 1342 434 1418 κύριος
465 1343 653 1418 κύριος
699 1342 1052 1418 ἐκπορεύεται
1084 1348 1144 1402 ἐκ
1181 1347 1281 1402 τοῦ
1308 1344 1481 1402 τόπου
1513 1344 1716 1418 αὑτοῦ,
1762 1349 1856 1403 καὶ

243 1426 642 1502 καταβήσεται,
697 1431 789 1485 καὶ
843 1427 1163 1502 ἐπιβήσεται
1209 1431 1298 1486 ἐπὶ
1337 1429 1402 1487 τὰ
1442 1428 1559 1504 ὕψη
1597 1437 1692 1503 τῆς
1737 1436 1852 1503 γῆς.

243 1515 335 1570 καὶ
375 1512 819 1586 σαλευθήσονται
859 1511 926 1570 τοὶ
964 1511 1066 1587 ὅρη
1109 1509 1479 1572 ὑποκάτωθεν
1519 1511 1721 1588 αὐτοῦ,
1762 1519 1854 1572 καὶ

243 1602 304 1654 αἱ
330 1596 583 1664 κοιλάδες
613 1597 944 1671 τακήσονται
976 1594 1048 1665 ὡς
1078 1597 1244 1672 κηρὸς
1283 1597 1390 1657 ἀπὸ
1420 1597 1720 1674 προσώπου
1751 1622 1853 1656 πυ-
1877 1622 1918 1654 15

130 1707 219 1748 (405)
244 1682 365 1754 ρὸς,
399 1684 489 1739 καὶ
521 1681 594 1748 ὡς
622 1682 777 1756 ὕδωρ
807 1682 1258 1758 καταφερόμενον
1299 1687 1358 1741 ἐν
1398 1683 1713 1756 καταβάσει.
1777 1682 1851 1741 δι’

242 1763 503 1839 ἀσέβειαν
528 1764 721 1840 Ἰακωβ
747 1766 927 1825 πάντα
958 1771 1131 1825 ταῦτα
1162 1769 1254 1824 καὶ
1291 1767 1364 1826 δι’
1402 1767 1676 1843 ἁμαρτίαν
1699 1777 1856 1825 οἴκου

235 1848 508 1926 Ἰσραήλ.”

368 1941 417 1993 2.
451 1937 589 1993 Εἶτα
620 1933 753 2009 μεθ’
787 1939 944 2009 ἕτερα
975 1943 1205 1992 πλεῖστα
1245 1933 1448 2008 μεταξῦ
1495 1935 1854 1993 ἐπισυνάπτει

241 2021 421 2091 λέγων
443 2016 756 2076 Εὀἷκούσατε
787 2017 856 2091 δὴ
879 2023 1052 2076 ταῦτα
1075 2023 1133 2076 οἱ
1150 2017 1448 2092 ἡγούμενοι
1480 2028 1637 2078 οἴκου
1661 2017 1854 2094 Ἰακώβ
1876 2046 1916 2077 20

241 2105 332 2159 καὶ
380 2108 436 2160 οἱ
477 2102 797 2160 κατάλοιποι
841 2112 997 2160 οἴκου
1032 2097 1278 2177 Ἰσραὴλ,
1321 2109 1379 2161 οἱ
1414 2104 1852 2179 βδελυσσόμενοι

240 2192 408 2260 κρίμα
447 2189 539 2244 καὶ
570 2186 748 2244 πάντα
779 2186 844 2244 τὰ
883 2184 1028 2262 ὀρθὰ
1061 2190 1513 2261 διαστρέφοντες,
1556 2193 1614 2246 οἱ
1638 2195 1850 2247 οἰκοδο·

239 2274 473 2345 μοῦντες
498 2270 656 2330 Σιών
689 2275 747 2330 ἐν
778 2278 970 2345 αἵμασι
1009 2274 1101 2329 καὶ
1126 2268 1475 2345 Ἰερουσαλὴμ
1509 2276 1569 2329 ἐν
1591 2269 1846 2340 ἀδικίαις.

239 2361 287 2414 3.
321 2361 379 2414 οἱ
415 2355 713 2430 ἡγούμενοι
755 2353 922 2430 αὐτῆς
963 2356 1098 2430 μετὰ
1141 2356 1338 2430 δώρων
1378 2362 1625 2430 ἔκρινον,
1673 2360 1765 2414 καὶ
1797 2363 1854 2414 oc

242 2446 406 2515 ἱερεῖς
445 2440 615 2514 αὐτῆς
653 2441 788 2515 μετὰ
827 2448 1038 2515 μισθοῦ
1069 2438 1466 2514 άπεκρίνοντο,
1508 2444 1599 2498 καὶ
1632 2445 1690 2498 οὗ
1715 2465 1844 2516 προ·
1870 2466 1911 2498 25

189 2555 212 2587 b
238 2530 407 2600 φῆται
438 2524 607 2599 αὐτῆς
637 2525 771 2600 μετὰ
803 2525 1075 2601 ἀργυρίου
1101 2525 1483 2599 ἐμαντεύοντο,
1516 2528 1607 2583 καὶ
1632 2529 1721 2584 ἐπὶ
1749 2525 1847 2584 τὸν

239 2611 433 2685 κύριον
465 2610 882 2669 ε’πανεπαύοντο
923 2614 1205 2685 λέγοντες,
1252 2609 1378 2684 οὐχὶ
1404 2609 1590 2684 κύριος
1624 2613 1685 2668 ἐν
1713 2609 1846 2684 ἡμῖν

241 2700 417 2765 ἐστίν;
463 2694 529 2752 οὐ
571 2697 644 2769 μὴ
689 2699 896 2770 ἐπέλθῃ
930 2694 1020 2770 ἐφ’
1053 2692 1194 2770 ἡμᾶς
1226 2694 1381 2753 κακά.
1447 2693 1539 2752 διὰ
1571 2697 1730 2753 τοῦτο
1764 2693 1835 2751 δι’

352 2890 376 2928 9
406 2888 510 2929 Mic.
538 2891 575 2941 1,
600 2891 639 2928 2.
815 2893 868 2931 20
898 2890 1005 2930 Mic.
1030 2892 1070 2942 3,
1095 2892 1134 2930 9.
1303 2900 1328 2934 ἱ
