1946 3158
549 158 860 200 DEMONST.
893 158 1111 199 EVANG.
1144 158 1179 198 I.
1218 161 1255 197 1.
1680 156 1712 207 3

104 277 277 342 δειξιν
324 266 386 331 εῦ
438 270 508 330 ἂν
555 279 666 346 ἔχοι
719 281 1008 331 συντελεῖν
1049 272 1235 345 καιρὸς
1275 268 1346 330 ἂν
1387 281 1471 344 εἰή
1513 273 1708 344 λέγειν.

100 363 148 416 2.
182 355 720 432 Χριστὸν-ὀνομαστὶ
752 359 843 414 καὶ
875 364 1018 415 θεοῦ
1050 355 1246 430 λόγον,
1284 354 1454 414 αὐτόν
1483 380 1542 413 τε
1572 355 1711 414 θεὸν

101 446 191 500 καὶ
223 441 445 515 κύριον,
478 448 574 498 καί
599 466 722 499 τινα
753 441 992 515 μεγάλης
1023 444 1228 514 βουλῆς
1252 439 1488 513 ἄγγελον
1521 444 1705 513 ἐπιδη-
1733 463 1780 504 (4)

99 525 296 600 μήσειν
326 528 455 584 ποτὲ·
487 532 565 592 εἰς
596 523 937 600 ἀνθρώπους
969 533 1213 600 ἔφασαν,
1255 524 1481 584 πάντων
1510 548 1568 582 τε
1598 529 1712 582 τῶν

55 635 76 667 5
99 610 206 669 ἀνά
237 614 422 669 πᾶσαν
451 610 553 683 τὴν
582 612 916 683 οἰκουμένην
953 614 1138 668 ἐθνῶν
1163 606 1497 683 Ἑλληνικῶν
1527 633 1584 667 τε
1615 611 1707 666 καὶ

99 694 400 770 βαρβάρων
442 693 780 752 διδάσκαλον
821 691 1069 768 ἀληθοῦς
1111 701 1460 767 θεογνωσίας
1492 697 1583 751 καὶ
1613 697 1708 766 τῆς

98 787 175 847 εἰς
207 780 303 837 τὸν
333 784 446 837 τῶν
475 777 622 836 ὅλων
664 779 1003 852 δημιουργὸν
1043 780 1182 837 θεὸν
1216 778 1500 851 εὐσεβείας
1541 803 1709 835 κατα-

95 863 429 937 στήσεσθαι,
461 856 498 938 ᾗ
527 863 585 920 τὸ
620 860 980 936 εῦαγγελικόν
1010 866 1250 938 περιέχει
1281 862 1560 937 κήρυγμα·
1615 865 1707 919 καὶ

94 952 290 1006 τοῦτον
329 945 498 1007 αὐτὸν
537 953 762 1006 παιδίον
803 954 1060 1019 ἔσεσθαι,
1101 950 1193 1004 καὶ
1234 946 1358 1004 υἱὸν
1400 944 1706 1021 ἀνθρώπου

30 1055 70 1086 10
96 1032 513 1106 κληθήσεσθαι,
545 1036 704 1105 γένος
734 1056 793 1090 τε
823 1030 961 1090 ὅθεν
992 1031 1236 1104 κατάξει,
1271 1038 1369 1089 καί
1392 1056 1517 1088 τινα
1549 1035 1706 1099 ξένον

97 1121 155 1175 ἐκ
186 1121 472 1191 παρθένου
503 1116 709 1191 τρόπον
740 1115 911 1174 αὐτοῦ
944 1122 1039 1189 τῆς
1071 1114 1396 1188 άποτέξεως,
1430 1119 1521 1173 καὶ
1552 1115 1705 1189 τόγε

93 1200 571 1275 παραδοξότατον,
619 1200 702 1259 ὅτι
741 1201 814 1275 μὴ
854 1207 990 1259 πᾶσι
1030 1215 1144 1268 τοῖς
1201 1205 1259 1259 ἐκ
1311 1199 1567 1275 περάτων
1606 1204 1705 1273 γῆς

97 1290 260 1343 εἰσέτι
291 1286 533 1361 σήμερον
565 1288 650 1344 ἐπὶ
683 1289 826 1344 θέαν
858 1284 1166 1344 σπεύδουσι
1199 1284 1487 1358 βοώμενον
1517 1288 1612 1358 τῆς
1645 1289 1704 1342 ἐν

95 1372 348 1444 Βηθλεεμ
389 1374 655 1443 γενέσεως
701 1368 873 1428 αὐτοῦ
913 1377 1117 1445 χωρίον
1163 1374 1342 1445 σιωπῇ
1377 1369 1566 1436 δόντες
1597 1393 1703 1426 πα-

31 1474 71 1506 15
96 1457 338 1552 ρῆλθον,
371 1453 510 1511 ἀλλὰ
542 1458 634 1511 καὶ
663 1458 824 1512 τοῦτο
855 1463 1072 1520 λευκοῖς
1097 1453 1365 1528 ὀνόμασιν
1386 1453 1702 1555 ἐξεβόησαν,

93 1535 278 1610 ὥσπερ
318 1530 420 1596 οῦν
460 1541 550 1595 καὶ
582 1563 710 1605 τους
750 1537 982 1639 χρόνους
1023 1542 1117 1611 τῆς
1151 1542 1474 1636 ἐπιφανείας
1505 1535 1697 1611 αὐτοῦ,

96 1619 230 1679 καθ’
275 1647 370 1688 ους
416 1621 657 1695 ἀκριβῶς
688 1647 861 1699 ουτος
907 1621 1166 1696 ἐπεδήμει
1210 1627 1283 1698 τῷ
1327 1629 1461 1698 βιῳ,
1516 1621 1701 1696 ω’σπερ

91 1704 411 1779 φθάσαντες
455 1713 511 1764 οι
543 1706 699 1763 αὐτοὶ
745 1706 834 1763 δια
865 1710 977 1764 τῶν
1008 1705 1345 1780 πραγμάτων
1378 1707 1697 1764 ἑθέσπισαν.

90 1794 138 1848 3.
173 1789 404 1865 πάρεστι
438 1793 503 1848 δέ
530 1810 615 1848 σοι
646 1815 780 1864 μετα
811 1805 995 1865 χεῖρας
1027 1788 1361 1862 ἀναλαβόντι
1391 1788 1494 1862 τὴν
1526 1810 1700 1847 σπου-

26 1895 67 1930 20
92 1875 196 1947 δὴν
229 1879 288 1933 ἐν
319 1873 632 1949 ὀφθαλμοῖς
666 1881 809 1933 ι’δεῐν
841 1879 901 1932 ἐν
930 1890 1049 1942 ταῖς
1083 1877 1447 1948 δηλουμέναις
1486 1898 1698 1976 προφη-

88 1974 262 2027 τικαῖς
294 1959 631 2035 προρρήσεσι
663 1959 842 2026 πάσας
873 1955 1013 2032 ὁμοῦ
1043 1962 1434 2033 περιεχομένας
1465 1984 1558 2025 τας
1589 1955 1698 2016 ὑπὸ

87 2048 198 2102 τῶν
231 2051 549 2102 θεσπεσίων
593 2041 998 2117 εῦαγγελιστῶν
1042 2046 1494 2119 μαρτυρουμένας
1527 2040 1699 2100 αὐτοῦ

90 2122 157 2200 δὴ
201 2132 300 2186 τοῦ
339 2132 582 2202 σωτῆρος
623 2128 779 2202 ἡμῶν
812 2126 991 2201 Ἰησοῦ
1031 2133 1127 2186 τοῦ
1169 2134 1413 2201 Χριστοῦ
1451 2127 1698 2202 παραδό-

88 2216 700 2287 ξουςθαυματουργίας,
732 2215 821 2270 καὶ
854 2213 1210 2290 τὰςφένθέους
1233 2210 1405 2270 αὐτοῦ
1438 2215 1528 2270 καὶ
1559 2235 1696 2270 παν-

47 2300 316 2369 ’,αρέτους
373 2300 499 2370 περὶ
553 2301 647 2370 τῆς
697 2296 945 2370 ἀληθοῦς
990 2296 1274 2370 εὐσεβείας
1317 2303 1692 2364 διδασκαλίας.

85 2386 134 2439 4.
166 2384 257 2440 καὶ
298 2389 355 2439 τί
392 2388 480 2440 δεῖ
506 2380 832 2455 θαυμάζειν,
865 2380 956 2438 ὅτε
997 2383 1090 2438 καὶ
1121 2380 1217 2439 τὸν
1248 2384 1376 2439 νέον
1407 2385 1503 2454 τῆς
1536 2379 1694 2438 εὐσε-

85 2473 238 2538 βείας
267 2465 475 2540 τρόπον
496 2465 592 2524 τὸν
613 2466 747 2540 πρὸς
770 2463 940 2523 αὐτοῦ
965 2469 1134 2524 πᾶσιν
1153 2464 1473 2539 ἀνθρώποις
1497 2489 1692 2537 κατηγ-
1750 2491 1752 2493 ·

84 2553 351 2624 γελμένον
383 2550 692 2626 διαρρήδην
722 2548 1184 2623 άνακηρύττουσι,
1216 2554 1414 2622 κλῆσίν
1435 2573 1493 2606 τε
1513 2559 1691 2623 μαθη-

4 2649 19 2708 '3
83 2639 195 2692 τῶν
227 2632 399 2692 αὐτοῦ
429 2639 521 2692 καὶ
552 2638 745 2708 καινῆς
779 2633 1050 2707 διαθήκης
1085 2639 1465 2692 διδασκαλίαν.
1513 2640 1567 2704 5„
1596 2636 1684 2690 ναὶ
1714 2653 1760 2694 (5)

21 2736 63 2770 80
85 2719 195 2792 μὴν
227 2721 315 2776 ἐπὶ
345 2719 557 2787 τούτοις
581 2717 788 2787 καὶτὰς
812 2718 1098 2777 Ἰουδαίων
1130 2725 1206 2786 εἰς
1238 2717 1408 2776 αὐτὸν
1438 2716 1691 2785 ἀπιστίας

85 2806 176 2861 καὶ
208 2800 519 2877 ἀντιλογίας
550 2802 832 2878 ἀρχόντων
877 2828 934 2861 τε
977 2801 1392 2876 ἐπαναστάσεις,
1427 2801 1691 2860 διδασκά-

85 2897 199 2946 λων
229 2887 501 2961 φθόνους,
536 2887 657 2955 ἑνὸς
681 2892 934 2962 μαθητοῦ
960 2893 1284 2962 προδοσίαν,
1317 2891 1536 2960 ἐχθρῶν
1568 2893 1690 2944 δια-

1338 2979 1396 3031 Γῑν.
