1992 3186
234 129 339 182 560
918 127 1168 169 EUSEBII

237 250 402 321 δεῦρο
442 249 786 317 θεωροῦνται
834 247 891 300 015
936 239 1038 315 τὴν
1090 253 1378 316 Αἴγυπτον
1426 251 1735 318 οἰκοῦντες,
1785 250 1844 304 οἱ

236 332 337 404 μὲν
387 329 484 387 τὸν
526 326 667 385 θεὸν
710 332 822 385 τῶν
869 330 1170 400 προφητών
1211 328 1578 400 ἐπεγνωκότες
1620 332 1712 387 καὶ
1755 329 1830 388 δι’

239 413 406 472 αὐτὸν
449 412 576 478 τοῦς
629 416 895 486 πατρίους
935 410 1386 479 καταλελοιπότες
1426 413 1623 487 θεοὺς,
1677 419 1735 472 οἱ
1772 416 1834 473 δὲ

236 498 371 572 πρὸς
401 495 629 564 τούτους
661 500 1055 563 στασιαστικῶς
1087 501 1330 569 ἔχοντες,
1373 498 1466 553 καὶ
1496 503 1553 554 οἱ
1576 499 1679 571 μὲν
1708 499 1837 567 τοὺς

234 581 403 648 θεοὺς
435 579 620 638 αὐτῶν
652 581 816 638 εἰσέτι
855 583 962 638 νῦν
995 579 1414 654 ἐπικαλούμενοι
1458 583 1550 638 καὶ
1578 581 1644 639 τὰ
1672 580 1837 656 ἀγάλ·
1860 610 1880 642 5

235 691 378 740 ματα
409 667 502 723 καὶ
532 663 661 732 τοῦς
693 668 753 722 ἐκ
781 667 876 736 τῆς
907 667 1006 737 γῆς
1036 669 1366 738 φωνοῦντας
1395 668 1570 739 μηδέν
1599 689 1659 724 τε
1684 670 1840 743 ἐνερ-

235 764 358 823 γεῖν
392 752 738 823 δυναμένους
757 793 772 822 ,
813 754 870 806 οἱ
897 751 957 806 δὲ
988 753 1062 826 τῷ
1095 755 1271 827 κυρίῳ
1302 753 1414 807 τών
1443 755 1746 825 προφητῶν
1778 756 1838 811 ἐν

236 833 384 910 πάσῃ
425 837 492 909 τῇ
532 839 861 907 Αἰγυπτίων
900 832 1054 909 χώρα
1093 834 1499 909 θυσιαστήριον
1537 832 1670 893 καθ’
1717 835 1838 894 ἑκά-

236 938 372 993 στην
415 922 713 991 ἐκκλησίαν
754 917 1189 992 συστησάμενοι,
1250 925 1310 976 ἔν
1349 943 1408 976 τε
1447 932 1566 987 ταῖς
1609 926 1840 989 θλίψεσι

236 1007 326 1061 καὶ
366 1018 479 1070 τοῖς
518 1000 641 1060 ’κατ’
688 999 874 1060 αὐτῶν
921 1008 1180 1077 διωγμοῖς
1231 1001 1415 1060 οὐκέτι
1454 1004 1520 1060 τὰ
1559 1003 1837 1078 κνώδαλα,
1864 1031 1904 1063 10

193 1086 372 1147 αοῦδὲ
422 1085 490 1145 τὰ
543 1086 744 1161 ἑρπετά
789 1093 885 1160 τῆς
945 1093 1073 1160 γῆς,
1138 1083 1210 1155 ὡς
1261 1085 1465 1160 θεοὺς,
1528 1085 1662 1146 οὐδὲ
1713 1087 1840 1156 τοῦς

235 1169 464 1247 άγρίους
497 1178 678 1247 θῆρας
710 1174 801 1229 καὶ
831 1170 898 1228 τά
931 1170 1102 1244 ἄλογα
1135 1175 1244 1249 ζῷα
1283 1168 1482 1245 ὁμοίως
1512 1188 1627 1240 τοῖς
1653 1170 1839 1231 αὐτῶν

239 1256 533 1332 πατράσιν,
568 1255 707 1312 ἀλλὰ
729 1254 825 1313 τὸν
850 1258 936 1314 ἐπὶ
971 1255 1197 1315 πάντων
1225 1254 1364 1315 θεὸν
1397 1256 1840 1331 ἐπικαλούμενοι,

236 1344 330 1398 καὶ
360 1340 533 1415 μόνον
575 1339 745 1398 αὐτὸν
787 1343 878 1398 καὶ
918 1340 1015 1398 τὸν
1058 1339 1232 1399 αὐτοῦ
1269 1339 1449 1414 φόβον
1491 1345 1551 1399 ἐν
1591 1355 1711 1409 ταῖς
1745 1341 1840 1400 αῦ-

236 1429 348 1483 τῶν
409 1431 682 1492 διανοίαις
741 1424 1161 1498 κατειληφότες,
1224 1424 1517 1500 εῦχόμενοί
1569 1449 1629 1484 τε
1689 1425 1839 1503 αὐτῷ
1865 1450 1904 1483 15

240 1507 421 1583 εὐχὰς,
453 1507 574 1567 ἀλλ’
611 1508 795 1566 οὐκέτι
818 1523 931 1577 τοῖς
959 1515 1201 1583 δαίμοσι,
1233 1512 1324 1567 καὶ
1355 1507 1717 1578 ἀποδιδόντες
1747 1510 1842 1578 τὰς

236 1604 568 1668 θεοπρεπεῖς
613 1596 968 1667 ἐπαγγελίας,
1011 1597 1126 1662 πῶς
1168 1591 1270 1668 οὐχ
1313 1597 1500 1652 ἕπεται
1541 1603 1840 1670 συνομολο-

237 1692 359 1752 γεῖν
399 1681 491 1736 καὶ
531 1676 595 1736 τὰ
635 1678 739 1751 πρὸ
783 1682 895 1737 τών
926 1675 1384 1753 ἀποτελεσμάτων
1428 1686 1506 1747 εἰς
1537 1686 1702 1755 ἔργον
1732 1678 1840 1753 ἤδη

237 1765 638 1838 κεχωρηκέναι;
679 1756 751 1836 ἦν
791 1764 852 1820 δὲ
882 1769 1056 1821 ταῦτα
1096 1768 1195 1822 τοῦ
1225 1769 1424 1839 κυρίου
1454 1770 1731 1839 παρουσία
1763 1769 1841 1831 εἰς

239 1857 527 1921 Αἴγυπτον
579 1845 680 1905 οῦκ
733 1846 1019 1921 ἀσώματος
1069 1845 1493 1921 άποβησομένη,
1554 1845 1694 1904 ἀλλὰ
1747 1845 1839 1904 διά
1863 1874 1904 1906 20

237 1935 474 2005 νεφέλης
507 1931 749 2005 κούφης,
783 1929 816 2003 ἢ
847 1933 939 1989 καὶ
968 1932 1177 2005 μᾶλλον
1211 1929 1301 1988 διά
1331 1929 1539 2005 πάχους
1573 1934 1839 2007 ἐλαφροῦ·

240 2015 385 2073 οὕτω
427 2016 532 2090 γὰρ
564 2014 624 2072 τὸ
659 2012 951 2090 Ἐβραϊκόν
991 2017 1257 2090 περιέχει,
1298 2014 1399 2088 τὴν
1439 2021 1711 2089 ἔνσαρκον
1741 2012 1840 2073 αῦ-

238 2102 337 2156 τοῦ
370 2104 685 2173 παρουσίαν
718 2097 1110 2172 αἰνιττόμενον.
1172 2103 1219 2156 5.
1264 2102 1462 2157 τοῦτον
1504 2098 1573 2172 δὴ
1605 2092 1709 2158 οῦν
1739 2097 1843 2158 αῦ-

239 2181 334 2240 τὸν
365 2182 580 2258 προϊών
612 2185 734 2255 ἑξῆς
765 2182 792 2240 ὁ
826 2182 984 2255 λόγος
1026 2181 1330 2255 ἄνθρωπον
1372 2188 1593 2256 σωτῆρα
1633 2183 1843 2242 ἀπεκά-

130 2293 218 2334 (415)
245 2275 368 2324 λεσε
409 2266 589 2340 φήσας
621 2263 750 2324 “καὶ
775 2264 1071 2325 ἀποστελεῖ
1090 2265 1276 2333 αὐτοῖς
1300 2266 1488 2342 κύριος
1513 2267 1836 2342 ἄνθρωπον,
1862 2295 1904 2328 25

238 2349 298 2418 ὃς
330 2350 496 2408 σώσει
529 2348 778 2418 αῦτούς.”
840 2350 1007 2410 πάλιν
1038 2357 1179 2426 γοῦν
1210 2350 1498 2411 κάνταῦθα
1528 2352 1587 2410 τὸ
1622 2348 1839 2427 Ἐβραϊ-

241 2434 339 2494 κὸν
363 2432 493 2492 “aaz
525 2435 819 2494 ἀποστελεῖ
847 2434 1033 2504 αὐτοῖς
1063 2436 1255 2510 κύριος
1287 2440 1536 2511 σωτῆρα,
1582 2432 1641 2504 ὃς
1674 2436 1839 2495 σώσει

242 2517 472 2587 αῦτούς”
508 2526 632 2594 ἔχει.
695 2514 774 2579 οἷν
805 2519 979 2590 οὕτως
1014 2523 1220 2596 ἐναργῆ
1248 2519 1349 2593 τὴν
1379 2520 1666 2590 ἀπόδειξιν
1697 2543 1841 2596 παρ-

242 2607 518 2677 εχομένων
555 2604 794 2679 ἡγοῦμαι
834 2607 925 2662 καὶ
965 2604 1095 2673 τοῦς
1124 2604 1356 2680 χρόνους
1388 2619 1587 2679 σαφεῖς
1617 2609 1838 2679 γεγονέ-

241 2713 361 2758 ναι,
415 2687 543 2746 καθ’
602 2687 699 2756 οὓς
751 2688 816 2747 τὰ
857 2695 952 2763 τῆς
997 2697 1073 2758 εἰς
1123 2689 1460 2765 ἀνθρώπους
1501 2694 1599 2747 τοῦ
1641 2696 1838 2764 κυρίου
1861 2717 1903 2750 30

243 2780 548 2845 παρουσίας
581 2777 910 2844 ἐθεσπίζετο.

370 2861 416 2912 6.
474 2861 723 2916 Τοσαῦτα
770 2856 861 2916 διά
892 2861 1144 2934 βραχέων
1182 2861 1274 2917 καὶ
1305 2857 1371 2917 τά
1401 2862 1527 2934 περὶ
1567 2862 1680 2916 τών
1710 2856 1839 2934 χρό-
