1992 3186
574 130 882 174 DEMONST.
909 131 1132 175 EVANG.
1162 133 1217 174 v.
1246 134 1315 173 20.
1639 130 1741 181 341

116 246 311 307 Ἅιδου
343 245 557 314 ἰδόντες
587 265 650 304 σε
680 245 974 320 ἔπτηξαν,”
1021 246 1124 319 τὴν
1163 252 1242 313 εἰς
1258 244 1454 304 ’Ἅιδου
1494 244 1744 304 κάθοδον

128 335 229 390 τοῦ
252 335 496 406 σωτῆρος
518 330 677 405 ἡμῶν
698 337 950 399 θεσπίζει
973 330 1111 388 κατὰ
1134 328 1231 388 τὸν
1253 330 1604 406 προσήκοντα
1628 355 1743 388 και-

131 415 231 491 ρὸν
260 413 652 489 ἀποδείξομεν,
693 421 957 472 τοσοῦτον
995 418 1103 472 νῦν
1134 414 1628 518 ἐπισημηνάμενοι,
1672 414 1744 482 ῶς

129 506 340 575 μᾶλλον
369 504 445 557 τῶ
476 503 596 577 θεῷ
624 497 769 576 λόγῳ
793 497 933 574 ἥπερ
956 505 1033 576 τῷ
1056 502 1176 557 θεῶ
1196 503 1308 557 τῶν
1338 497 1484 558 ὅλων
1512 499 1579 557 τὰ
1610 499 1746 556 κατὰ

87 602 108 634 5
129 579 228 643 τὸν
257 583 428 642 τόπον
458 583 786 642 ἀνατιθέναι
817 582 1098 686 προσήκει.
1161 589 1208 641 6.
1243 582 1271 640 ὁ
1306 587 1446 657 γοῦν
1470 582 1591 656 Ἰωβ
1622 587 1742 656 ἑξῆς
1767 607 1856 648 (248)

128 668 329 743 ὁμοίως
358 683 472 736 τοῖς
503 667 777 742 πατράσιν
808 664 976 725 αυτὸν
1010 668 1078 740 δὴ
1109 671 1305 726 τοῦτον
1334 667 1431 727 τὸν
1464 671 1523 725 ἐν
1553 667 1746 743 ἀρχαῖς

133 752 223 811 διά
264 759 528 820 λαίλαπος
570 755 662 810 καὶ
702 758 893 826 νεφῶν
931 759 1328 827 χρηματίζοντα
1371 751 1520 830 αὐτῷ
1552 751 1746 827 κύριον

131 835 369 914 αὖτοψία
406 840 814 911 τεθεωρηκέναι
855 850 1126 910 μαρτυρεῖ
1168 839 1347 908 λέγων
1369 835 1652 895 “ὂὲκουσον
1685 840 1752 894 δέ

130 946 267 995 μου,
307 921 497 996 κύριε,
531 927 623 979 ἵνα
655 920 806 993 κάγῶ
840 919 1091 993 λαλήσω·
1138 919 1394 993 ἐρωτήσω
1438 924 1503 978 δέ
1540 939 1632 994 σε,
1677 920 1746 977 σύ

66 1022 107 1055 10
134 1008 200 1063 δέ
224 1029 292 1078 με
325 1009 567 1073 δίδαξον.
639 1003 814 1077 ἀκοὴν
846 1005 950 1076 μὲν
981 1001 1116 1071 ῶτὸς
1147 1002 1355 1076 ἤκουόν
1385 1024 1486 1062 σου
1518 1003 1578 1062 τὸ
1609 1004 1747 1079 πρό-

128 1113 308 1162 τερον,
340 1096 447 1148 νῦν
479 1091 539 1146 δὲ
569 1086 599 1146 ὁ
630 1086 920 1161 ὀφθαλμός
943 1113 1051 1161 μου
1085 1087 1299 1162 ἑώρακέ
1324 1107 1400 1146 σε.
1459 1088 1546 1145 διὸ
1572 1089 1747 1161 ἐφαύ-

130 1182 255 1231 λισα
297 1171 564 1247 ἐμαυτὸν,
609 1177 700 1230 καὶ
743 1173 969 1246 ἐτάκην,
1015 1171 1222 1246 ἥγημαι
1265 1174 1325 1229 δὲ
1371 1171 1610 1246 ἐμαυτὸν
1641 1179 1747 1246 γῆν

131 1261 223 1315 καὶ
255 1256 520 1315 σποδόν.”
599 1263 644 1314 7.
678 1261 794 1325 πῶς
836 1256 888 1313 δ’
925 1253 995 1314 ἂν
1035 1256 1133 1314 τὸν
1163 1255 1424 1314 ἀνωτάτω
1455 1255 1620 1330 θεὸν,
1652 1257 1749 1315 τὸν

131 1347 245 1398 τῶν
274 1342 421 1398 ὅλων
455 1343 736 1413 ἐπέκεινα,
768 1341 871 1413 τὴν
902 1339 1174 1415 ἄτρεπτον
1197 1343 1288 1398 καὶ
1314 1340 1619 1414 ἀγέννητον
1649 1339 1748 1398 οὐ-
1772 1364 1795 1395 b

69 1444 109 1476 15
134 1432 282 1496 σίαν,
315 1425 493 1499 σάρκα
523 1427 965 1500 περιβεβλημένη
996 1426 1146 1498 ψυχὴ
1177 1428 1268 1482 καὶ
1292 1422 1577 1499 ὀφθαλμοὶ
1607 1436 1746 1499 θνη-

131 1513 244 1567 τῶν
274 1508 600 1581 θεάσαιντο,
635 1515 688 1566 εἰ
713 1507 787 1582 μὴ
818 1507 926 1583 ἄρα
958 1513 1149 1580 σαφῶς
1182 1506 1475 1566 κάνταῦθα
1505 1509 1748 1582 ὑποβαί-

132 1617 300 1651 νοντα
330 1596 430 1650 τοῦ
458 1599 667 1650 οἰκείου
697 1595 971 1666 μεγέθους
1002 1592 1099 1650 τὸν
1129 1592 1269 1650 θεὸν
1300 1592 1466 1664 λόγον
1494 1591 1592 1650 τὸν
1624 1599 1748 1650 δια-

132 1676 319 1751 φόρως
349 1676 830 1750 ἀποδεικνύμενον
859 1675 1054 1748 κύριον
1087 1685 1339 1749 εἴποιμεν
1371 1672 1442 1733 ἀν
1476 1684 1748 1748 παρίστα-

132 1772 296 1834 σθαι,
330 1757 403 1827 ῶς
436 1768 551 1819 ἔστι
574 1764 666 1818 καὶ
692 1765 744 1828 ἐξ
770 1759 955 1818 αὐτῶν
977 1764 1089 1817 τῶν
1112 1765 1374 1835 χρησμῶν
1403 1772 1630 1834 μαθεῖν,
1665 1759 1743 1818 δι’

69 1864 110 1896 20
133 1837 212 1902 ῶν
243 1837 466 1911 αὖθις
442 1870 470 1902 ο
503 1845 692 1919 κύριος
722 1844 858 1918 πρὸς
888 1869 986 1902 τον
1011 1841 1132 1916 Ἰῶβ
1173 1869 1239 1901 τα
1270 1847 1396 1918 περι
1425 1849 1525 1902 τοῦ
1556 1840 1748 1918 διαβό-

1356 1927 1386 1948 (ξ
1447 1926 1460 1946 9

132 1937 233 1985 λου
266 1929 337 1996 ῶς
370 1933 495 2002 περὶ
540 1929 837 2003 δράκοντος
870 1927 1031 1987 διιῶν
1062 1932 1332 2002 ἐπεχείρει
1397 1954 1462 1986 ου
1496 1932 1749 1996 δέδοικας

132 2037 215 2069 οτι
257 2009 586 2086 ητοίμασταί
617 2011 776 2087 μοι;”
860 2019 906 2070 8.
955 2011 1229 2086 δράκοντα
1267 2011 1373 2087 γάρ
1413 2009 1750 2086 ἡτοιμάσθαι

132 2103 273 2154 ποίω
314 2104 490 2175 κυρίω
531 2116 818 2202 amocmua,
838 2105 1079 2171 νομίζειν
1119 2094 1152 2169 ἢ
1191 2100 1270 2154 τῶ
1309 2102 1426 2154 θεῶ
1470 2096 1615 2175 λόγω
1657 2102 1749 2155 καὶ

134 2183 338 2254 σωτῆρι
368 2181 554 2255 ἡμῶν;
587 2207 646 2248 ος
667 2184 764 2239 τὸν
796 2180 1033 2255 ἄρχοντα
1057 2187 1155 2238 τοῦ
1188 2185 1390 2247 αἰῶνος
1416 2181 1616 2239 τούτου
1647 2182 1748 2239 πά-

70 2283 111 2315 25
133 2273 223 2321 λαι
254 2265 526 2340 πρότερον
555 2270 955 2340 πολιορκοῦντα
994 2263 1054 2322 τὸ
1095 2268 1207 2322 τῶν
1237 2264 1560 2340 ἀνθρώπων
1587 2269 1746 2338 γένος
1777 2299 1794 2319 e

133 2358 390 2422 καθεῖλε,
422 2349 593 2416 λύσας
623 2349 719 2417 τάς
745 2349 948 2416 ὠδῖνας
972 2352 1070 2406 τοῦ
1094 2348 1346 2407 θανάτου
1363 2395 1378 2422 ,
1410 2344 1444 2406 δ’
1464 2352 1555 2406 καὶ
1582 2349 1746 2414 αὐτὸς
1790 2404 1796 2406 ,

134 2440 430 2506 παρίστησι
460 2433 640 2507 φήσας
664 2426 872 2506 ηἦλθες
905 2433 956 2491 δ’
996 2436 1086 2490 ἐπὶ
1116 2433 1302 2506 πηγὴν
1330 2433 1652 2504 θαλάσσης,
1687 2437 1744 2489 ἐν

138 2516 199 2571 δὲ
228 2526 436 2588 ἴχνεσιν
466 2516 718 2591 ἀβύσσου
741 2517 1169 2593 περιεπάτησας·
1217 2516 1535 2588 ἀνοίγονται
1566 2519 1632 2572 δέ
1659 2535 1745 2573 σοι

136 2598 295 2676 φόβῳ
326 2600 496 2658 πύλαι
524 2602 805 2675 θανάτου,
846 2603 1094 2676 πυλωροὶ
1137 2598 1408 2657 δὲ”Αιδου
1441 2598 1652 2667 ἰδόντες
1683 2618 1745 2657 σε

74 2703 114 2735 3ο
138 2682 429 2755 ἕπτηξαν.”
490 2691 538 2743 9.
570 2690 743 2744 ταῦτα
773 2688 833 2744 δὲ
859 2685 1081 2752 εἰκότως
1103 2683 1240 2759 πρὸς
1262 2684 1359 2742 τὸν
1383 2681 1505 2755 Ἰῶβ
1534 2708 1747 2758 χρημα-

136 2773 266 2835 τίζει
304 2766 439 2840 μετὰ
477 2767 572 2825 τὸν
610 2773 786 2843 μέγαν
825 2769 1159 2844 πειρασμὸν,
1210 2765 1275 2826 ὃν
1312 2767 1606 2841 ὑπέμεινε,
1654 2772 1744 2825 καὶ

138 2849 357 2923 ἀγῶνα,
392 2851 672 2911 διδάσκων
703 2852 873 2913 αὐτὸν
902 2853 985 2911 ’ὅτι
1017 2850 1160 2926 ὑπὲρ
1191 2857 1392 2927 μέρους
1422 2852 1742 2925 ἠγώνισται,
