1992 3186
276 128 380 181 338
955 129 1206 171 EUsEssn

279 242 451 302 εἰπών
484 241 676 302 “εἷδον
715 242 820 317 γὰρ
862 242 1002 300 θεὸν
1041 241 1341 316 πρόσωπον
1383 242 1520 318 πρὸς
1563 243 1882 318 πρόσωπον,

278 330 370 386 καὶ
413 326 600 400 ἐσώθη
641 351 749 400 μου
788 323 823 398 ἡ
864 325 1069 400 ψυχή,”
1111 323 1210 401 οὐχ
1250 331 1439 402 ἕτερον
1477 326 1750 404 ὑπάρχειν
1787 332 1887 387 τοῦ

277 416 421 470 θεοῦ
451 410 619 484 λόγου
659 411 796 468 κατὰ
834 410 931 468 τὸν
972 416 1180 469 οἰκεῖον
1218 410 1412 486 καιρὸν
1441 413 1881 487 παρεστήσαμεν.

165 603 253 647 [154]
675 590 808 650 Ἀπό
837 594 937 649 τοῦ
958 589 1141 665 Ἰησοῦ
1170 596 1271 650 τοῦ
1299 597 1483 666 Ναυῆ.

229 701 251 732 d
271 698 351 750 Ὡς
372 696 395 743 6
419 699 537 749 θεὸς
559 696 717 766 λόγος,
741 695 764 742 6
788 698 850 755 τῷ
872 702 1048 742 Μωσεῖ
1061 701 1381 769 χρηματίζων,
1414 697 1588 767 ὁμοίως
1609 705 1710 751 τοῖς
1730 697 1881 745 ποὶλαι
1905 713 1926 745 5

275 751 598 813 προπάτορσιν
618 749 768 811 α’)’φθη
790 755 871 799 καὶ
887 751 1037 810 Ἰησοῦ
1070 756 1132 823 τῷ
1158 755 1367 807 Μωσέως
1390 753 1602 813 διαδόχῳ
1624 753 1674 801 ἐν
1696 753 1885 812 ἀνθρώ-

915 826 1006 855 που
1029 809 1247 867 σχήματι.

405 926 528 976 ΧΙΧ.
568 911 718 972 “Kal
750 913 990 987 ἐγενήθη
1023 913 1096 983 ὡς
1126 907 1197 988 ἦν
1219 914 1429 988 Ἰησοῦς
1456 919 1516 974 ἐν
1538 912 1759 990 Ἰεριχώ,
1791 919 1884 973 καὶ

274 996 592 1073 ἀναβλέψας
621 998 724 1075 ὁρᾷ
753 996 1058 1073 ἄνθρωπον
1083 999 1347 1072 ἑστηκότα
1370 1003 1659 1058 κατέναντι
1689 997 1884 1072 αυτοῦ,

276 1086 369 1141 καὶ
408 1083 442 1156 ἡ
484 1089 729 1158 ῥομφαία
772 1086 1087 1156 ἐσπασμένη
1129 1087 1190 1142 ἐν
1229 1089 1296 1158 τῇ
1343 1086 1485 1158 χειρὶ
1527 1082 1715 1143 αὐτοῦ.
1791 1087 1884 1142 και
1906 1111 1946 1142 10

275 1166 610 1243 προσελθών
639 1166 668 1224 6
691 1166 903 1240 Ἰησοῦς
935 1167 1108 1239 εἶπεν,
1140 1167 1401 1242 ἡμέτερος
1434 1168 1514 1269 εἷ,
1546 1165 1580 1240 ἢ
1610 1193 1722 1225 των
1750 1167 1884 1227 ὑπε-

275 1258 544 1322 ναντίων;
576 1253 668 1308 καὶ
703 1251 859 1309 εἶπεν
889 1248 1067 1328 αὐτῷ,
1110 1250 1215 1323 ἐγώ
1245 1270 1674 1325 αρχιστρατηγος
1717 1251 1885 1310 δυνα-

275 1359 419 1409 μεως
460 1343 659 1410 κυρίου
697 1338 830 1394 νυνὶ
869 1337 1234 1409 παραγέγονα.
1312 1338 1404 1392 καὶ
1438 1333 1645 1407 Ἰησοῦς
1686 1343 1884 1394 ἔπεσεν

278 1423 366 1477 ἐπὶ
396 1419 696 1495 πρόσωπον
727 1422 817 1477 ἐπὶ
845 1419 948 1491 τὴν
978 1423 1102 1492 γῆν,
1135 1421 1228 1476 καὶ
1262 1420 1416 1477 εἶπεν
1442 1417 1615 1523 αὐτῷ,
1644 1423 1884 1479 δέσποτα

161 1530 249 1573 (246)
276 1510 333 1562 τί
359 1522 721 1579 προστασσεις
750 1508 825 1581 τῷ
856 1506 938 1579 σῷ
966 1506 1178 1577 οἰκέτῃ;
1219 1506 1312 1561 καὶ
1342 1507 1489 1576 λέγει
1527 1503 1556 1561 6
1587 1503 1883 1579 ἄρχιστρα-
1907 1529 1947 1561 15

274 1613 436 1662 τηγος
447 1596 694 1692 κυρίου,
728 1587 940 1662 Ἰησοῦ,
980 1590 1143 1645 λυσαι
1173 1586 1232 1645 τὸ
1261 1586 1523 1662 ὑπόδημα
1552 1613 1664 1646 των
1694 1593 1885 1646 ποδῶν

274 1689 402 1732 σου
437 1671 466 1730 6
496 1698 602 1747 γαρ
632 1672 795 1739 τόπος
829 1676 888 1730 έν
920 1697 962 1749 φ
994 1674 1066 1730 σὺ
1099 1675 1327 1744 ἕστηκας
1359 1677 1426 1746 γῆ
1460 1670 1590 1744 αγία
1622 1671 1824 1730 ἐστίν.”

400 1761 452 1816 2.
485 1756 642 1815 Αυτα
673 1756 741 1829 δὴ
773 1759 946 1814 ταῦτα
975 1759 1067 1813 καὶ
1083 1766 1287 1815 Μωσει
1313 1755 1598 1832 αρχομένῳ
1621 1760 1717 1828 τῆς
1739 1767 1882 1813 θεω-

274 1847 395 1914 ρίας
429 1844 519 1899 ἐπὶ
547 1846 644 1914 τῆς
676 1841 848 1914 βάτου
879 1839 1015 1914 πρὸς
1044 1843 1143 1897 τοῦ
1166 1845 1363 1913 κυρίου
1382 1849 1582 1912 εἴρητο,
1617 1838 1690 1906 ὡς
1722 1846 1885 1913 δηλοῖ

272 1922 305 1997 ἡ
338 1924 524 2000 γραφὴ
549 1922 660 1992 “ι·5ς
694 1927 753 1982 δὲ
786 1925 901 1981 εἶδε
932 1923 1119 1997 κύριος
1149 1920 1230 1980 ὅτι
1261 1923 1526 1996 προσάγει
1559 1929 1721 1996 ἰδεῖν,
1756 1925 1876 1981 ἐκά-
1902 1950 1942 1981 20

273 2018 435 2066 λεσεν
467 2008 636 2066 αὐτὸν
659 2008 846 2081 κύριος
871 2012 930 2064 ἐκ
953 2010 1123 2080 μέσου
1140 2013 1237 2064 τοῦ
1260 2006 1434 2079 βάτου
1466 2010 1662 2080 λέγων,
1689 2013 1878 2107 :Mo-06⁷}

275 2095 487 2164 ΛΜωσῆ,
519 2091 591 2165 μὴ
625 2094 844 2192 ἐγγίσῃς
877 2093 1010 2147 ὠδε
1068 2094 1230 2147 λῦσαι
1260 2090 1318 2148 τὸ
1349 2087 1607 2166 υπόδημα
1636 2097 1748 2149 τῶν
1779 2115 1880 2149 πο-

226 2203 248 2234 b
276 2179 391 2233 δῶν
421 2191 550 2233 σου·
583 2171 611 2232 6
634 2200 738 2250 γαρ
768 2174 932 2241 τόπος
965 2179 1025 2232 ἐν
1057 2198 1098 2250 ῳ
1130 2173 1200 2230 σὺ
1232 2179 1461 2248 ἕστηκας
1488 2173 1573 2232 ἐπ’
1607 2174 1780 2232 αὐτοῦ
1810 2201 1879 2248 γη

273 2255 404 2332 αγία
437 2256 627 2317 ἐστίν]

400 2348 447 2401 3.
481 2341 582 2411 Εἷς
612 2342 717 2418 ἄρα
748 2345 839 2400 καὶ
862 2341 890 2399 ὁ
915 2340 1082 2409 αὐτὸς
1111 2336 1182 2416 ἦν
1204 2341 1232 2400 ὁ
1256 2358 1369 2409 τοῖς
1392 2339 1718 2415 αμφοτέροις
1749 2367 1940 2417 χρη-25

273 2434 503 2500 ματίσας
548 2426 707 2501 θεὸς,
750 2451 821 2493 ως
869 2429 926 2484 ἐκ
965 2430 1066 2484 τοῦ
1096 2429 1544 2499 παραγγέλματος
1579 2432 1876 2483 δείκνυται.

272 2511 411 2569 ἀλλὰ
441 2516 549 2570 νῦν
589 2513 692 2585 μὲν
733 2511 823 2568 δια
862 2515 959 2568 τοῦ
988 2509 1424 2585 ἀρχιστρατήγου
1455 2516 1549 2582 τῆς
1591 2509 1878 2583 δυνάμεως

275 2593 465 2670 αὐτοῦ,
497 2605 700 2655 Μωσεῖ
727 2597 788 2653 δὲ
814 2594 903 2652 διὰ
924 2599 1022 2652 τοῦ
1043 2593 1314 2668 ὀφθέντος
1345 2591 1581 2666 ἀγγέλου
1610 2601 1875 2663 θεσπίζει.

276 2685 546 2754 στρατιῶν
597 2682 659 2738 δὲ
705 2679 1131 2754 ὑπερουρανίων
1173 2681 1265 2735 καὶ
1308 2677 1602 2751 δυνάμεων
1643 2674 1875 2750 ὑπερκο-

389 2874 414 2912 8
443 2872 538 2913 Jos.
562 2874 600 2923 5,
626 2875 690 2913 13.
864 2874 917 2912 20
946 2873 1030 2915 Ex,
1055 2874 1093 2922 3,
1115 2873 1156 2910 4.
