1992 3186
575 139 885 182 DEMONST.
924 140 1144 182 EVANG.
1178 141 1303 181 VIII.
1337 143 1375 182 2.
1664 140 1767 192 529

155 280 254 314 του
286 253 624 328 δηλούμεναι
655 259 1145 331 συμπεραιοῦνται,
1179 254 1310 313 καθ’
1347 252 1411 323 ἃς
1441 252 1627 322 ἀτελὲς
1659 259 1766 314 διέ-

159 365 291 413 μενε
319 337 378 397 τὸ
412 345 576 414 ἔργον
605 345 701 412 τῆς
730 343 831 397 τοῦ
860 345 1000 398 ναοῦ
1030 343 1342 413 οἰκοδομῆς.
1406 345 1487 399 63.
1515 339 1760 415 διόπερ“
1739 367 1765 398 ο
1801 377 1815 397 e

159 437 314 492 θεῖος
365 422 523 496 λόγος
572 428 668 497 τῆς
718 432 972 498 συναφῆς
1019 450 1131 483 των
1171 428 1381 483 λοιπῶν
1436 424 1768 499 ἑβδομάδων

159 506 408 583 ἀφορίζει
448 506 543 574 τὰς
583 507 801 583 πρώτας
844 508 1006 582 ἑπτά,
1053 509 1226 566 εἰπών
1269 508 1580 584 ἑβδομάδας
1614 509 1767 583 ἑπτα,

116 619 136 652 5
161 591 343 651 ἔπειθ’
381 595 502 665 ἑξῆς
532 591 667 666 μετά
692 599 980 667 διαστολῆς
1002 593 1440 666 ἐπαγαγών“καὶ
1463 594 1768 668 ἑβδομάδες

161 676 422 751 ἐξήκοντα
445 675 591 735 δύο.”
639 677 775 735 ἑπτὰ
790 680 926 750 γοῦν
950 675 1055 735 ἀπὸ
1069 676 1265 751 Κύρου
1283 682 1371 736 καὶ
1397 681 1485 736 ἐπὶ
1508 678 1609 752 τῆν
1633 698 1770 752 συμ-

158 761 443 836 πλήρωσιν
488 765 582 834 τῆς
627 765 728 819 τοῦ
769 765 921 835 ίεροῦ
960 765 1254 835 οἰκοδομῆς
1297 762 1600 837 ἑβδομάδες
1634 767 1770 822 ἐτῶν

95 918 99 923 .
160 843 523 921 εὑρίσκονται
599 850 680 902 64.
715 852 885 904 ἔνθεν
923 842 1233 947 ὁρμώμενοι
1271 853 1347 924 τῷ
1378 854 1583 922 σωτῆρι
1611 847 1770 950 ἡμῶν

159 938 350 1003 ἔλεγον
381 936 437 988 οἱ
455 927 747 1030 Ἰουδαῖοι
751 926 1180 1039 ’τεσσαράκοντα
1212 934 1303 988 καὶ
1336 935 1390 1000 ἐξ
1424 938 1602 990 ἔτεσιν
1634 930 1768 1009 ςόκο

96 1042 136 1073 10
162 1014 379 1088 δομήθη
419 1012 448 1072 5
466 1013 617 1081 ναὸς
648 1037 837 1086 ουτος,
869 1017 962 1071 καὶ
994 1014 1064 1071 σὺ
1098 1019 1156 1072 ἐν
1185 1019 1367 1089 τρισὶν
1395 1013 1622 1092 ἡμέραις
1656 1021 1768 1089 ἐγε-

160 1113 274 1173 ρεῖς
299 1095 519 1168 αὐτόν;’
524 1095 694 1155 ’ἀλλ’
719 1122 870 1156 ουτοι
891 1123 994 1172 μεν
1023 1099 1433 1176 τεσσαράκοντα
1455 1103 1546 1158 καὶ
1571 1105 1626 1169 ἓξ
1660 1108 1770 1158 ἔτε-

158 1202 249 1241 σιν
275 1183 670 1260 οἰκοδομῆσθαι
689 1181 786 1240 τὸν
814 1182 952 1241 ναὸν
984 1190 1214 1258 ἔφασαν.
1256 1191 1496 1242 τοσαῦτα
1526 1210 1631 1258 γαρ
1663 1183 1769 1243 ἀπὸ

158 1267 380 1340 πρώτου
398 1267 588 1342 Κύρου
619 1273 922 1341 βασιλείας,
951 1265 1011 1334 ὃς
1042 1273 1254 1342 πρῶτος
1277 1268 1450 1343 ἀνῆκε
1478 1273 1573 1343 τῆς
1587 1277 1770 1342 Βαβυ-

160 1356 334 1418 λῶνος
355 1350 483 1419 τούς
507 1354 880 1425 βουλομένους
899 1357 1012 1410 τῶν
1027 1349 1317 1412 Ἰουδαίων
1339 1361 1414 1420 εἰς
1435 1353 1537 1427 τὴν
1559 1361 1772 1413 οἰκείαν

96 1461 137 1494 15
159 1440 266 1510 γῆν
299 1438 613 1508 ἐπανιέναι,
660 1439 749 1493 ἐπὶ
779 1436 838 1493 τὸ
872 1440 1030 1495 ἕκτον
1061 1444 1176 1505 ἔτος
1207 1442 1300 1511 τῆς
1332 1445 1579 1513 Δαρείου
1611 1446 1768 1511 βασι-

160 1527 310 1587 λείας
349 1520 675 1593 συνάγεται,
718 1517 850 1578 καθ’
884 1518 950 1578 ὃν
987 1520 1048 1578 τὸ
1077 1525 1189 1579 πᾶν
1235 1528 1399 1595 ἔργον
1428 1528 1524 1595 τῆς
1555 1529 1774 1581 οἰκοδο-

159 1610 263 1678 μῆς
293 1607 446 1671 τέλος
478 1613 720 1677 εἴληφεν.
795 1609 877 1662 65.
912 1604 944 1662 ὅ
973 1628 1036 1678 γε
1067 1608 1176 1679 μὴν
1210 1609 1261 1674 ἐξ
1286 1603 1558 1681 Ἐβραίων
1584 1604 1773 1680 Ἰώση-

160 1712 259 1756 πος
291 1691 383 1745 καὶ
413 1687 583 1747 ἄλλον
612 1692 796 1763 τριετῆ
825 1689 1026 1763 χρόνον
1048 1697 1126 1757 εἰς
1157 1689 1257 1763 τὴν
1276 1695 1389 1747 τῶν
1421 1694 1631 1759 ἔξωθεν
1661 1694 1773 1749 τῶν

160 1771 300 1846 ἀμφὶ
330 1773 425 1830 τὸν
454 1772 593 1831 ναὸν
623 1773 1162 1847 κατασκευασμάτων
1202 1774 1604 1848 συμπλήρωσιν
1636 1783 1773 1849 ἔφη-

97 1884 138 1915 20
161 1877 287 1930 σεν,
323 1854 458 1915 ὥστ’
493 1856 714 1924 εἰκότως
749 1856 840 1915 διὰ
870 1862 1042 1915 ταῦτα
1072 1858 1167 1924 τὰς
1199 1859 1334 1916 ἑπτά
1354 1858 1575 1933 πρώτας
1610 1863 1773 1933 ἑβδο-

160 1940 338 2015 μάδας
372 1947 448 2007 εἰς
480 1947 571 2014 ἔτη
614 1944 773 2000 ἐννέα
805 1945 896 1999 καὶ
936 1941 1347 2018 τεσσαράκοντα
1378 1943 1773 2012 συντεινούσας

161 2023 484 2099 ἀφωρίσθαι
523 2025 660 2083 κατὰ
699 2025 795 2084 τὸν
836 2030 932 2099 τῆς
973 2036 1313 2102 προφητείας
1343 2026 1536 2101 λόγον,
1584 2029 1680 2095 τὰς
1715 2030 1773 2086 δὲ

163 2109 353 2177 λοιπὰς
378 2109 638 2182 ἑξήκοντα
665 2109 766 2168 δύο
789 2109 896 2167 ἀπὸ
919 2114 1015 2184 τῆς
1028 2118 1238 2186 Δαρείο
1262 2124 1776 2187 υκαταριθμεῖσθαι

176 2201 459 2266 βασιλείας
503 2201 826 2268 συμβαίνει,
871 2193 1005 2253 καθ’
1054 2194 1120 2253 ὃν
1165 2189 1331 2263 αὖθις
1356 2196 1565 2270 Ἰησοῦς
1603 2194 1632 2254 5
1677 2204 1776 2256 τοῦ

100 2277 414 2336 25Ἰωσεδὲκ
453 2282 546 2336 καὶ
585 2278 902 2354 Ζοροβάβελ
944 2276 972 2336 5
1013 2287 1111 2337 τοῦ
1143 2280 1438 2354 Σαλαθιήλ
1479 2288 1556 2348 εἰς
1597 2286 1774 2339 ἐκεῖνο

163 2362 265 2434 τὴν
308 2358 450 2435 ζωὴν
490 2371 912 2437 παρατείνοντες
951 2362 1116 2437 ἄμφω
1156 2366 1502 2437 προέστησαν
1542 2369 1636 2437 τῆς
1677 2370 1774 2422 τοῦ

166 2449 319 2518 ἱεροῦ
331 2444 710 2519 ἀνανεώσεως,
726 2447 1193 2521 προφητευόντων
1205 2448 1465 2520 Ἀγγαίου
1490 2451 1580 2505 καὶ
1594 2458 1775 2522 Ζαχα-

165 2536 318 2602 ρίου,
350 2529 478 2602 μεθ’
516 2528 613 2596 οὓς
631 2529 832 2605 ’Ἐσρας
863 2534 955 2588 καὶ
984 2538 1245 2604 Νεεμίας,
1276 2529 1479 2604 ὁμοίως
1513 2535 1571 2589 ἐκ
1591 2539 1774 2604 Βαβυ-

19 2685 21 2691 ⁴
167 2617 340 2679 λῶνος
370 2610 721 2687 ἀνελθόντες,
752 2615 812 2672 τὸ
843 2629 1021 2688 τεῖχος
1053 2619 1340 2688 έδείμαντο
1371 2620 1436 2689 τῇ
1469 2615 1642 2688 πόλει,
1675 2641 1776 2718 την

19 2718 21 2755 ἶ
102 2722 142 2754 30
168 2695 585 2771 ἀρχιερωσύνην
599 2700 882 2764 διέποντος
906 2696 1251 2771 Ἰωακείμου”
1286 2713 1414 2765 παῖς
1448 2702 1513 2757 δέ
1528 2725 1687 2768 ουτος
1706 2703 1775 2774 ἠν

282 2893 307 2931 9
338 2891 409 2931 Jo.
433 2893 473 2943 2,
497 2893 565 2931 20.
741 2893 791 2931 17
823 2892 1005 2944 Ioseph.
1030 2893 1079 2932 A.
1104 2891 1147 2935 J.
1170 2893 1249 2934 ΧΙ.
1275 2894 1316 2944 4,
1340 2895 1378 2935 7.

254 2973 487 3008 Ensssmcs
509 2974 585 3004 111.
1397 2962 1465 3015 34

1800 2390 1886 2430 (393)
