1992 3186
563 114 872 156 DEMONST.
904 114 1128 157 EVANG.
1161 115 1239 157 IV.
1262 116 1328 158 17.
1629 113 1735 164 279

124 231 323 308 ἄνδρες
353 228 751 303 τερατόσκοποί
777 235 937 303 εἰσιν,
972 228 1111 287 διότι
1134 227 1251 301 ἄγω
1274 228 1371 287 τὸν
1396 228 1598 286 δοῦλόν
1627 254 1735 302 μου

125 313 457 388 ἆνατολήν.”
535 319 614 371 ll.
660 316 752 371 καὶ
792 314 926 388 μετὰ
968 317 1176 388 βραχέα
1224 312 1437 379 τούτοις
1485 317 1734 387 ἐπιφέρει
1766 343 1784 366 e

125 403 304 473 λέγων
318 397 450 457 “nal
474 402 690 472 ἐγένετο
714 397 875 471 λόγος
900 405 1099 471 κυρίου
1122 396 1258 470 πρός
1281 421 1348 470 με
1371 401 1566 470 λέγων,
1600 397 1736 470 λάβε

124 483 190 542 τά
222 487 281 541 ἐκ
309 489 407 556 τῆς
436 487 811 557 αὶχμαλωσίας
842 481 990 557 παρὰ
1014 487 1126 540 τῶν
1149 479 1434 555 ἀρχόντων
1463 485 1556 540 καὶ
1586 482 1735 557 παρὰ

82 593 102 625 5
124 572 237 626 τῶν
266 572 527 643 χρησμῶν
562 566 748 640 αὐτῆς,
782 569 872 624 καὶ
896 565 1043 640 παρὰ
1073 570 1184 624 τῶν
1217 565 1609 639 ε’πεγνωκότων
1639 565 1735 625 αῦ-

123 654 254 726 τὴν,
286 656 379 710 καὶ
412 651 700 727 εἰσελεῦσῃ
735 656 793 709 ἐν
823 655 891 726 τῇ
919 651 1096 726 ἡμέρα
1129 655 1313 726 ἐκείνῃ
1347 658 1423 718 εἰς
1454 650 1550 708 τὸν
1579 653 1735 709 οἷκον

124 743 412 810 Σοφονίου
442 741 542 794 τοῦ
569 736 799 809 ἥκοντος
833 739 892 792 ἐκ
922 739 1288 808 Βαβυλῶνος,
1332 739 1424 792 καὶ
1454 735 1602 809 λήψῃ
1634 735 1735 810 ἀρ-

123 821 318 895 γύριον
349 824 440 878 καὶ
471 828 720 894 χρυσίον,
753 823 844 877 καὶ
870 820 1118 892 ποιήσεις
1144 819 1473 892 στεφάνους,
1506 824 1598 878 καὶ
1623 823 1735 877 ἐπι-

123 905 320 978 θήσεις
343 908 431 963 ἐπὶ
455 905 557 977 τήν
574 905 823 978 κεφαλὴν
841 902 1017 975 Ἰησοῦ
1039 906 1138 961 τοῦ
1154 901 1403 961 Ἰωσεδὲκ
1424 907 1523 962 τοῦ
1547 907 1736 978 ἱερέως

61 1014 103 1046 10
123 993 223 1047 τοῦ
250 989 509 1063 μεγάλου.
584 991 677 1046 καὶ
718 993 860 1060 ἐρεῖς
891 989 1025 1060 πρὸς
1057 987 1255 1061 αὐτὸν,
1299 987 1433 1046 τάδε
1464 991 1610 1061 λέγει
1641 989 1735 1046 κύ-

125 1099 240 1146 ριος
270 1072 699 1148 παντοκράτωρ,
734 1073 858 1131 ἰδοὺ
890 1070 1058 1145 οἷνὴρ,
1092 1070 1331 1144 ἀνατολὴ
1362 1070 1534 1145 ὄνομα
1567 1071 1734 1149 αὐτῷ,

124 1161 214 1215 καὶ
244 1155 615 1216 ὑποκάτωθεν
646 1157 819 1215 αὐτοῦ
844 1155 1118 1228 άνατελεῖ,
1150 1158 1239 1214 καὶ
1266 1156 1617 1230 οἰκοδομήσει
1639 1155 1736 1214 τὸν
1761 1178 1783 1210 <1

128 1242 281 1300 οἷκον
312 1249 541 1316 κυρίου,
576 1244 669 1300 καὶ
702 1241 867 1308 αὐτὸς
899 1241 1130 1315 λήψεται
1161 1238 1365 1315 άρετὴν
1383 1286 1399 1313 ,
1446 1243 1537 1298 καὶ
1570 1251 1736 1299 καθι-

127 1341 265 1383 εῖται
295 1329 387 1383 καὶ
417 1327 670 1400 κατάρξει
703 1329 791 1383 ε’πὶ
831 1333 931 1384 τοῦ
963 1325 1178 1399 θρόνου
1209 1323 1398 1384 αὐτοῦ.
1461 1327 1552 1382 καὶ
1585 1332 1737 1383 ἔσται

63 1407 155 1467 155
191 1409 371 1484 ι”ερεύς
404 1413 461 1467 ἐκ
504 1414 701 1478 δεξιῶν
732 1407 932 1483 αὐτοῦ,
975 1412 1065 1467 καὶ
1096 1410 1270 1484 βουλὴ
1304 1409 1553 1484 εἰρηνικὴ
1586 1417 1736 1468 ἔσται

126 1492 232 1552 ἄνα
262 1496 431 1567 μέσον
460 1491 844 1568 άμφοτέρων.”

255 1583 335 1635 12.
369 1580 479 1635 Καὶ
509 1575 537 1635 ὁ
571 1582 630 1636 ἐν
659 1584 734 1655 τῷ
765 1577 997 1652 παρόντι
1039 1577 1325 1649 προφήτης
1356 1580 1524 1650 μέγας
1558 1576 1735 1651 ίερεῦς

125 1660 601 1737 ἀναγορευόμενος
635 1659 840 1734 Ἰησοῦς
879 1660 1215 1734 λευκοτάτην
1250 1661 1434 1718 εἰκόνα
1475 1663 1566 1718 καὶ
1598 1661 1734 1735 σύμ-

127 1753 295 1817 βολον
336 1748 561 1820 ἐναργὲς
609 1752 763 1804 δοκεῖ
798 1771 890 1819 μοι
931 1745 1127 1814 σώζειν
1165 1750 1262 1803 τοῦ
1303 1751 1547 1819 σωτῆρος
1578 1742 1735 1819 ἡμῶν

63 1829 296 1903 2οἸησοῦ
334 1835 433 1888 τοῦ
475 1835 745 1905 Χριστοῦ,
787 1834 854 1905 τῇ
891 1854 949 1887 τε
990 1828 1161 1887 αὐτοῦ
1192 1836 1536 1906 προσηγορίᾳ
1580 1855 1734 1903 τιμη-

124 1918 246 1982 θεὶς
298 1917 390 1972 καὶ
429 1919 525 1987 τῆς
569 1914 845 1973 ἐπανόδου
885 1918 981 1987 τῆς
1021 1914 1128 1972 άπὸ
1159 1919 1494 1986 Βαβυλῶνος
1537 1921 1736 1987 αἰχμα-

125 2005 328 2066 λωσίας
357 2003 454 2056 τοῦ
485 2003 624 2057 λαοῦ
654 1998 1127 2072 καθηγησάμενος.
1193 2003 1271 2055 13.
1307 2001 1424 2056 ἐπεὶ
1456 2000 1546 2055 καὶ
1570 1997 1598 2055 ὁ
1631 2018 1733 2055 σω-

123 2082 223 2158 τὴρ
275 2083 435 2157 ἡμῶν
473 2080 678 2157 Ἰησοῦς
725 2086 754 2141 ὁ
797 2081 1030 2158 Χριστός
1067 2082 1340 2156 ἀφεῖσθαι
1381 2091 1594 2157 εἴρηται
1644 2082 1735 2139 διά

116 2163 346 2225 τΗσαΐου
376 2171 477 2225 τοῦ
506 2167 795 2242 προφήτου
820 2164 1088 2241 “κηρῦξαι
1131 2166 1492 2240 αἰχμαλώτοις
1531 2165 1735 2240 ἄφεσιν

59 2271 104 2311 25
128 2256 219 2309 καὶ
248 2260 480 2325 τυφλοῖς
511 2251 839 2325 ἀνάβλεψιν,
870 2254 1248 2325 παρακαλέσαι
1278 2275 1337 2308 τε
1367 2251 1576 2318 πάντας
1606 2251 1734 2316 τοὺς

127 2341 504 2407 πενθοῦντας,
538 2340 630 2393 καὶ
661 2340 901 2408 δοθῆναι
931 2351 1043 2403 τοῖς
1074 2340 1349 2394 πενθοῦσι
1379 2335 1536 2393 Σιὼν
1568 2334 1734 2402 δόξαν

129 2417 251 2477 ἀντὶ
280 2425 511 2492 σποδοῦ,
542 2419 778 2494 ἄλειμμα
811 2417 1214 2493 εὐφροσύνης.”
1271 2427 1410 2493 ε”χεις
1440 2421 1735 2491 τοιγαροῦν

131 2500 237 2574 ἤδη
284 2503 385 2561 δύο
424 2505 695 2577 μεγάλους
735 2502 1035 2578 ἀρχιερεῖς,
1078 2502 1174 2561 τὸν
1213 2505 1315 2576 μὲν
1355 2501 1502 2575 παρὰ
1534 2510 1736 2559 Μωσεῖ
1756 2524 1845 2565 (198)

133 2585 391 2659 Χριστὸν,
423 2588 520 2646 τὸν
551 2590 610 2646 δὲ
641 2586 775 2662 μετὰ
796 2602 980 2662 χεῖρας
1007 2585 1240 2659 Ἰησοῦν,
1271 2587 1336 2644 τά
1368 2585 1618 2659 σύμβολα
1640 2590 1735 2659 τῆς

70 2693 111 2726 3ο
135 2671 260 2742 περὶ
297 2669 393 2726 τὸν
437 2679 655 2746 σωτῆρα
697 2675 787 2729 καὶ
834 2672 1026 2746 κύριον
1070 2668 1226 2744 ἡμῶν
1250 2668 1464 2743 Ἰησοῦν
1494 2667 1736 2744 Χριστὸν

247 2865 271 2903 3
302 2863 385 2903 Ex.
409 2864 449 2911 6,
473 2865 512 2905 9.
685 2866 739 2904 ‘24
769 2865 845 2905 Es.
869 2867 937 2915 61,
962 2867 999 2904 1.
