1946 3158
578 110 884 154 DEMONST.
913 110 1134 153 EVANG.
1167 113 1202 152 Ι.
1235 114 1274 156 3.
1659 109 1728 162 23

112 247 206 286 σιν
235 225 743 301 πλημμελημάτων,
777 223 869 300 ἐφ’
902 222 984 293 οἷς
1007 228 1099 284 καὶ
1124 223 1529 300 ἀπαραιτήτους
1561 225 1729 301 ὁρίζει

111 318 375 387 τιμωρίας
414 310 547 378 τούς
587 316 826 378 οἰκείους
867 309 1234 369 ἀναστέλλων.
1305 315 1387 368 39.
1429 307 1458 368 5
1499 336 1603 386 γαρ
1638 313 1727 369 ἐπὶ

111 410 226 462 τοῖς
255 393 536 463 ἄκουσίοις
565 393 639 468 μὴ
664 394 935 469 πρότερον
957 401 1150 470 νείμας
1174 394 1513 469 συγγνώμην
1545 393 1580 468 ἢ
1615 399 1732 464 ἐξα-

113 483 375 555 γορεῦσαι
403 479 464 538 τὸ
495 479 814 554 ἁμάρτημα,
846 477 1077 538 κᾶπειτα
1108 476 1293 554 ὥσπερ
1324 479 1528 554 μικρὰν
1558 504 1732 554 τιμω-

69 589 90 622 5
115 571 243 639 ρίαν
273 565 368 623 διὰ
397 568 492 637 τῆς
532 567 1006 639 προστεταγμένης
1045 571 1252 632 θυσίας
1295 564 1730 638 εἰσπραξάμενος

112 647 208 707 τόν
247 648 625 723 ἡμαρτηκότα,
675 649 768 706 διά
811 674 870 707 τε
914 652 1010 722 τῆς
1067 651 1155 707 ἐπὶ
1200 647 1297 707 τὸν
1340 648 1515 722 ἁγνὸν
1559 648 1762 707 τόπονο

112 732 420 807 ἆμελλήτου
451 741 676 807 πορείας
706 733 809 806 τὴν
835 731 1092 806 σπουδὴν
1115 730 1254 807 ὁμοῦ
1279 735 1374 791 καὶ
1404 733 1464 791 τὸ
1499 732 1732 807 εὐλαβὲς

114 822 389 885 ἐπιτείνας
430 823 544 876 τῶν
583 816 703 875 κατ’
751 816 922 876 αυτὸν
966 825 1261 891 θεοσεβεῑν
1303 820 1731 893 προῃρημένων,

113 905 228 970 πῶς
273 900 396 976 οὐχὶ
439 906 551 960 τῶν
597 906 864 970 ἑκουσίως
911 905 1212 976 δρωμένων
1267 902 1411 960 πολὺ
1456 901 1730 977 πρότερον

50 1010 91 1044 10
115 984 378 1061 ἐπίσχοι
355 986 427 1046 οὶν
457 986 552 1055 τὰς
570 986 779 1090 θὸρμάςς
821 992 880 1045 τί
915 985 983 1061 δὴ
1026 988 1129 1045 οὐν
1159 985 1295 1062 πρὸς
1324 990 1495 1044 ταῦτα
1526 995 1728 1045 συλλο-

112 1077 363 1145 γίζεσθαι
386 1074 543 1146 χρῆν,
565 1071 657 1130 ὅτε
682 1070 770 1145 δὴ,
792 1097 866 1139 ως
891 1081 1121 1146 εἴρηται,
1147 1070 1730 1145 συγκεφαλαιούμενος

113 1155 180 1214 τὰ
210 1155 389 1214 πάντα
419 1153 447 1214 5
483 1160 696 1230 Μωσῆς
733 1155 1056 1230 ἐπισκήπτει
1094 1158 1273 1229 λέγων
1297 1152 1730 1230 “ἐπικατάρατος

114 1243 220 1308 πᾶς
249 1237 309 1308 ὃς
340 1237 444 1299 οὐκ
476 1243 702 1315 ἐμμενεϊ
731 1245 791 1299 ἐν
830 1246 965 1299 πᾶσι
994 1253 1108 1309 τοῖς
1141 1242 1603 1315 ἐγγεγραμμένοις
1632 1243 1732 1299 τοῦ

116 1323 321 1397 νόμου,
352 1327 451 1382 τοῦ
481 1330 707 1398 ποιῆσαι
738 1322 936 1384 αὖτά.”

53 1430 93 1463 15
243 1413 326 1466 40.
350 1401 486 1484 ῗΑρα
507 1407 612 1483 γὰρ
634 1409 762 1477 τοὺς
786 1414 846 1468 ἐκ
869 1408 1123 1484 περάτων
1146 1412 1245 1483 γῆς
1268 1412 1568 1484 μέλλοντας
1593 1408 1731 1468 κατὰ

115 1495 328 1550 Μωσέα
358 1501 678 1566 θεοσεβειν,
713 1518 786 1561 ως
817 1490 886 1551 ὂὶν
921 1493 1157 1566 φύγοιεν
1196 1519 1298 1567 μεν
1327 1493 1431 1566 τὴν
1462 1493 1728 1567 κατάραν,
1797 1499 1802 1501 ’

113 1575 335 1650 τύχοιεν
366 1578 429 1634 δε
458 1581 553 1650 τῆς
585 1581 992 1652 ἐπηγγελμένης
1022 1576 1158 1650 πρὸς
1180 1577 1278 1636 τὸν
1294 1577 1540 1651 Ἀβραὰμ
1573 1575 1729 1636 ευλο-

113 1665 255 1733 γίας,
287 1665 461 1718 ταῦτα
491 1661 671 1719 πάντα
694 1666 833 1737 χρῆν
863 1661 1154 1737 πράττειν,
1187 1664 1279 1719 καὶ
1302 1665 1419 1737 τρὶς
1442 1668 1540 1720 τοῦ
1573 1668 1729 1729 ἔτους

114 1742 368 1803 ἀπαντᾶν
400 1751 478 1813 εἰς
522 1746 587 1804 τὰ
610 1745 989 1820 Ἱεροσόλυμα,
1036 1749 1126 1804 καὶ
1172 1746 1268 1814 τὰς
1309 1750 1368 1803 ἐκ
1409 1745 1636 1806 πάντων
1668 1748 1729 1804 δε
1755 1769 1776 1801 d

51 1852 93 1885 20
116 1831 227 1887 τῶν
268 1833 455 1888 ἐθνῶν
492 1837 788 1903 θεοσεβεῖν
825 1832 1212 1906 προῃρημένας
1253 1845 1553 1904 γυναῖκας,
1606 1829 1730 1903 ἄρτι

113 1913 292 1972 τόκων
322 1917 414 1972 καὶ
446 1913 670 1973 ὠδίνων
699 1921 1078 1989 παυσαμένας,
1102 1915 1377 1988 τοσαύτην
1400 1917 1730 1973 στέλλεσθαι

115 2005 378 2072 πορείαν,
426 1995 499 2067 ὡς
545 1995 615 2057 ἂν
658 1999 761 2074 τὴν
787 2003 1306 2107 προστεταγμένην
1334 1996 1443 2058 ὑπὸ
1476 2001 1730 2067 Μωσέως

114 2090 330 2142 θυσίαν
362 2081 450 2157 ἐφ’
487 2083 699 2162 ἑκάστῳ
730 2089 843 2143 τῶν
880 2087 1246 2158 γεννωμένων
1276 2081 1663 2158 ἄνενέγκαιεν,
1696 2110 1730 2158 η

115 2167 243 2235 τοὺς
276 2171 669 2242 ἐφαψαμένους
699 2173 901 2245 νεκροῦ
934 2168 1211 2244 σώματος,
1243 2164 1277 2242 ἢ
1308 2167 1436 2236 τούς
1469 2172 1731 2243 ἐπίορκον

0 2313 3 2326 Ἴ,
52 2275 94 2308 25
116 2250 498 2326 ὀμωμοκότας,
530 2250 564 2324 ἢ
596 2253 724 2322 τοὺς
756 2252 1024 2312 ἀκούσιόν
1053 2279 1105 2312 τι
1138 2253 1502 2327 δεδρακότας,
1538 2258 1599 2311 ἐκ
1629 2276 1731 2312 πε-

0 2349 2 2358 ’
117 2336 301 2410 ράτων
340 2342 440 2410 γῆς
480 2335 667 2411 ἥκειν,
708 2341 924 2413 τρέχειν
962 2363 1021 2397 τε
1060 2341 1154 2397 καὶ
1196 2337 1464 2396 σπεύδειν
1504 2340 1593 2396 ἐπὶ
1634 2336 1730 2396 τὸν

117 2426 630 2496 νενομοθετημένον
661 2421 1042 2498 καθαρισμὸν,
1085 2420 1157 2490 ὡς
1200 2419 1270 2480 ἂν
1303 2421 1598 2496 ἐκφύγοιεν
1627 2420 1728 2493 τὴν

116 2509 210 2578 τῆς
242 2505 480 2581 κατάρας
513 2510 839 2580 ἐπίσκηψιν;
871 2513 954 2566 41.
989 2507 1127 2564 ἀλλὰ
1150 2511 1391 2582 συνορᾷς
1416 2503 1489 2573 ὦς
1513 2508 1604 2563 καὶ
1629 2504 1729 2563 αὐ-

117 2604 230 2657 τοῖς
260 2604 373 2658 τοῖς
405 2588 546 2665 ἀμφὶ
576 2591 642 2649 τὰ
665 2588 1015 2666 Ἱεροσόλυμα
1045 2595 1361 2649 κατοικοῦσι
1391 2594 1482 2647 καὶ
1516 2593 1604 2647 ἐπὶ
1633 2590 1728 2663 μό-

53 2695 95 2729 30
119 2698 218 2746 νης
259 2678 354 2747 τῆς
379 2671 647 2744 Ἰουδαίας
687 2676 782 2744 τὰς
824 2674 1110 2751 διατριβὰς
1151 2677 1502 2749 ποιουμένοις
1531 2671 1560 2732 5
1592 2672 1729 2732 κατὰ

233 2870 285 2908 12
316 2869 456 2909 Dent.
477 2871 546 2922 27,
573 2871 641 2914 26.
688 2870 788 2912 Gal.
814 2874 853 2922 3,
881 2872 947 2911 10.
