1946 3158
233 137 299 186 14
906 140 1155 180 EUSEssn

138 275 204 315 (15)
231 263 518 327 λαιστίνην
557 258 805 313 οἰκοῦσιν
860 252 1195 329 ἐφήρμοζεν,
1240 247 1354 311 ὧδέ
1388 274 1473 312 σοι
1517 263 1829 328 συλλογιζο-

229 341 378 416 μένῳ
419 340 668 414 φανερὸν
714 345 877 396 ἔσται.
950 345 1093 411 φησί
1135 361 1244 396 που
1289 342 1540 412 Μωυσῆς
1593 350 1828 413 νομοθε-

229 426 342 480 τῶν
375 420 539 495 “wig
581 426 683 481 τοῦ
725 427 981 481 ἐνιαυτοῦ
1020 421 1329 496 ὀφθήσεται
1381 427 1492 480 πᾶν
1536 419 1831 497 ἀρσενικόν

229 526 331 564 σου
365 507 604 565 ἐντόπιον
634 514 832 581 κυρίου
862 510 961 563 τοῦ
991 509 1132 565 θεοῦ
1156 505 1306 564 σου.”
1341 512 1432 564 καὶ
1465 513 1540 563 ε”τι
1567 510 1828 580 σαφέστε-

230 615 328 665 ρον
367 590 507 649 ὅπου
540 594 704 665 ἐχρῆν
727 589 979 649 ἀπαντᾶν
1008 589 1135 658 τοῦς
1166 590 1373 657 πάντας
1396 594 1513 697 τρὶς
1543 594 1644 648 τοῦ
1674 598 1828 658 ἔτους
1874 615 1898 646 5

230 673 478 749 ἀφορίζει
535 678 712 747 λέγων
761 672 943 749 “τρεῖς
999 674 1222 748 καιροὺς
1271 679 1369 731 τοῦ
1423 677 1679 732 ἐνιαυτοῦ
1726 673 1830 748 ὀφ-

228 759 461 833 θήσεται
517 763 628 816 πᾶν
669 758 964 834 ἀρσενικόν
1022 779 1124 817 σου
1178 764 1430 817 ἐναντίον
1479 767 1677 831 κυρίου
1734 763 1831 817 τοῦ

203 847 368 916 ,θεου
400 862 502 901 σου
535 847 595 900 ἐν
626 850 701 920 τῷ
732 842 880 944 τόπῳ
914 868 956 921 ῳ
990 869 1062 901 αν
1094 845 1375 915 ἐκλέξηται
1407 841 1614 915 κύριος.
1626 839 1657 860 ”

353 933 400 985 2.
432 936 673 1001 Θεωρεῖς
705 953 775 994 ως
800 926 902 985 οὐκ
926 933 985 986 ἐν
1006 946 1154 1001 πασῃ
1187 926 1362 998 πόλει,
1395 925 1517 985 οὐδ’
1545 925 1686 985 όπου
1705 933 1833 984 ἔτυ-

226 1036 340 1085 χεν,
372 1011 624 1069 ἀπαντᾶν
655 1011 1009 1086 προστάττει,
1042 1011 1161 1069 ἀλλ’
1201 1016 1260 1069 ἐν
1290 1010 1439 1088 τόπῳ
1473 1036 1515 1087 ῳ
1549 1009 1644 1068 ἐαν
1678 1013 1828 1068 ἐκλέ-
1852 1037 1895 1068 ιο

227 1101 379 1169 ξηται
411 1095 597 1170 κύριος
620 1093 647 1154 ὁ
679 1095 811 1163 θεός
842 1114 975 1154 σου
1048 1103 1189 1154 ἔνθα
1231 1097 1413 1169 τρισὶν
1457 1095 1690 1153 ἑκαστου
1723 1098 1828 1153 ἐνι-

227 1184 401 1238 αυτοῦ
433 1196 642 1255 καιροῖς
693 1183 781 1238 ἐπὶ
831 1181 997 1238 ταυτὸ
1052 1183 1303 1238 συνιέναι
1354 1190 1680 1253 νομοθετεῖ,
1735 1182 1827 1237 καὶ

225 1289 351 1331 τους
395 1264 619 1337 καιροὺς
650 1263 927 1339 ἀφορίζει,
970 1262 1102 1323 καθ’
1137 1289 1234 1332 ους
1265 1260 1516 1321 ἀπαντᾶν
1560 1269 1726 1338 ἐχρῆν
1769 1268 1828 1321 ἐν

224 1355 298 1426 τῷ
352 1348 528 1426 τόπῳ,
584 1353 643 1407 ἐν
697 1374 738 1426 ῳ
781 1375 846 1406 τα
885 1354 980 1421 τῆς
1021 1346 1143 1406 κατ’
1190 1345 1358 1407 αῦτὸν
1403 1355 1655 1420 λατρείας
1701 1352 1828 1405 ἐπε-

223 1442 448 1506 τελεῖτο,
482 1437 578 1491 ε’να
609 1459 709 1507 μεν
739 1438 835 1492 τοῦ
868 1433 1067 1507 πάσχα,
1102 1433 1363 1506 δεύτερον
1387 1431 1483 1491 τὸν
1513 1455 1647 1506 μετα
1691 1456 1826 1490 πεν-
1851 1455 1892 1488 15

224 1517 460 1590 τήκοντα
491 1516 695 1591 ἡμέρας
738 1521 826 1575 ἐπὶ
866 1522 962 1592 τῆς
1001 1515 1401 1592 ὀνομαζομένης
1441 1519 1825 1590 Πεντηκοστῆς

223 1605 440 1675 ἑορτῆς,
472 1604 564 1659 καὶ
596 1609 782 1675 τρίτον
811 1607 886 1680 τῷ
921 1601 1141 1679 ἑβδόμῳ
1184 1604 1316 1675 μηνὶ
1350 1601 1483 1674 μετὰ
1535 1599 1595 1657 τὸ
1644 1599 1825 1674 πᾶσχα

222 1686 359 1744 κατὰ
398 1684 500 1759 τὴν
529 1691 628 1744 τοῦ
677 1692 911 1760 ἱλασμοῦ
952 1684 1182 1760 ἡμέραν,
1223 1683 1357 1743 καθ’
1400 1683 1471 1756 ἣν
1510 1686 1678 1742 εἰσέτι
1717 1688 1826 1742 νῦν

214 1769 472 1830 Ἰουδαῖοι
493 1769 694 1838 πάντες
724 1770 827 1842 τὴν
856 1778 1117 1842 νηστείαν
1149 1773 1521 1827 ἐπιτελοῦσιν·
1558 1771 1828 1843 ἐπαρᾶταί

221 1880 278 1913 τε
313 1869 426 1921 τοῖς
456 1852 529 1927 μὴ
560 1857 854 1927 ἐμμένουσι
894 1867 1006 1919 τοῖς
1049 1856 1560 1927 νομοθετουμένοις.
1613 1858 1660 1911 3.
1692 1851 1822 1910 οῦκ·
1846 1878 1888 1910 20

221 1942 325 1996 οῦν
379 1937 507 2005 τοῦς
572 1942 871 2012 μέλλοντας
937 1937 1186 2004 ἅπαντας
1239 1934 1493 1994 ἀπαντᾶν
1551 1940 1667 2011 τρὶς
1725 1943 1822 1994 τοῦ

223 2030 378 2089 ε”τους
419 2028 496 2089 εἰς
540 2022 606 2079 τὰ
648 2021 1000 2097 Ἱεροσόλυμα
1051 2023 1142 2078 καὶ
1194 2020 1260 2079 τᾶ
1313 2020 1515 2094 νόμιμα
1574 2025 1824 2095 πληροῦν

221 2104 286 2164 οῦ
327 2105 514 2178 πόρρω
558 2130 666 2164 που
706 2111 801 2178 τῆς
845 2105 1115 2171 Ἰουδαίας
1173 2109 1337 2179 ἐχρῆν
1390 2105 1571 2178 δήπου
1623 2112 1821 2164 οἰκεῖν·

221 2188 345 2248 ἀλλ’
396 2193 537 2247 εἰσὶν
567 2191 706 2264 ἀμφὶ
738 2189 865 2256 τοῦς
897 2189 1085 2263 ὅρους·
1130 2196 1179 2247 εἰ
1225 2191 1286 2247 δε
1342 2189 1408 2261 δὴ
1455 2205 1568 2257 τοῖς
1610 2213 1821 2263 πορρω-

220 2274 362 2332 τᾶτω
394 2279 490 2347 τῆς
534 2281 911 2347 Παλαιστίνης
952 2276 1202 2332 οἰκοῦσιν
1244 2275 1531 2341 ”Ιουδαιοις
1572 2272 1820 2332 ἀδύνατα
1843 2299 1884 2331 25

124 2388 195 2430 (19)
225 2353 291 2432 ἦν
333 2367 514 2417 τελεῖν
557 2384 623 2416 τα
678 2361 1188 2432 νενομοθετημένα,
1236 2364 1442 2416 πολλοῦ
1499 2357 1671 2431 φάναι
1707 2372 1820 2424 τοῖς

219 2447 391 2502 πᾶσιν
411 2450 602 2501 ἔθνεσι
633 2446 724 2501 και
745 2457 858 2510 τοῖς
891 2446 950 2500 ἐν
972 2457 1089 2509 ταῖς
1115 2445 1386 2515 ἐσχατιαῖς
1410 2448 1503 2515 τῆς
1526 2445 1625 2514 γῆς
1651 2447 1814 2515 ἐφαρ-

218 2529 418 2601 μόζειν.
471 2533 519 2585 4.
557 2527 867 2586 ἐπάκουσον
900 2528 960 2584 δὲ
990 2533 1114 2585 τίνα
1146 2526 1350 2599 τρόπον
1380 2526 1408 2584 ὁ
1444 2523 1607 2591 αὐτὸς
1653 2524 1820 2583 πάλιν

218 2615 522 2686 νομοθέτης
553 2612 655 2686 τὴν
687 2610 793 2670 ᾶπὸ
836 2614 1026 2685 λέχους
1066 2625 1306 2684 γυναῖκα
1361 2609 1613 2667 ἀπαντᾶν
1654 2629 1818 2684 προσ-

330 2839 354 2876 3
376 2835 517 2876 Exod.
542 2836 609 2883 23,
636 2837 700 2876 17.
875 2835 898 2873 6
921 2833 1063 2874 Exod.
1086 2835 1153 2883 34,
1176 2835 1243 2875 23.
1303 2833 1438 2875 Deut.
1467 2833 1530 2880 16,
1557 2833 1619 2875 16.

217 2894 271 2933 ‘20
303 2893 441 2933 Dent.
466 2893 533 2942 27,
557 2893 625 2931 26.
