1992 3186
179 369 196 392 C

176 1118 200 1151 d

108 2499 201 2543 ‹433›

229 133 332 187 582
897 132 1146 175 EUSEBII

220 247 318 308 “*n'
340 275 432 324 μοι
463 253 676 322 πλῆθος
706 251 819 306 τῶν
846 252 1069 306 θυσιῶν
1097 247 1322 322 ὑμῶν;”
1370 252 1459 307 ἐπὶ
1500 248 1603 323 τὴν
1635 256 1839 325 ἔρημον

228 340 325 393 τοῦ
351 332 630 407 Ἰορδάνου
653 334 1008 406 μετατέθεικε
1030 332 1131 405 τὴν
1156 331 1324 401 δόξαν
1345 337 1441 406 τῆς
1462 333 1838 409 Ἰερουσαλὴμ,

225 423 321 492 τῆς
351 417 469 475 κατ’
501 417 791 490 εὐσέβειαν
813 414 1032 490 άγωγῆς
1058 413 1161 474 οὐκ
1187 420 1271 474 ἐπὶ
1296 416 1674 493 Ἰερουσαλὴμ,
1707 416 1828 476 ἀλλ’

229 506 316 560 ἐπὶ
368 506 463 574 τῆς
517 500 724 577 ἐρήμου
775 510 1167 560 συντελεῖσθαι
1219 499 1525 576 ἀρξαμένης
1576 500 1682 561 άπὸ
1727 507 1840 562 τῶν

222 586 481 645 Ἰωάννου
533 585 763 662 χρόνων.
847 592 894 644 8.
930 585 1194 652 ὡσαύτως
1242 588 1302 643 δὲ
1353 589 1445 643 καὶ
1489 585 1523 660 ἡ
1563 586 1689 661 τιμὴ
1739 591 1840 646 τοῦ
1861 612 1881 644 5

225 670 398 745 νόμου
429 675 542 728 τῶν
558 695 617 728 τε
641 670 759 728 κατ’
798 669 968 729 αὐτὸν
992 670 1450 746 σωματικῶτερον
1471 683 1837 745 νενομοθετη-

223 758 409 828 μένων
441 757 662 813 δέδοται
691 759 760 830 τῇ
791 754 973 833 ἐρήμῳ
1004 761 1104 813 τοῦ
1130 752 1412 829 Ἰορδάνου
1445 755 1537 812 διὰ
1568 753 1670 829 τὴν
1699 754 1843 829 ἀπο-ῃ

225 846 496 898 δοθεῖσαν
547 846 760 914 αἰτίαν,
822 839 904 898 ὅτι
955 838 1141 914 μηκέτ’
1202 841 1288 898 ἐπὶ
1342 840 1444 913 τὴν
1482 836 1838 915 Ἰερουσαλὴμ

223 927 611 998 προσέφευγον
641 930 697 983 οἶ
723 928 819 998 τῆς
849 925 987 983 κατὰ
1017 922 1203 998 ψυχὴν
1231 930 1534 997 θεραπείας
1568 923 1838 999 δεόμενοι,

223 1006 362 1066 ἄλλα
393 1012 482 1067 ἐπὶ
512 1008 615 1082 τὴν
644 1009 1053 1084 ὀνομαζομένην
1084 1015 1316 1083 ἕ,ρημον
1348 1012 1443 1082 τῆς
1477 1012 1537 1067 ἐν
1567 1006 1707 1084 αὐτῇ
1739 1034 1838 1083 κη·
1862 1034 1903 1066 10

224 1097 556 1169 ρυττομένης
597 1091 846 1168 ἀφέσεως
895 1100 1008 1152 τῶν
1039 1092 1458 1202 αμαρτημάτων
1509 1097 1712 1152 ε’νεκεν
1788 1099 1836 1151 9.

223 1179 372 1253 οἶμαι
406 1180 467 1236 δε
498 1181 589 1235 καὶ
619 1182 721 1236 τοῦ
749 1183 993 1254 σωτῆρος
1023 1173 1181 1251 ἡμῶν
1209 1176 1312 1250 τὴν
1344 1179 1430 1235 ἐπὶ
1463 1176 1524 1235 τὸ
1555 1177 1838 1252 βάπτισμα

223 1268 538 1338 παρουσίαν
570 1266 883 1335 δηλοῦσθαι
909 1262 1001 1320 διὰ
1023 1267 1122 1319 τοῦ
1145 1258 1333 1319 “καὶ
1308 1287 1337 1319 ο
1362 1261 1491 1328 λαός
1514 1286 1622 1335 μου
1644 1261 1838 1331 ὄψεται

221 1348 324 1420 τὴν
357 1347 524 1416 δόξαν
554 1354 753 1420 κυρίου
793 1349 884 1404 καὶ
924 1346 984 1404 τὸ
1027 1343 1167 1416 ὕψος
1196 1350 1294 1404 τοῦ
1324 1343 1504 1404 θεοῦῘ
1581 1345 1702 1404 τότε
1731 1371 1838 1421 γαρ

222 1435 314 1490 καὶ
340 1430 507 1505 ὤφθη
538 1438 636 1488 τοῦ
664 1437 908 1507 σωτῆρος
937 1428 1097 1505 ἡμῶν
1128 1429 1161 1503 ἡ
1195 1430 1328 1500 δόξα
1349 1426 1477 1488 “ὃ’τε
1507 1433 1839 1503 βαπτισθεὶς
1862 1453 1902 1486 15

221 1515 395 1590 ἀνέβη
425 1513 532 1574 άπὸ
562 1521 662 1574 τοῦ
691 1514 920 1588 ὕδατος,
953 1518 1042 1573 καὶ
1074 1512 1444 1593 άνεῶχθησαν
1474 1513 1625 1572 αὐτῶ
1657 1540 1709 1574 οι
1739 1512 1839 1573 οῦ-

222 1605 413 1676 ρανοὶ,
445 1604 536 1658 καὶ
569 1602 683 1660 εἶδε
711 1599 772 1659 τὸ
803 1605 1024 1675 πνεῦμα
1054 1604 1153 1658 τοῦ
1175 1603 1319 1659 θεοῦ
1341 1606 1682 1672 καταβαῖνον
1705 1598 1837 1658 ῶσεὶ

221 1686 584 1760 περιστεράν,
624 1690 716 1744 καὶ
746 1688 917 1759 μένον
949 1682 1041 1743 ἐπ’
1075 1683 1260 1743 αὐτόν.
1331 1682 1422 1742 ὅτε
1462 1686 1553 1742 καὶ
1584 1682 1746 1758 φωνὴ
1778 1687 1839 1741 ἐκ

220 1774 333 1828 τῶν
363 1767 622 1843 οὐρανῶν
660 1768 915 1844 ἠκούσθη
954 1772 1221 1843 λέγουσα,
1262 1761 1423 1835 οῦτός
1466 1772 1615 1826 ἐστιν
1655 1765 1685 1825 ὁ
1715 1765 1837 1834 υἱός

222 1879 329 1927 μου
358 1852 386 1912 ὁ
418 1852 726 1928 ἀγαπητὸς,
761 1858 821 1912 ἐν
852 1847 897 1932 ᾦ
925 1851 1265 1928 ηὐδόκησα.”
1322 1858 1402 1909 10.
1437 1849 1578 1908 ἀλλὰ
1606 1853 1698 1908 καὶ
1730 1857 1835 1918 πᾶς
1858 1874 1900 1907 20

222 1938 251 1996 ὁ
282 1946 523 2013 γνησίως
556 1942 644 1996 ἐπὶ
675 1937 735 1996 τό
760 1943 859 1996 τοῦ
883 1941 1120 2013 λουτροῦ
1140 1935 1359 2010 παριῶν
1379 1934 1704 2009 μυστήριον,
1735 1935 1838 2008 τὴν

223 2026 350 2096 περὶ
380 2028 480 2080 τοῦ
512 2027 755 2095 Χριστοῦ
785 2019 1126 2096 παραλαβῶν
1154 2028 1482 2093 θεολογίαν,
1527 2018 1630 2093 τὴν
1671 2018 1838 2088 δόξαν

226 2104 400 2164 αὐτοῦ
428 2105 718 2179 θεάσεται,
752 2107 925 2174 λέξων
954 2102 1026 2163 ἂν
1053 2104 1253 2178 ὁμοίως
1283 2110 1358 2182 τῷ
1390 2103 1601 2180 Παύλῳ
1625 2100 1717 2161 “sl
1744 2106 1837 2161 καὶ

227 2189 549 2264 ἐγνώκαμεν
599 2188 735 2248 κατὰ
786 2189 963 2261 σάρκα
1001 2187 1269 2262 Χριστὸν,
1322 2187 1463 2245 ἀλλὰ
1505 2191 1613 2246 νῦν
1652 2187 1836 2246 οὐκέτι

225 2272 623 2348 γι·νῶσκομεν.”
1751 2299 1754 2301 ·
1858 2293 1901 2326 25

705 2469 840 2529 Ἀπὸ
869 2475 968 2530 τοῦ
1006 2472 1241 2543 Ψαλμοῦ
1274 2467 1346 2525 ¹1'.

351 2581 585 2645 vl1.“‘0
625 2590 897 2642 κατοικῶν
949 2587 1010 2642 ἐν
1061 2588 1297 2658 βοηθείᾳ
1347 2584 1446 2639 τοῦ
1486 2576 1726 2648 ὑψίστου
1775 2582 1837 2637 ἐν

226 2670 401 2742 σκέπῃ
433 2671 534 2727 τοῦ
562 2672 704 2728 θεοῦ
734 2673 831 2727 τοῦ
861 2667 1105 2741 οὐρανοῦ
1136 2663 1552 2738 αὐλισθήσεται.
1580 2743 1582 2745 ¹
1617 2668 1734 2738 ἐρεῖ
1759 2666 1835 2740 τῷ

342 2837 362 2874 1
396 2835 473 2877 Es.
499 2837 536 2882 1,
562 2837 626 2875 11.
832 2836 883 2874 15
914 2833 1079 2873 Matth.
1101 2836 1141 2885 3,
1169 2833 1233 2872 16.
1427 2832 1481 2871 23
1513 2832 1553 2871 2.
1578 2827 1679 2869 Cor.
1702 2829 1742 2880 5,
1767 2829 1832 2869 16.

227 2892 279 2931 27
311 2891 386 2932 Ps.
410 2893 475 2939 90,
504 2892 540 2930 1.
