1992 3186
251 116 354 170 658
933 116 1180 157 Ensssssn

251 229 280 292 5
311 231 494 308 σωτὴρ
526 238 618 290 καὶ
648 230 836 306 κύριος
859 229 1019 305 ἡμῶν
1039 229 1378 304 μνημονεύει
1398 233 1578 305 λέγων
1597 232 1733 308 πρὸς
1759 231 1863 307 τὴν

251 328 621 392 Σαμαρεῖτιν,
645 312 736 374 “el
762 313 916 391 ῄδεις
946 320 1028 382 τίς
1060 311 1265 374 ἐστὶν
1240 338 1269 372 ο
1302 318 1473 374 αἰτῶν
1495 335 1559 375 σε
1589 332 1759 392 πιεῖν,
1791 315 1862 375 σύ

250 399 320 460 αν
349 400 556 476 ῄτησας
586 397 778 472 αὐτὸν,
809 401 902 457 καὶ
934 397 1189 457 ἕδωκεν’
1166 424 1237 458 αν
1261 418 1348 458 σοι
1376 397 1532 476 ὕδωρ
1563 401 1705 471 ζωνῖ
1692 399 1724 422 ”
1758 400 1860 476 ὅση

251 488 312 545 δὲ
341 500 453 552 τοῖς
483 483 956 558 ἀπογευσαμένοις
978 489 1076 542 τοῦ
1101 488 1301 554 ζῶντος
1316 486 1409 542 καὶ
1433 489 1660 558 λογικοῦ
1688 511 1859 561 ναμα-

248 595 339 638 τος
368 568 614 646 ὑπῆρξεν
653 566 894 643 ὠφέλεια
934 575 1267 671 παρίστησιν
1307 571 1431 642 ἑξῆς
1473 568 1757 629 διδάσκων
1787 572 1859 639 ὡς
1882 597 1904 630 5

249 660 307 713 οι
331 653 549 722 πιόντες
580 652 774 727 αὐτοῦ,
804 653 932 721 τοὺς
956 652 1125 712 πάλαι
1152 653 1390 720 πολλοὺς
1419 653 1862 727 βασιλεύσαντας

249 738 434 798 αὐτων
476 744 741 813 δαίμονας
779 737 1056 814 πονηροὺς
1097 757 1581 813 απαρνησαμενοι,
1625 739 1724 798 τὸν
1763 743 1862 798 ἕνα

248 823 444 898 κύριον
483 827 575 882 καὶ
615 821 846 896 βασιλέα
885 827 1047 898 σφι-ὄν
1077 819 1264 881 αὐτῶν
1293 821 1724 898 ὁμολογήσουσι,
1769 826 1862 882 καὶ

249 908 321 976 ὡς
351 905 379 966 5
413 907 602 984 κύριος
631 905 660 966 5
690 907 879 983 μόνοις
907 907 968 966 τὸ
997 910 1133 983 πρὶν
1153 906 1426 982 Εβραίοις
1465 907 1863 983 γνωριζόμενος

135 1019 225 1060 (489)
248 993 540 1067 γενήσεται
571 991 835 1066 βασιλεύς
865 991 1092 1051 πάντων
1120 995 1232 1051 τῶν
1257 999 1335 1061 εἰς
1359 991 1529 1051 αὐτὸν
1561 996 1614 1062 ἐξ
1644 992 1860 1068 ἁπάσης
1883 1019 1926 1052 10

246 1084 342 1152 τῆς
381 1081 483 1152 γῆς
522 1077 943 1137 πιστευσάντων
987 1081 1200 1151 ἐθνῶν,
1242 1079 1332 1135 καὶ
1373 1077 1434 1135 τὸ
1478 1075 1655 1152 ὄνομα
1685 1075 1861 1136 αὐτοῦ

248 1168 311 1223 ἓν
342 1169 520 1236 ἔσται,
561 1167 807 1221 κυκλοῦν
851 1165 1036 1220 πᾶσαν
1072 1159 1169 1235 τὴν
1212 1165 1321 1235 γῆν
1359 1165 1452 1220 καὶ
1491 1160 1594 1235 τὴν
1635 1169 1856 1265 ε’ρημον.

247 1253 294 1306 9.
328 1243 361 1306 ὂ
387 1250 482 1305 καὶ
512 1245 648 1305 αὐτὸ
675 1254 759 1316 τίς
790 1243 893 1306 οὐκ
923 1243 994 1305 ἂν
1023 1245 1171 1321 ὁρῶν
1203 1249 1529 1320 ἐκπλαγείη;
1571 1245 1680 1304 ἀπὸ
1719 1251 1861 1320 γοῦν

244 1335 341 1406 τῆς
371 1337 615 1406 Χριστοῦ
646 1337 1045 1407 προσηγορίας,
1080 1329 1269 1405 (αὐτὸς
1302 1331 1363 1388 δε
1403 1332 1475 1404 ἡν
1504 1329 1533 1388 5
1565 1331 1799 1405 Χριστὸς
1829 1327 1858 1389 5

245 1416 460 1492 κύριος)
492 1414 550 1474 τὰ
592 1421 705 1474 τῶν
735 1421 1087 1491 Χριστιανῶν
1126 1413 1300 1490 ὄνομα
1345 1415 1524 1474 πάντα
1563 1415 1736 1474 τόπον
1765 1418 1858 1474 καὶ
1881 1440 1922 1473 15

244 1500 409 1560 πόλιν
439 1503 531 1559 καὶ
563 1499 750 1576 χώραν
781 1503 874 1559 καὶ
906 1499 1047 1559 αὐτά
1086 1524 1149 1574 γε
1178 1498 1245 1558 τα
1276 1504 1337 1560 ἐν
1365 1513 1485 1570 ταῖς
1517 1499 1736 1576 ἐρήμοις
1766 1503 1859 1559 καὶ

243 1600 363 1653 ταῖς
395 1589 669 1660 ἐσχατιαῖς
707 1588 803 1659 τῆς
843 1591 943 1659 γῆς
973 1591 1234 1644 οἰκοῦντα
1274 1591 1416 1660 ἔθνη
1445 1584 1860 1660 περιεκύκλωσε

243 1685 360 1738 τοῖς
389 1674 485 1744 τῆς
515 1678 854 1746 προφητείας
883 1668 1208 1738 ἀκολούθως
1237 1677 1632 1745 θεσπίσμασιν.

771 1892 900 1954 Ἀπὸ
940 1899 1175 1969 Ψαλμοῦ
1203 1919 1273 1952 κα
1285 1894 1314 1951 ’.

371 2019 492 2069 VIII.
526 2005 624 2066 “‘0
664 2006 797 2074 θεὸς
836 2004 865 2064 5
894 2005 1028 2073 θεός
1056 2030 1196 2080 μου,
1228 2004 1501 2080 πρόσσχες
1540 2031 1661 2080 μοι,
1709 2011 1861 2065 ι”νατί
1876 2031 1920 2065 20

244 2094 593 2163 ἐγκατέλιπές
623 2114 720 2165 με;
751 2089 971 2165 μακρὰν
993 2088 1101 2154 ἀπὸ
1117 2093 1213 2164 τῆς
1244 2097 1517 2167 σωτηρίας
1546 2116 1654 2165 μου
1684 2097 1742 2150 οἱ
1767 2091 1855 2150 26-

242 2199 331 2248 γοι
358 2177 472 2233 τῶν
501 2197 961 2250 παραπτωματων
990 2198 1112 2249 μου.
1173 2177 1202 2233 ὁ
1233 2174 1365 2242 θεός
1387 2200 1494 2249 μου
1524 2175 1857 2251 κεκράξομαι

197 2298 213 2319 c
245 2255 450 2335 ἡμέρας
480 2258 615 2362 πρὸς
647 2262 736 2333 σε,
768 2262 861 2317 καὶ
891 2283 994 2318 ουκ
1025 2258 1350 2334 εἰσακούσῃ
1396 2261 1488 2317 καὶ
1511 2259 1730 2334 νυκτὸς,
1762 2262 1855 2319 καὶ

243 2341 346 2403 οὐκ
391 2350 469 2412 εἰς
513 2369 711 2403 ανοιαν
753 2342 1029 2418 ἐμοί.σύ
1073 2345 1132 2402 δὲ
1164 2347 1223 2402 ἐν
1262 2342 1438 2416 ἁγίοις
1478 2358 1853 2417 κατοικεῖς,ο

243 2436 465 2498 ἔπαινος
487 2433 587 2488 τοῦ
604 2427 833 2505 Ἰσραήλ.
880 2430 968 2487 ἐπὶ
985 2431 1072 2487 σοὶ
1091 2426 1332 2502 ἤλπισαν
1353 2432 1410 2487 οι
1422 2431 1651 2504 πατέρες
1675 2425 1852 2504 ἡμων,
1875 2452 1917 2485 25

241 2511 511 2588 ἤλπισαν,
543 2516 636 2573 καὶ
670 2513 886 2590 ἐρρύσω
918 2510 1133 2580 αὐτούς.
1195 2512 1330 2588 πρὸς
1354 2515 1416 2571 σὲ
1441 2516 1739 2588 ἐκέκραξαν
1760 2515 1854 2571 καὶ

244 2597 562 2672 ἐσώθησαν·
612 2601 700 2657 ἐπὶ
732 2601 821 2657 σοὶ
850 2595 1092 2672 ἤλπισαν
1121 2602 1177 2656 οἱ
1195 2600 1424 2672 πατέρες
1453 2597 1630 2673 ἡμῶν,
1662 2600 1753 2656 καὶ
1785 2594 1853 2656 ού

242 2682 726 2758 κατῃσχύνθησαν.
787 2688 836 2741 2.
866 2681 972 2756 ἐγώ
1004 2684 1071 2740 δέ
1090 2688 1199 2756 εἰμι
1230 2681 1473 2757 σκώληξ,
1504 2684 1596 2740 καὶ
1626 2679 1728 2741 οὐκ
1757 2679 1854 2740 ἅν-

356 2878 380 2916 2
411 2875 480 2918 Jo.
503 2878 546 2929 4,
572 2879 639 2920 10.
814 2879 868 2919 20
898 2879 972 2919 Ps.
995 2879 1064 2928 21,
1089 2879 1126 2917 1.
