1992 3186
579 135 888 176 DEMONST.
922 135 1144 178 EVANG.
1178 137 1234 179 x.
1266 137 1305 179 8.
1636 134 1741 188 659

128 261 388 324 θρωπος,
436 247 651 317 ὄνειδος
691 249 1014 325 ἀνθρώπων
1065 253 1157 308 καὶ
1202 254 1542 325 ἐξουδένημα
1581 256 1736 310 λαοῦ.

128 333 332 402 πάντες
362 338 421 392 oc
456 337 806 408 θεωροῦντές
844 360 912 408 με
945 334 1376 410 ἐξεμυκτήρισάν
1405 359 1499 410 με,
1543 336 1740 409 ἐλάλη-

129 439 234 477 σαν
266 423 327 477 ἐν
357 427 617 493 χείλεσιν,
650 422 914 492 ἐκίνησαν
944 418 1220 493 κεφαλὴν,
1254 418 1487 493 ἤλπισεν
1518 423 1606 478 ἐπὶ
1638 421 1740 478 κύ-

129 528 278 577 ριον,
312 503 580 578 ῥυσάσθω
612 502 815 577 αὐτὸν,
847 503 1077 562 σωσάτω
1109 503 1305 577 αὐτὸν,
1337 502 1419 562 ὅτι
1449 507 1604 563 θέλει
1636 504 1739 563 αύ-

84 614 103 645 5
126 587 239 646 τόν.
300 587 384 646 ὅτι
426 587 497 646 σύ
542 588 594 645 εἷ
631 587 660 645 ὁ
694 587 970 655 ἐκσπάσας
1009 612 1078 661 με
1119 592 1179 646 ἐκ
1208 590 1472 662 γαστρὸς,
1520 589 1554 662 ἡ
1589 593 1739 657 ἐλπίς
1766 614 1788 646 d

125 698 232 746 μου
262 671 626 746 άπόμαστῶν
664 677 760 746 τῆς
789 672 992 748 μητρός
1021 698 1143 746 μου.
1217 677 1307 731 ἐπὶ
1337 675 1400 732 σὲ
1432 679 1741 749 ἐπερρίφην
1796 696 1800 699 ⁴

127 762 188 815 ἐκ
216 757 452 832 μήτρας,
487 755 594 814 ἀπὸ
625 756 860 832 γαστρὸς
889 758 1091 831 μητρός
1120 782 1227 832 μου
1266 756 1400 825 θεός
1429 783 1537 833 μου
1569 760 1621 817 εἷ
1647 759 1734 817 σύ.

124 842 198 915 μὴ
229 839 471 917 ἀποστῇς
494 840 590 900 ἀπ’
623 845 777 916 ἐμοῦ,
808 842 891 899 ὅτι
921 850 1115 910 θλῖψις
1140 842 1323 916 ἐγγὺς,
1354 840 1436 901 ὅτι
1461 841 1562 901 οὐκ
1587 851 1740 902 ἔστιν

124 926 152 983 ὁ
185 930 431 1000 βοηθῶν.
492 931 540 984 3.
575 926 1031 999 περιεκύκλωσάν
1061 950 1128 1000 με
1145 926 1338 1001 μόσχοι
1362 931 1574 1001 πολλοὶ,
1605 931 1740 985 ταῦ-

61 1035 99 1066 10
125 1035 210 1084 ροι
241 1018 429 1078 πίονες
459 1014 751 1084 περιέσχον
780 1035 864 1085 με.
934 1009 1173 1084 ἤνοιξαν(
1207 1010 1292 1068 ἐπ’
1329 1014 1420 1086 ἐμὲ
1461 1011 1522 1070 τὸ
1566 1011 1738 1087 στόμα

125 1095 340 1167 αὐτῶν,
374 1092 448 1162 ὦς
478 1099 622 1154 λέων
645 1095 903 1170 ἁρπάζων
925 1099 1018 1153 καὶ
1042 1094 1371 1170 ὦρυόμενος.
1429 1096 1558 1154 ὡσεὶ
1582 1095 1738 1172 ὕδωρ

125 1178 415 1254 ἐξεχύθην,
447 1183 540 1237 καὶ
574 1186 979 1255 διεσκορπίσθη
1002 1180 1183 1238 πάντα
1205 1180 1271 1238 τὰ
1300 1178 1436 1238 ὀστᾶ
1465 1206 1587 1255 μου.
1623 1185 1737 1255 ἐγε-

85 1264 273 1340 ’νήθη
314 1264 347 1339 ἡ
389 1271 591 1340 καρδία
631 1289 739 1338 μου
783 1260 914 1323 ὡσεὶ
959 1266 1124 1339 κηρὸς
1165 1264 1464 1339 τηκόμενος
1498 1269 1557 1323 ἐν
1587 1269 1737 1343 μέσῳ

121 1354 218 1422 τῆς
248 1357 458 1416 κοιλίας
489 1374 613 1423 μου.
670 1348 948 1424 ἐξηράνθη
973 1346 1046 1418 ὥς
1069 1347 1395 1425 ὅστρακονὴ
1423 1350 1580 1424 ἰσχύς
1609 1374 1735 1424 μου,

58 1456 99 1488 15
122 1437 214 1491 καὶ
243 1431 279 1508 ἡ
312 1434 537 1507 γλῶσσά
578 1459 686 1508 μου
724 1433 1048 1507 κεκόλληται
1091 1437 1169 1512 τῷ
1208 1435 1451 1508 λάρυγγί
1474 1460 1612 1508 μου,
1644 1438 1736 1492 καὶ
1759 1463 1846 1506 [305]

123 1525 200 1586 εἰς
230 1523 368 1593 χοῦν
405 1517 657 1578 θανάτου
696 1518 998 1592 κατήγαγές
1038 1542 1120 1593 με.
1190 1516 1273 1576 ὅτι
1315 1518 1636 1577 ἐκύκλωσαν
1664 1545 1733 1594 με
1759 1548 1849 1588 (490)

121 1602 285 1670 κύνες
306 1606 520 1676 πολλοὶ,
544 1604 842 1677 συναγωγὴ
856 1606 1321 1678 πονηρευομένων
1343 1606 1635 1679 περιέσχον
1650 1628 1734 1678 με.

120 1693 167 1745 4.
203 1686 425 1762 ὤρυξαν
465 1686 652 1762 χεῖράς
691 1712 800 1762 μου
840 1691 933 1745 καὶ
962 1687 1139 1756 πόδας
1178 1713 1315 1762 μου,
1358 1691 1738 1763 ἐξηρίθμησαν

120 1772 300 1830 πάντα
329 1771 396 1830 τά
425 1771 560 1830 ὀστᾶ
590 1797 712 1846 μου.
788 1770 946 1831 αὐτοὶ
987 1774 1048 1830 δὲ
1079 1773 1421 1847 κατενόησαν
1459 1775 1550 1830 καὶ
1583 1778 1737 1831 ἐπεῖ-

57 1877 97 1910 20
124 1856 228 1916 δόν
257 1874 346 1930 με·
397 1862 782 1931 διεμερίσαντο
811 1857 880 1914 τὰ
911 1856 1096 1930 ἱμάτιά
1127 1882 1234 1931 μου
1260 1860 1496 1930 ἑαυτοῖς,
1529 1860 1736 1915 καὶ-ἐπὶ

119 1942 216 1999 τὸν
249 1941 541 2016 ἱματισμόν
569 1966 677 2016 μου
710 1948 912 2014 ἔβαλον
942 1946 1165 2016 κλῆρον.
1228 1940 1299 2000 σύ
1332 1944 1420 2015 δὲ,
1453 1942 1628 2016 κύριε,
1660 1941 1735 2016 μὴ

119 2025 408 2101 μακρύνης
437 2025 539 2100 τὴν
569 2025 844 2134 βοήθειάν
873 2051 1010 2101 μου,
1054 2033 1130 2094 εἰς
1161 2027 1263 2099 τὴν
1294 2024 1597 2100 άντίληψίν
1627 2051 1735 2100 μου

119 2110 406 2186 πρόσσχες.
452 2116 618 2215 ρῦσαι
640 2109 747 2169 ἀπὸ
773 2115 1048 2186 ρομφαίας
1072 2136 1174 2184 την
1197 2111 1384 2214 ψυχήν
1406 2136 1534 2186 μου,
1559 2114 1651 2169 καὶ
1677 2115 1735 2168 ἐκ

119 2193 297 2271 χειρὸς
335 2195 503 2263 κυνὸς
540 2196 642 2269 τὴν
682 2202 957 2270 μονογενῆ
1000 2221 1123 2270 μου.
1186 2196 1370 2254 σῶσόν
1409 2220 1476 2270 με
1518 2200 1578 2254 ἐκ
1609 2195 1737 2254 στό-

54 2297 95 2330 25
118 2304 285 2354 ματος
326 2283 578 2354 λέοντος,
619 2282 712 2338 καὶ
757 2279 864 2338 ἀπὸ
904 2279 1155 2354 κεράτων
1194 2279 1593 2353 μονοκερώτων
1632 2278 1734 2351 τὴν
1759 2303 1781 2335 b

118 2370 460 2422 ταπείνωσίν
497 2389 620 2438 μου.
699 2368 748 2421 5.
795 2364 1123 2438 διηγήσομαι
1161 2363 1221 2421 τό
1262 2362 1436 2437 ὄνομά
1477 2385 1580 2420 σου
1620 2378 1734 2429 τοῖς

119 2448 386 2521 ἀδελφοῖς
424 2471 561 2522 μου,
609 2453 669 2506 ἐν
718 2451 868 2525 μέσῳ
922 2453 1212 2520 ἐκκλησίας
1258 2446 1491 2520 ὑμνήσω
1530 2467 1607 2505 σε.
1681 2452 1738 2505 οἱ

120 2530 460 2605 φοβούμενοι
510 2530 607 2590 τὸν
658 2531 855 2606 κύριον
907 2534 1161 2590 αἰνέσατε
1217 2529 1414 2589 αὐτόν·
1482 2529 1633 2588 ἅπαν
1671 2531 1731 2588 τὸ

120 2619 335 2690 σπέρμα
360 2613 553 2690 Ἰακώβ
587 2614 851 2684 δοξάσατε
882 2613 1066 2674 αὐτόν.
1122 2615 1540 2689 φοβηθήτωσαν
1563 2613 1734 2674 αὐτὸν

56 2729 98 2762 30
120 2699 271 2759 ἅπαν
315 2699 374 2758 τὸ
416 2705 631 2775 σπέρμα
657 2699 900 2775 Ἰσραὴλ,
946 2699 1031 2758 ὅτι
1062 2699 1164 2758 οὐκ
1197 2702 1570 2769 ἐξουδένωσεν
1599 2698 1734 2758 οὐδὲ

119 2783 474 2859 προσώχθισε
511 2789 577 2859 τῇ
619 2784 804 2857 δεήσει
844 2789 940 2842 τοῦ
972 2788 1218 2858 πτωχοῦ,
1259 2782 1394 2843 οὐδὲ
1423 2783 1733 2858 ἀπέστρεψε

121 2867 180 2927 τὸ
211 2868 510 2943 πρόσωπον
541 2867 712 2927 αὑτοῦ
744 2867 839 2926 ἀπ’
878 2873 1042 2943 ἐμοῦ,
1084 2870 1175 2926 καὶ
1208 2873 1268 2927 ἐν
1297 2873 1374 2947 τῷ
1403 2871 1732 2944 κεκραγέναι

1325 2962 1435 3014 42*
