1946 3158
563 106 868 150 DEMONST.
899 106 1118 150 EVANG.
1152 105 1240 148 111.
1276 108 1318 149 -2,
1645 103 1743 156 151

131 222 365 290 Ἀκύλας
395 219 746 298 ἡρμήνευσεν
786 221 959 290 οὕτως
990 221 1020 242 “
1043 225 1135 280 καὶ
1178 219 1630 296 ἀναρρηθήσεται
1671 220 1744 290 ὡς

137 307 484 382 τιθιζόμενον
526 314 604 376 εἰς
643 306 945 381 πρόσωπον
985 304 1184 381 αὐτοῦ,
1239 309 1331 364 καὶ
1374 303 1448 374 ὥς
1490 311 1612 382 ῥίζα
1635 305 1744 364 ἀπὸ

137 397 236 466 γῆς
276 389 532 466 άβάτου.”
598 389 627 450 6
669 394 729 449 δε
775 388 1152 450 Θεοδοτίων“
1159 394 1251 450 καὶ
1292 389 1629 499 ἀναβήσεται
1671 390 1744 458 ὡς

135 476 378 551 θηλάζον
403 475 642 535 ἐνώπιον
675 475 867 549 αὐτοῦ,
899 479 991 534 καὶ
1023 475 1096 545 ὡς
1127 481 1246 552 ῥίζα
1279 479 1339 534 ἐν
1367 481 1438 550 γῇ
1474 473 1742 551 διψώσῃ.”

93 586 114 618 5
262 566 345 620 50.
393 559 506 619 Δια
544 587 649 636 γαρ
689 560 902 620 τούτων
939 560 1326 636 μνημονεύσας
1374 559 1403 618 6
1455 558 1739 634 προφήτης

134 649 234 704 τοῦ
258 653 551 721 βραχίονος
580 651 678 704 τοῦ
708 653 935 721 κυρίου,
975 643 1035 712 ὃς
1075 647 1148 718 ἠν
1185 642 1213 703 6
1254 648 1354 703 τοῦ
1393 649 1533 704 θεοῦ
1564 644 1742 717 λόγος,

136 730 375 790 ἐνώπιον
406 728 597 804 αὐτοῦ,
628 733 820 804 φησὶν,
852 727 1260 803 άνηγγείλαμεν
1291 727 1364 798 ὥς
1387 735 1614 787 παιδίον
1642 740 1839 803 &vy-[2311

135 815 297 885 λάζον
327 817 418 873 καὶ
450 814 818 888 τιθιζόμενον,
850 817 940 871 καὶ
973 811 1045 882 ὦς
1069 819 1227 890 ῥίζαν
1256 813 1363 872 ἀπὸ
1394 819 1492 887 γῆς
1514 813 1741 886 ἀβάτου.

134 899 194 958 τὸ
224 901 326 974 μὲν
356 892 459 957 οὖν
483 905 709 957 παιδίον
747 893 807 957 v&
838 898 1187 973 τιθιζόμευον
1225 902 1319 956 καὶ
1358 898 1602 972 θηλάζον
1643 897 1740 955 ἄν-

72 1008 114 1040 ιο
135 1009 324 1058 τικρυς
353 981 455 1057 τὴν
485 986 706 1057 γένεσιν
729 985 830 1043 τοῦ
849 990 1091 1058 Χριστοῦ
1106 982 1333 1058 δηλοῖ,ἡ
1368 984 1429 1041 δὲ
1459 987 1528 1056 γῆ
1553 979 1746 1056 ἡᾶβα-

133 1094 224 1136 τος
254 1071 345 1126 καὶ
379 1072 600 1137 διψῶσα
638 1069 741 1142 τὴν
780 1067 1181 1142 ἀποκυήσασαν
1222 1065 1393 1126 αὐτὸν
1436 1070 1741 1142 παρθένον,

132 1146 169 1229 ’ᾗ
201 1152 389 1220 οὐδεὶς
430 1151 574 1228 ἀνὴρ
609 1155 958 1227 ἐπιβέβηκεν,
999 1152 1101 1226 ἀφ’
1147 1145 1214 1227 ἧς
1275 1160 1473 1226 καίπερ
1533 1151 1743 1225 ἀβάτου
1763 1179 1831 1218 (93)

133 1237 514 1312 τυγχανούσης
554 1241 842 1312 προῆλθεν
881 1235 915 1311 ἡ
966 1234 1308 1313 εὐλογημένη
1351 1242 1503 1313 ῥίζα,
1546 1239 1638 1294 καὶ
1683 1236 1742 1294 τὸ

134 1321 483 1395 τιθιζόμενον
525 1325 618 1380 καὶ
660 1322 904 1396 θηλάζον
944 1329 1185 1382 παιδίον.
1261 1327 1345 1380 51.
1388 1318 1528 1380 ἄλλα
1572 1325 1743 1380 ταῦτα

72 1430 114 1464 ι5
135 1431 237 1480 μεν
270 1408 709 1480 ἐπεσκιασμένως
739 1404 992 1482 ᾐνίξατο
1024 1405 1368 1482 γυμνότερον
1411 1408 1473 1464 δε
1513 1405 1542 1464 6
1581 1403 1743 1472 αὐτὸς

136 1488 432 1564 ἑρμηνεῦει
475 1489 761 1565 προφήτης
800 1493 902 1566 τὴν
941 1490 1194 1550 διάνοιαν
1237 1492 1377 1550 ἐπαν
1414 1490 1592 1565 λέγῃ“
1598 1485 1743 1548 ἰδοῦ

132 1574 167 1648 ἡ
200 1576 481 1649 παρθένος
506 1579 567 1633 ἐν
596 1578 791 1650 γαστρὶ
821 1574 1073 1649 λήψεται,
1104 1579 1197 1633 καὶ
1218 1578 1425 1644 τέξεται
1455 1581 1611 1647 υιον,
1652 1578 1745 1632 καὶ

133 1660 427 1717 καλέσουσι
455 1659 515 1717 τὸ
545 1657 720 1733 ὄνομα
750 1658 924 1718 αὐτοῦ
953 1658 1084 1733 μεθ’
1119 1659 1278 1735 ἡμῶν
1307 1659 1334 1718 6
1367 1658 1546 1727 θεόςῖ’
1581 1664 1743 1717 τοῦτο

133 1744 236 1818 γαρ
268 1742 562 1817 ἑρμηνεύει
590 1743 650 1802 τὸ
676 1744 1039 1818 Ἐμμανουήλ.

67 1852 111 1886 20
261 1833 345 1886 52.
404 1832 642 1886 Τοιαῦτα
671 1832 800 1903 περὶ
830 1832 926 1903 τῆς
968 1835 1047 1897 εἰς
1089 1826 1427 1902 ἀνθρώπους
1470 1831 1743 1901 γενέσεως
1771 1853 1791 1884 b

131 1915 229 1970 τοῦ
280 1917 522 1988 Χριστοῦ
562 1913 733 1973 πάλαι
762 1912 1033 1988 πρότερον
1077 1910 1211 1988 παρ’
1240 1909 1514 1988 Ἑβραίοις
1557 1917 1738 1988 ἐμελε-

132 2000 275 2056 τᾶτο.
335 1997 409 2071 μή
440 2023 491 2056 τι
521 1990 626 2057 οῦν
657 1998 913 2068 ἐπίδοξόν
941 2023 1067 2057 τινα
1104 1997 1422 2071 δυνάστην,
1461 1995 1495 2071 ἢ
1538 1997 1745 2071 τύραν-

132 2106 252 2156 νον,
284 2079 319 2155 ἤ
348 2106 473 2141 τινα
502 2081 680 2151 άλλως
710 2087 823 2142 τῶν
855 2083 922 2141 τὰ
953 2082 1164 2158 μεγάλα
1194 2108 1333 2144 κατα
1354 2083 1450 2141 τὸν
1480 2089 1607 2155 βίον
1640 2088 1742 2140 δυ-

133 2168 417 2240 ναμένων,
460 2166 558 2226 τὸν
596 2167 1089 2242 προφητευόμενον
1143 2167 1602 2242 ὑπογράφουσιν;
1642 2166 1744 2225 οὐκ

67 2274 112 2308 25
133 2255 284 2310 ἔστιν
327 2257 526 2325 εἰπεῖν,
551 2250 635 2310 ὅτι
662 2254 803 2326 μηδὲ
822 2252 1002 2327 ἐφάνη
1033 2255 1291 2321 τοιοῦτος.
1356 2257 1442 2311 53.
1474 2250 1594 2310 ἀλλ’
1631 2249 1744 2320 οἷος

135 2334 314 2410 ἐφάνη
334 2342 409 2413 τῷ
441 2342 567 2414 βίῳ,
578 2343 830 2396 τοιοῦτον
853 2334 1024 2397 αὐτὸν
1053 2340 1144 2395 καὶ
1164 2340 1470 2396 ἐθέσπισαν
1494 2343 1741 2407 ἔσεσθαι,

133 2424 229 2492 τῆς
259 2419 527 2493 ἀληθείας
558 2420 675 2480 κατ’
709 2419 878 2480 οὐδὲν
921 2419 1392 2496 ἀπολελειμμένοι.
1466 2420 1639 2480 εἰπών
1680 2420 1735 2478 δ’

136 2497 239 2562 οὖν
289 2501 319 2562 6
363 2503 591 2573 ‘Ho'a'i‘ocg
628 2502 1076 2581 “οένηγγειλαμεν
1122 2506 1360 2565 ἐνώπιον
1410 2505 1609 2577 αὐτοῦ,
1670 2501 1743 2571 ὥς

137 2592 383 2662 παιδίον,
415 2588 488 2657 ὦς
519 2594 640 2665 ῥίζα
672 2595 733 2649 ἐν
762 2597 834 2666 γῇ
882 2587 1162 2665 διψώσῃ,”
1197 2593 1318 2663 ἑξῆς
1354 2590 1621 2649 συνάπτει
1651 2592 1744 2646 λε’-

71 2697 115 2731 30
138 2696 255 2745 γων
290 2667 429 2731 “ofin
459 2679 608 2733 ἔστιν
639 2675 786 2744 εἶδος
827 2675 978 2754 αὐτῷ
1019 2674 1152 2734 οὐδὲ
1186 2675 1345 2748 δόξα,
1383 2678 1473 2734 καὶ
1519 2681 1741 2749 εἴδομεν

253 2867 303 2907 16
333 2868 408 2910 Es.
434 2870 471 2917 7,
498 2870 563 2909 14.
624 2869 788 2910 Matth.
814 2872 853 2922 1,
879 2872 945 2914 23.
1122 2871 1176 2912 28
1208 2870 1286 2912 Es,
1307 2871 1375 2923 53,
1399 2872 1437 2912 2.
