1946 3158
229 129 297 180 28
910 129 1158 171 EUSEBH

230 270 316 312 τες
349 250 405 303 οὗ
440 247 563 302 λαοὶ
603 246 695 302 καὶ
728 247 943 319 ἐροῦσι,
978 248 1165 317 δεῦτε,
1208 247 1298 302 καὶ
1329 242 1627 319 ἆναβῶμεν
1667 251 1744 313 εἰς
1773 246 1834 304 τὸ

229 328 353 405 ὄρος
385 335 586 403 κυρίου
617 332 709 386 καὶ
741 335 818 396 εἰς
847 327 944 386 τὸν
974 328 1128 386 οἷκον
1157 333 1255 387 τοῦ
1285 333 1426 387 θεοῦ
1447 327 1697 402 Ἰακώβ;”

358 420 403 472 8.
445 420 540 481 Τίς
574 411 627 470 δ’
661 409 732 471 ἂν
764 422 848 486 εἴη
878 411 907 470 ὁ
940 416 999 470 ἐκ
1031 412 1187 471 Σιών
1225 413 1621 489 προεληλυθώς
1651 412 1836 489 νόμος,

232 501 412 573 ἕτερος
454 495 532 555 ὢν
571 502 669 555 τοῦ
712 500 800 554 ἐπὶ
840 501 935 570 τῆς
975 496 1182 572 ἐρήμου
1236 498 1327 556 διὰ
1368 501 1620 566 Μωσέως
1661 503 1722 557 ἐν
1759 503 1838 577 τῷ

229 587 375 641 Σινᾶ
415 581 532 656 ὄρει
576 584 1117 655 νενομοθετημένου,
1173 579 1296 640 ἄλλ’
1337 580 1371 655 ἢ
1412 582 1441 640 ὁ
1485 581 1835 656 εὖαγγελικὸς
1858 608 1880 640 5

231 667 389 740 λόγος
429 666 458 723 ὁ
502 664 594 723 δια
635 669 736 724 τοῦ
775 672 1020 740 σωτῆρος
1059 665 1218 740 ἡμῶν
1243 666 1423 740 Ἰησοῦ
1465 674 1563 724 τοῦ
1595 671 1837 741 Χριστοῦ

231 754 322 808 καὶ
351 753 464 808 ταῖν
494 749 819 808 ἀποστόλων
839 748 1012 809 αὐτοῦ
1040 754 1098 808 ἐκ
1122 756 1215 825 τῆς
1241 751 1396 809 Σιών
1419 751 1837 826 προεληλυθώς,

231 838 322 893 καὶ
355 833 600 893 διελθών
639 834 820 894 πάντα
860 833 925 892 τοὶ
966 842 1133 907 ἔθνη;
1170 834 1451 909 πρόδηλον
1491 836 1595 909 γὰρ
1628 832 1700 903 ὠς
1730 835 1838 894 ἀπὸ

231 924 324 992 τῆς
369 918 727 994 Ἰερουσαλὴμ
778 922 869 977 καὶ
921 923 1020 977 τοῦ
1060 919 1233 994 ταύτῃ
1286 923 1839 994 προσπαρακειμένου

233 1003 388 1063 Σιών
417 1002 609 1076 ὅρους,
642 1010 783 1062 ἔνθα
812 1003 906 1071 τὰς
938 1011 1197 1070 πλείστας
1230 1003 1513 1078 διατριβάς
1546 1027 1604 1062 τε
1634 1007 1727 1062 καὶ
1759 1010 1839 1062 δι·
1862 1029 1903 1060 ιο

169 1094 533 1156 (ωδασκαλίας
564 1087 592 1146 ὃ
618 1088 800 1163 σωτὴρ
833 1091 926 1146 καὶ
955 1088 1142 1161 κύριος
1173 1085 1331 1162 ἡμῶν
1360 1096 1654 1162 πεποίητο,
1685 1088 1714 1147 ὁ
1744 1095 1841 1162 τῆς

233 1176 425 1246 καινῆς
471 1172 768 1282 διαθήκης
789 1169 962 1231 αὐτοῦ
1013 1173 1314 1247 ἀρξαμενος
1358 1171 1524 1246 νόμος
1575 1170 1841 1231 κακεῐθεν

233 1255 530 1332 προελθών
571 1263 647 1325 εἰς
692 1280 900 1324 παντας
943 1261 1244 1330 ἐξέλαμψεν
1294 1255 1659 1331 ἀνθρώπους,
1707 1255 1842 1316 ἀκο-

233 1340 453 1407 λούθως
483 1356 601 1409 ταῖς
634 1339 808 1400 αὐτοῦ
835 1357 1081 1443 φωναῖς,
1114 1339 1177 1409 ἃς
1209 1340 1344 1414 πρὸς
1375 1365 1503 1408 τους
1534 1339 1707 1399 αυτοῦ
1734 1367 1842 1416 μα-

233 1424 409 1499 θητάς
459 1433 722 1499 πεποίητο
773 1426 954 1500 φήσας
989 1422 1397 1501 “πορευθε’ντες
1450 1425 1838 1500 μαθητεύσατε
1861 1446 1901 1480 15

232 1509 413 1568 πάντα
451 1510 517 1567 τὰ
558 1516 727 1583 ἔθνη,
784 1509 1140 1579 διδάσκοντες
1187 1509 1388 1578 αὐτοῦς
1431 1524 1621 1585 τηρεῖν
1660 1509 1840 1568 πάντα

233 1592 335 1653 ὅσα
369 1593 725 1668 ἐνετειλάμην
756 1592 948 1668 ὑμῖν.”

360 1684 406 1736 9.
462 1685 599 1737 Τίνα
641 1681 702 1736 δὲ
742 1683 912 1738 ταῦτα
944 1671 1013 1752 ῆν
1044 1677 1163 1737 ἀλλ’
1204 1675 1237 1751 ἦ
1266 1679 1330 1736 τα
1367 1682 1461 1750 τῆς
1491 1682 1684 1752 καινῆς
1717 1684 1839 1736 δια-

163 1786 207 1828 [8]
234 1762 414 1836 θήκης
445 1762 744 1837 μαθήματά
782 1787 841 1820 τε
882 1767 973 1821 καὶ
1003 1763 1381 1836 παιδεύματα;
1426 1762 1614 1835 ἐπειδὴ
1646 1769 1842 1821 τοίνυν

233 1845 398 1904 ταῦθ’
433 1845 607 1914 οὕτως
639 1854 785 1921 ἔχειν
813 1844 1226 1918 ἀποδέδεικται,
1270 1844 1386 1920 ὥρα
1419 1851 1525 1904 νῦν
1569 1853 1712 1905 ἰδεῖν
1742 1845 1839 1906 τὸν
1861 1870 1903 1903 20

233 1929 439 2003 τρόπον
489 1935 583 2003 τῆς
624 1935 816 2003 καινῆς
865 1930 1134 2004 διαθήκης
1183 1933 1274 1988 καὶ
1323 1934 1424 1989 τοῦ
1464 1954 1838 2007 προκεκηρυγ-

233 2018 405 2088 μένον
435 2021 630 2072 καινοῦ
663 2013 900 2090 ᾄσματός
931 2039 989 2072 τε
1020 2018 1111 2072 καὶ
1143 2015 1333 2088 νόμου.

186 2117 208 2148 b
360 2111 415 2160 V.
456 2097 527 2156 ‘H
550 2100 651 2173 μὲν
685 2099 752 2172 δὴ
783 2098 989 2157 παλαια
1014 2099 1255 2172 διαθήκη
1281 2103 1371 2157 καὶ
1401 2096 1429 2158 ὁ
1463 2100 1553 2157 διὰ
1587 2102 1840 2168 Μωσέως

233 2181 399 2257 νόμος
438 2182 590 2260 μόνῳ
631 2190 707 2260 τῷ
733 2180 1018 2242 Ἰουδαίων
1060 2192 1243 2256 ἔθνει,
1285 2187 1376 2242 καὶ
1417 2183 1591 2261 τούτῳ
1625 2187 1714 2242 ἐπὶ
1743 2188 1839 2258 τῆς

234 2274 438 2334 οἰκείας
468 2274 567 2340 γῆς
597 2271 867 2341 οἰκοῦντι,
910 2267 1243 2341 κατάλληλος
1274 2266 1679 2341 ἀποδέδεικται,
1711 2267 1839 2328 οὔτε
1861 2292 1904 2326 25

186 2387 203 2408 c
238 2354 298 2409 δὲ
327 2367 440 2418 τοῖς
471 2360 682 2419 λοιποῖς
707 2358 898 2411 ἔθνεσι
921 2368 1034 2419 τοῖς
1067 2351 1200 2411 καθ’
1228 2352 1358 2427 ὅλης
1382 2358 1477 2425 τῆς
1511 2356 1839 2426 οἰκουμένης

233 2434 361 2494 οὔτε
390 2451 502 2504 τοῖς
536 2439 623 2494 ἐπὶ
646 2441 741 2510 τῆς
764 2436 1080 2510 ἀλλοδαπῆς
1103 2436 1506 2514 ἀπῳκισμένοις
1526 2434 1810 2504 Ἰουδαίοις
1827 2453 1837 2464 ·

233 2519 329 2579 τὸν
361 2522 423 2578 δὲ
462 2524 556 2594 τῆς
603 2525 795 2594 καινῆς
842 2520 1112 2595 διαθήκης
1156 2520 1360 2594 τρόπον
1400 2525 1570 2580 πᾶσιν
1610 2527 1839 2579 ἔθνεσιν

234 2609 481 2679 βιωφελῆ
511 2610 656 2679 χρῆν,
684 2605 864 2679 δήπου
889 2612 1241 2679 καταστῆναι,
1275 2602 1347 2672 ὦς
1370 2609 1633 2680 μηδαμῶς
1663 2611 1838 2679 μηδα-

234 2688 411 2762 μόθεν
434 2696 908 2764 παραποδίζεσθαι
930 2691 1056 2758 τοὺς
1081 2689 1216 2748 κατὰ
1239 2692 1434 2748 τοῦτον
1446 2688 1836 2748 πολιτεύεσθαι
1859 2714 1902 2746 30

351 2884 401 2923 15
432 2884 594 2924 Matth.
617 2886 685 2936 28,
711 2887 775 2926 19.
