1992 3186
563 103 867 147 DEMONST
899 104 1118 147 EVANG
1149 106 1321 147 V11.1.
1649 103 1757 156 489

147 219 414 295 χρόνους,
457 222 544 277 ἐπὶ
583 224 679 293 τῆς
719 225 962 322 Χριστοῦ
994 227 1300 328 παρουσίας
1334 219 1672 293 γενήσεσθαι
1702 227 1761 278 015

149 316 297 363 θεῖοι
327 307 560 379 χρησμοὶ
592 304 1000 380 προηγόρευον,
1043 330 1077 361 α
1108 307 1200 361 καὶ
1231 319 1350 371 ταῖς
1380 303 1756 380 προρρήσεσιν

148 388 474 456 ἀκολούθως
516 396 592 455 εἰς
631 393 800 463 πέρας
843 388 1079 447 ἐλθόντα
1123 407 1255 447 οσον
1286 387 1442 447 οὔπω
1473 388 1756 465 παραστή-

150 493 316 531 σεται.
393 478 440 530 5.
473 472 539 530 τά
578 498 641 546 γε
682 474 792 546 μὴν
832 484 977 531 αἴτια
1019 477 1119 532 τοῦ
1158 473 1232 547 μὴ
1276 473 1570 549 πρότερον,
1616 473 1757 530 ἀλλὰ

106 585 125 617 5
149 562 256 616 νῦν
289 555 376 615 ἐπ’
412 557 653 632 ἐσχάτων
683 562 892 631 καιρῶν
923 557 1056 631 μετὰ
1086 557 1183 615 τόν
1213 557 1425 632 μακρὸν
1456 562 1548 615 καὶ
1578 557 1757 616 πολύν

147 646 323 700 αἰῶνα
346 642 443 700 τὸν
466 642 708 716 Χριστὸν
732 646 948 716 ἐμφανῆ
971 645 1235 715 γενέσθαι
1266 650 1340 719 τῷ
1372 650 1476 719 βίω
1508 645 1755 699 λέλεκται

148 751 249 800 μεν
279 725 387 800 ἤδη
419 730 511 784 καὶ
540 730 818 803 πρόσθεν,
866 751 932 783 ου
955 727 1072 812 μὴν
1102 725 1241 783 ἄλλα
1273 730 1364 783 καὶ
1395 731 1500 784 νῦν
1534 731 1592 784 ἐν
1617 734 1756 800 βρα-

147 815 301 885 χέσιν
333 810 622 884 εἰρήσεται
667 817 714 868 6.
748 810 919 876 πολυς
942 813 1013 882 ἠν
1043 810 1214 867 παλαι
1237 810 1505 885 πρότερον
1527 837 1621 895 τας
1645 818 1756 869 τῶν

147 893 468 967 ανθρώπων
491 894 669 968 ψυχας
695 899 999 952 ἐπισκοτῶν
1030 894 1349 969 αφροσύνης
1383 898 1473 952 καὶ
1498 890 1754 969 ἀσεβείας
1781 919 1804 951 ιι

84 1008 124 1038 10
148 979 385 1053 αὐχμὸς,
430 979 586 1051 δεινή
615 1003 673 1036 τε
703 976 937 1050 ἀθεότης
969 986 1385 1052 κατακρατοῦσα
1425 984 1523 1037 τοῦ
1554 978 1756 1046 παντὸς

146 1061 467 1134 ἀνθρώπων
498 1071 644 1135 βίου,
679 1061 751 1129 ὦς
783 1065 957 1137 μηδὲν
976 1067 1088 1120 τῶν
1118 1061 1331 1135 ἀγρίων
1355 1067 1446 1120 καὶ
1470 1061 1758 1121 ἆτιθάσων

147 1154 367 1222 θηρίων
411 1151 700 1222 διαφέρειν
743 1153 957 1205 δοκεῖν·
1013 1147 1147 1222 μήτε
1186 1152 1323 1220 γοῦν
1369 1147 1580 1221 πόλεις,
1621 1147 1757 1222 μήτε

148 1239 442 1305 πολιτείας,
474 1232 610 1305 μήτε
639 1231 863 1305 νόμους,
894 1231 1030 1306 μήτε
1060 1257 1111 1289 τι
1136 1231 1340 1306 σεμνὸν
1365 1235 1455 1289 καὶ
1486 1233 1760 1306 βιωφελὲς

150 1316 384 1387 εἰδότες,
416 1318 556 1390 μηδὲ
585 1316 695 1390 μὴν
727 1316 1022 1390 ἐπιστήμας
1053 1319 1144 1374 καὶ
1175 1319 1369 1390 τέχνας
1402 1321 1462 1375 ἐν
1492 1321 1572 1394 νῷ
1601 1319 1760 1374 τιθέ-

86 1427 125 1459 15
147 1424 303 1474 μενοι
333 1399 527 1473 ἀρετῆς
557 1424 616 1457 τε
647 1403 738 1458 καὶ
769 1408 1099 1474 φιλοσοφίας
1123 1399 1245 1458 οὐδ’
1284 1407 1359 1467 είς
1393 1407 1616 1458 ἔννοιαν
1647 1400 1760 1458 ι’όν-

148 1508 266 1556 τες,
306 1485 500 1558 μόναις
544 1483 631 1541 ἐπ’
682 1489 928 1558 ἐρημίαις
969 1492 1030 1542 ἔν
1068 1510 1125 1542 τε
1155 1483 1306 1558 ὄρεσι
1348 1488 1438 1541 καὶ
1470 1492 1758 1557 σπηλαίοις

149 1571 240 1626 καὶ
282 1593 490 1642 κωμαις
530 1594 624 1636 τας
659 1569 941 1643 διατριβας
974 1572 1286 1641 ἐποιοῦντο,
1319 1568 1761 1644 λῃστρικώτερον

151 1657 521 1726 ἐπιτιθέμενοι
562 1668 676 1719 τοις
717 1653 1103 1726 πλησιαζουσι,
1153 1660 1467 1724 πορίζοντες
1517 1678 1584 1710 τα
1623 1653 1757 1726 πρὸς

147 1736 207 1794 τὸ
240 1742 337 1810 ζῆν
366 1737 469 1794 οὐκ
492 1736 733 1795 ἄλλοθεν
759 1735 883 1795 ἀλλ’
919 1735 950 1810 ἢ
977 1742 1035 1795 ἐκ
1058 1741 1153 1810 τῆς
1177 1741 1288 1794 τῶν
1311 1740 1760 1811 καταδεεστέρων

84 1847 124 1879 20
148 1827 634 1887 καταδυναστείας.
689 1827 733 1880 7.
762 1820 900 1879 ἄλλα
931 1821 1042 1895 μὴν
1058 1819 1191 1879 οὐδὲ
1214 1820 1352 1879 θεὸν
1374 1816 1470 1879 τὸν
1498 1824 1584 1878 ἐπὶ
1616 1820 1757 1881 πάν-

147 1930 260 1963 των
290 1905 518 1980 ᾔδεσαν,
550 1905 688 1963 οὐδέ
714 1931 775 1979 γε
808 1904 1090 1979 εὐσεβείας
1111 1902 1358 1978 αληθοῦς
1391 1905 1615 1979 τρόπον,
1647 1930 1759 1979 φυ-

150 2004 329 2056 σικαῑς
361 1992 421 2047 δε
454 1995 691 2058 ἐννοίαις
722 1989 1152 2064 ανακινούμενοι
1182 1989 1242 2047 τὸ
1272 2016 1374 2063 μεν
1397 1987 1668 2063 ὑπάρχειν
1701 1994 1759 2046 ἐν

149 2089 261 2140 τοῖς
293 2067 416 2132 οὖσι
447 2083 615 2132 θείαν
645 2100 768 2133 τινα
802 2075 1043 2149 δύναμιν
1066 2077 1158 2132 και
1178 2074 1318 2132 θεὸν
1342 2076 1483 2132 εἶναι
1515 2077 1607 2131 καὶ
1636 2073 1757 2132 ὀνο·
1784 2102 1875 2141 (364)

147 2157 416 2232 μαζεσθαι
447 2158 718 2232 σωτήριόν
748 2184 806 2218 τε
837 2163 928 2217 καὶ
959 2158 1313 2234 εὐεργετικὴν
1335 2183 1630 2232 τυγχανειν
1660 2159 1759 2230 τὴν

86 2266 127 2298 25
150 2250 527 2316 προσηγορίαν
557 2243 832 2317 αὐτοφυεϊ
861 2250 1191 2318 διδασκαλία
1216 2242 1667 2316 συνωμολόγουν,
1699 2242 1759 2299 τὸ

153 2328 213 2383 δὲ
254 2326 327 2399 μὴ
368 2325 500 2384 ἄλλο
544 2352 595 2384 τι
635 2336 878 2401 νομίζειν
917 2324 951 2401 ἢ
990 2328 1088 2385 τὸν
1135 2331 1388 2385 ἐπέκεινα
1420 2323 1635 2398 ἁπάσης
1664 2332 1759 2397 τῆς

151 2405 432 2482 ὃρωμένης
473 2409 664 2477 οὐσίας
708 2409 904 2470 οὐκέθ’
947 2409 1059 2469 οἷοί
1093 2434 1151 2468 τε
1181 2403 1325 2483 ἦσαν
1365 2408 1754 2482 ἀποδέχεσθαι.

154 2497 199 2548 8.
235 2493 426 2566 διόπερ
457 2500 514 2551 οὗ
538 2495 639 2567 μὲν
672 2495 857 2553 αὐτῶν
889 2494 919 2515 “
932 2493 1321 2567 ἐσεβάσθησαν
1360 2496 1452 2551 καὶ
1495 2492 1753 2564 ἐλάτρευ-
1783 2519 1876 2562 [226]

155 2595 261 2632 σαν
289 2582 355 2650 τῇ
387 2584 558 2635 κτίσει
590 2578 738 2651 παρὰ
768 2579 864 2637 τὸν
895 2585 1186 2650 κτίσαντα,
1232 2582 1286 2634 οἱ
1321 2578 1384 2634 δὲ
1419 2575 1758 2650 ἐματαιώθη-

90 2682 130 2714 30
154 2678 259 2717 σαν
306 2663 365 2716 ἐν
407 2675 520 2727 τοῖς
567 2667 942 2736 διαλογισμοῖς
988 2661 1202 2733 αὐτῶν,
1249 2664 1340 2718 καὶ
1392 2664 1686 2734 ἐσκοτίσθη
1725 2660 1758 2734 ἡ

269 2855 321 2894 28
353 2854 480 2894 Rom.
508 2857 542 2904 1,
569 2856 621 2894 25
646 2858 691 2895 et
713 2857 779 2895 ⁶21.
