1992 3186
580 89 889 130 DEMONST.
920 89 1140 131 EVANG.
1174 90 1230 130 x.
1262 91 1303 133 4.
1648 88 1753 140 647

139 213 280 276 ξατο.
346 209 427 261 12.
460 210 519 262 οἱ
544 205 606 261 δὲ
637 201 908 278 ἀρχιερεῖς
927 204 1190 278 λαβόντες
1211 203 1278 262 τα
1305 203 1545 278 ἀργύρια
1570 205 1753 279 εἶπαν,

139 290 244 349 οὐκ
275 295 390 347 ἔστι
429 296 625 362 βαλεῖν
667 286 807 346 αὐτὰ
850 296 928 364 εἰς
967 289 1064 347 τὸν
1105 293 1417 363 κορβανᾶν,
1461 291 1579 346 ἐπεὶ
1624 290 1751 363 τιμὴ

141 373 368 449 αἵματός
411 377 573 431 ἐστιν.
638 373 1004 447 >συμβούλιον
1058 374 1119 430 δὲ
1166 372 1431 446 λαβόντες
1470 372 1754 447 ἠγόρασαν

143 463 196 528 ἐξ
227 457 413 518 αὐτῶν
442 458 539 516 τὸν
568 456 741 532 ἀγρὸν
770 463 868 516 τοῦ
899 459 1176 532 κεραμέως
1209 465 1285 526 εἰς
1315 457 1499 532 ταφὴν
1525 472 1640 525 τοῖς
1671 462 1752 527 ξέ-
1777 485 1866 525 (481)

95 566 119 600 5
142 568 273 610 νοις.
358 542 442 599 διὸ
496 542 704 615 ἐκλήθη
760 541 788 600 ὁ
839 541 1007 616 ἀγρὸς
1053 546 1261 610 ἐκεῖνος
1313 542 1481 618 ἀγρὸς
1529 549 1755 616 αἳματος

140 632 242 695 ἕως
283 633 378 700 τῆς
419 626 663 701 σήμερον
703 624 923 701 ἡμέρας.
993 626 1116 684 τότε
1148 626 1447 701 ἐπληρώθη
1487 626 1547 684 τὸ
1579 629 1757 701 ῥηθὲν

141 710 234 770 δια
256 711 520 785 Ἱερεμίου
551 715 650 769 τοῦ
680 711 968 786 προφήτου
998 713 1284 784 λέγοντος,
1328 715 1419 768 καὶ
1458 717 1660 784 ἔλαβον
1689 712 1756 770 τὰ

139 795 435 871 τριάκοντα
476 794 742 870 ἀργύρια,
788 796 890 868 τὴν
929 794 1091 869 τιμὴν
1120 799 1220 853 τοῦ
1259 799 1649 870 τετιμημένου,
1691 794 1757 854 ὃν

142 881 466 955 ἐτιμήσαντο
511 876 620 937 απὸ
660 885 803 939 υἱῶν
825 879 1067 955 Ἰσραὴλ,
1109 883 1200 938 καὶ
1242 886 1460 938 ἔδωκαν
1504 880 1645 938 αὐτὰ
1677 888 1755 948 εἰς

76 989 118 1021 ιο
141 965 238 1024 τὸν
267 959 442 1038 ἀγρὸν
470 971 568 1022 τοῦ
599 967 896 1039 κεραμέως,
927 963 1076 1023 καθα
1100 966 1364 1033 συνέταξέ
1389 989 1480 1038 μοι
1505 963 1754 1038 κύριος.”

143 1055 222 1107 13.
257 1056 399 1107 ἔνθα
439 1052 531 1106 καὶ
573 1049 910 1122 ἐπιστήσεις,
952 1052 1070 1107 ἐπεὶ
1111 1049 1184 1122 μὴ
1225 1053 1398 1108 ταῦτα
1437 1052 1662 1123 φέρεται
1695 1053 1757 1108 ἐν

138 1140 204 1208 τῇ
235 1138 334 1192 τοῦ
356 1133 621 1207 Ἱερεμίου
653 1140 979 1210 προφητεία,
1014 1144 1121 1192 εἴτε
1143 1132 1246 1208 χρὴ
1267 1133 1538 1192 ὑπονοεῖν
1559 1157 1756 1209 περιη-

138 1223 347 1291 ρῆσθαι
378 1217 520 1276 αὐτὰ
552 1222 606 1286 ἐξ
638 1219 808 1290 αὐτῆς
848 1218 985 1276 κατά
1013 1243 1138 1276 τινα
1169 1223 1565 1294 ῥᾳδιουργίαν,
1597 1214 1631 1291 ἢ
1663 1221 1751 1276 καὶ
1777 1246 1800 1278 b

139 1301 367 1376 σφάλμα
396 1302 673 1377 γραφικὸν
695 1306 1002 1376 γεγονέναι,
1032 1306 1144 1361 τῶν
1167 1301 1532 1377 ἀμελέστερον
1555 1303 1621 1360 τὰ
1643 1307 1763 1361 τῶν·

43 1400 46 1403 “
75 1409 117 1441 15
143 1391 311 1461 ἱερῶν
336 1386 678 1460 εὐαγγελίων
701 1385 1016 1463 ἀντίγραφα
1038 1390 1427 1460 πεποιημένων
1450 1391 1757 1461 σφαλέντος

140 1471 316 1544 τινὸς,
358 1475 449 1530 καὶ
481 1471 606 1529 ἀντὶ
636 1474 737 1544 μὲν
775 1475 874 1530 τοῦ
903 1478 1181 1573 Ζαχαρίου
1204 1471 1471 1545 Ἱερεμίαν
1509 1471 1755 1530 τεθεικό-

139 1581 258 1628 τος,
301 1581 374 1623 ως
420 1560 549 1613 δέον
588 1581 760 1623 ουτως
801 1553 1264 1630 ἀναγεγράφθαιε
1268 1553 1414 1613 τότε
1455 1555 1756 1630 ἐπληρώθη

139 1639 200 1698 τὸ
232 1641 409 1714 ρηθεν
451 1639 542 1697 δια
574 1646 854 1714 Ζαχαρίου
893 1644 995 1698 τοῦ
1020 1637 1369 1743 προφήτου,”
1402 1637 1524 1699 ἀντὶ
1568 1642 1629 1698 δε
1659 1646 1757 1698 τοῦ

133 1722 264 1782 “acal
308 1727 572 1796 ἐνέβαλον
614 1723 813 1791 αὐτοὺς
866 1732 942 1793 εἰς
979 1725 1075 1783 τὸν
1114 1725 1268 1783 οἷκον
1307 1731 1535 1834 κυρίου,
1579 1731 1656 1792 εἰς
1695 1725 1756 1782 τὸ

75 1831 118 1863 20
141 1806 567 1883 χωνευτήριον,”
607 1811 962 1882 ε’σφαλμένως
990 1810 1351 1882 πεποιηκότος
1391 1808 1506 1867 ‘uoci
1539 1815 1757 1868 ἔδωκαν

141 1891 283 1951 αὐτοὶ
315 1899 392 1960 εἰς
422 1894 518 1950 τὸν
548 1890 721 1968 αγρὸν
751 1897 852 1951 τοῦ
881 1897 1175 1967 κεραμέως.
1288 1913 1482 1966 σαφως
1523 1892 1628 1966 γαρ
1663 1892 1756 1951 διὰ

141 2002 242 2050 μεν
281 1982 377 2049 τῆς
417 1985 757 2051 προφητείας
789 1983 866 2045 εἰς
905 1978 1002 2036 τὸν
1042 1982 1140 2035 τοῦ
1184 1985 1382 2052 κυρίου
1425 1976 1564 2035 ναὸν
1606 1982 1757 2081 ἐρρί-

141 2072 286 2134 φθαι
312 2065 526 2135 λέγεται
547 2062 606 2120 τὸ
630 2060 918 2137 ἀργύριον,
951 2066 1042 2120 καὶ
1075 2061 1146 2119 δι’
1176 2060 1350 2120 αὐτοῦ
1377 2063 1438 2120 δε
1460 2066 1563 2120 τοῦ
1580 2061 1755 2138 εὐαγ-
1779 2101 1797 2123 e

141 2153 333 2218 γελίου
380 2152 457 2213 είς
496 2147 592 2204 τὸν
634 2146 796 2206 ναόν
852 2143 1056 2221 “ρ“ίψας
1086 2146 1257 2220 γοῦν”
1304 2149 1479 2220 φησιν
1501 2145 1755 2214 “Ἰουδας

76 2251 119 2283 25
141 2229 208 2287 τὰ
238 2227 477 2304 ἀργύρια
518 2238 595 2298 εἰς
633 2231 729 2289 τὸν
758 2231 896 2289 ναὸν
934 2229 1268 2305 ἀνεχώρησε.
1278 2228 1306 2249 ”
1372 2236 1454 2289 15.
1488 2235 1580 2288 καὶ
1613 2231 1757 2296 εἰκός

141 2338 206 2386 γε
238 2318 290 2383 ἐξ,
333 2318 564 2372 ἐκείνων
602 2319 714 2372 τῶν
744 2315 1029 2389 ἀργυρίων
1069 2320 1311 2387 βέβηλον
1339 2320 1628 2387 γεγονέναι
1658 2313 1756 2371 τὸν

141 2398 299 2469 ναὸν,
331 2401 423 2455 καὶ
453 2402 856 2471 πεπληρῶσθαι
885 2398 945 2455 τὸ
968 2395 1131 2455 “ι’δού
1154 2397 1377 2471 ἀφίεται
1398 2397 1534 2471 ὑμῖν
1556 2394 1584 2455 ὁ
1608 2398 1758 2466 οἶκος

142 2477 303 2553 ὑμῶν
342 2479 593 2554 ἔρημος.”
674 2485 766 2538 καὶ
805 2481 907 2558 ὅρα
946 2505 1009 2554 γε
1058 2481 1268 2555 μήποτε
1314 2480 1688 2555 χωνευτήριον
1727 2479 1756 2540 ὁ

144 2565 292 2631 οἶκος
325 2572 523 2639 κυρίου
558 2565 649 2622 δια
679 2568 839 2623 τοῦτο
870 2568 1157 2639 κέκληται,
1192 2569 1415 2639 ἐπείπερ
1450 2565 1524 2633 ὡς
1556 2570 1616 2623 ἐν
1647 2591 1758 2640 χω-

79 2670 123 2702 3ο
145 2655 269 2724 νεία
313 2649 794 2721 μεταπλαττεσθαι
837 2647 932 2716 τας
976 2650 1154 2723 ψυχας
1203 2653 1260 2706 ἐκ
1299 2653 1394 2722 τῆς
1434 2656 1548 2707 τῶν
1578 2658 1757 2709 θείων

146 2731 326 2805 λόγων
356 2732 657 2806 πυρώσεως
690 2737 749 2791 ἐν
778 2738 854 2810 τῷ
885 2737 984 2791 τοῦ
1014 2738 1153 2791 θεοῦ
1194 2744 1327 2812 οἴκῳ
1364 2741 1689 2808 συμβαίνει,
1720 2732 1755 2808 ἢ

146 2815 323 2883 ἄλλως
353 2815 757 2892 ἀπελέγχεσθαι
787 2818 860 2892 μὴ
892 2816 1171 2893 καθαρὰς,
1205 2817 1277 2885 ὡς
1311 2823 1370 2876 ἐν
1401 2826 1754 2895 χωνευτηρίω
