1992 3186
570 108 1297 153 DEMONST.EVANG.X.z
1612 107 1713 161 657

109 226 200 286 διὰ
241 226 301 284 τὸ
345 223 725 300 μεσημβρινὸν
755 224 972 292 σκότος·
1034 228 1125 283 καὶ
1171 223 1339 283 πάλιν
1381 223 1447 283 οὐ
1489 223 1589 294 νύξ
1624 226 1715 283 διὰ

103 312 207 385 τὴν
234 314 755 384 ἐπικαταλαβοῦσαν
785 309 1016 383 ἡμέραν,
1048 306 1119 384 ἢν
1148 311 1493 385 παρέστησεν
1525 314 1717 383 ἐπιση-

104 395 416 470 μηνάμενος
433 394 523 452 διὰ
548 400 647 452 τοῦ
671 394 845 468 φάναι
856 391 1102 469 τό“πρός
1123 397 1363 464 ἑσπέραν
1373 402 1525 452 ἔσται
1548 392 1715 468 φῶς.”

104 487 187 549 τίς
220 478 273 537 δ’
307 477 409 538 οὐκ
439 476 510 538 ἂν
539 478 848 553 θαυμάσειε
878 481 970 538 καὶ
1000 483 1097 553 τῆς
1128 485 1417 554 χειμαδίου
1441 478 1600 584 ω’ρας
1615 479 1718 552 τὴν

62 588 83 622 5
105 564 357 639 μνήμην·
388 562 459 638 ἣν
489 566 579 622 καὶ
605 561 782 638 αὐτὴν
805 566 1102 644 ἐθέσπισεν
1131 560 1160 622 ὁ
1193 563 1352 637 λόγος
1382 563 1600 637 φήσας’
1605 561 1718 622 ’καὶ
1742 589 1763 621 b

105 655 279 725 ψῦχος
311 651 403 707 καὶ
435 648 607 722 πάγος
638 647 838 707 ἕσται·’
826 646 858 668 ”
919 645 950 706 ὂ
980 651 1070 706 καὶ
1112 645 1246 706 αὐτὸ
1287 645 1322 721 ἡ
1353 652 1452 707 τοῦ
1487 648 1720 722 εὐαγγε-

105 741 231 792 λίου
269 741 546 810 μαρτυρία
586 740 944 806 συνίστησιν,
986 730 1226 807 ὁπηνίκα
1269 729 1298 791 ὁ
1331 736 1542 806 Πέτρος
1587 731 1720 792 ἀκο-

106 823 335 878 λουθῶν
374 821 453 896 τῷ
474 817 683 891 Ἰησοῦ,
725 816 1121 893 περιαψάντων
1161 815 1348 891 πυράν
1379 822 1439 876 ἐν
1478 821 1547 893 τῇ
1577 815 1720 894 αὐλῇ

105 907 206 961 τοῦ
234 901 494 976 Καϊάφα,
537 900 672 976 μετὰ
710 906 823 960 τῶν
861 900 1047 960 ἄλλων
1087 907 1460 977 ἐθερμαίνετο.
1522 901 1550 960 ὁ
1583 906 1721 976 γοῦν

45 1011 84 1043 10
104 985 359 1060 Ἰωάννης
413 988 676 1060 ἄντικρυς
735 990 828 1044 καὶ
885 993 983 1046 τοῦ
1043 987 1254 1062 ψύχους
1309 986 1720 1061 ἐμνημόνευσεν

109 1073 282 1131 εἰπών
306 1068 692 1146 “effeminatam
722 1076 780 1129 οἱ
799 1076 989 1130 δοῦλοι
1013 1075 1105 1130 καὶ
1128 1077 1185 1130 οἱ
1209 1071 1477 1146 ὑπηρέται
1508 1069 1718 1146 ἄνθρα-
1743 1095 1830 1139 [304]

108 1157 234 1216 κιάν
275 1155 660 1230 πεποιηκότες,
703 1155 786 1214 ὅτι
827 1160 998 1230 ψῦχος
1029 1148 1130 1229 ἦν,
1170 1158 1262 1214 καὶ
1306 1160 1719 1230 ἐθερμαίνοντο.

110 1247 156 1301 7.
190 1244 283 1299 καὶ
312 1241 448 1315 πρὸς
487 1241 590 1315 μὲν
619 1239 719 1314 τὴν
762 1244 908 1310 λέξιν
942 1241 1197 1299 τοιούτου
1235 1243 1426 1310 τέλους
1459 1239 1722 1315 ἐτύγχανε

107 1324 173 1384 τά
227 1328 710 1401 προηγορευμένα,
765 1324 902 1399 πρὸς
942 1327 1001 1383 δὲ
1043 1324 1297 1384 διάνοιαν
1344 1323 1404 1383 τό
1443 1331 1556 1384 πᾶν
1587 1324 1723 1384 Ἰου-

47 1433 87 1466 15
111 1417 287 1469 δαίων
317 1417 502 1483 ἔθνος,
533 1414 632 1469 τοῦ
656 1418 931 1486 σωτηρίου
950 1410 1131 1484 φωτὸς
1155 1409 1344 1478 αὐτοῖς
1376 1409 1726 1490 ἐπιλάμψαν-

108 1519 229 1569 τος,
263 1494 449 1553 αὐτων
478 1519 536 1552 τε
566 1498 775 1568 μᾶλλον
804 1495 864 1552 τὸ
895 1494 1086 1562 σκότος
1117 1491 1152 1568 ἢ
1181 1495 1241 1552 τὸ
1271 1499 1390 1568 φῶς
1424 1496 1723 1568 ἑλομένων,
1748 1530 1766 1552 e

109 1577 276 1638 τοῦθ’
309 1579 444 1652 όπερ
484 1582 577 1636 καὶ
610 1585 820 1638 είλοντο
859 1585 1138 1654 μετῆλθεν
1169 1578 1396 1652 αὐτοὺς,
1438 1577 1726 1653 ἀναχωρή-

111 1685 309 1732 σαντος
338 1689 443 1738 μεν
473 1661 659 1721 αυτῶν
688 1670 786 1722 τοῦ
809 1664 1011 1737 φωτὸς,
1046 1663 1417 1737 διαλαβούσης
1437 1664 1497 1720 δε
1521 1687 1725 1731 αυτους

110 1749 308 1816 νυκτὸς
339 1745 646 1822 άφεγγοῦς,
681 1755 1067 1822 σκοτισθείσης
1099 1746 1286 1806 αὐτῶν
1323 1754 1417 1820 τῆς
1451 1754 1721 1821 διανοιάς,

49 1856 90 1889 20
113 1833 248 1906 πρὸς
278 1831 338 1890 τὸ
368 1832 442 1906 μὴ
476 1832 774 1905 διαυγάσαι
804 1833 900 1891 τὸν
938 1831 1226 1907 φωτισμὸν
1265 1838 1364 1890 τοῦ
1397 1829 1726 1905 εὐαγγελίου

115 1921 174 1975 ἐν
203 1931 322 1984 ταῖς
352 1923 606 1992 καρδίαις
640 1914 852 1991 αὐτῶν,
886 1916 1026 1975 ἀλλά
1049 1920 1140 1975 καὶ
1166 1923 1434 1991 ψυγείσης
1464 1922 1560 1989 τῆς
1590 1915 1726 1991 πρὸς

111 2000 209 2060 τὸν
238 2001 375 2060 θεὸν
405 2000 621 2075 ἀγάπης
653 1999 867 2076 αὐτῶν,
899 2001 965 2059 τὰ
989 2000 1241 2076 σύμβολα
1268 2000 1480 2060 τούτων
1504 2001 1727 2069 εἰκότως

115 2090 370 2158 ἐτελεῖτο,
405 2085 713 2160 ἐπληροῦτό
742 2111 800 2144 τε
825 2090 946 2160 ἑξῆς
969 2087 1035 2144 τὰ
1064 2090 1161 2159 τῆς
1184 2085 1559 2161 προρρήσεως,
1591 2085 1727 2144 κατὰ

113 2171 216 2243 τὴν
244 2169 467 2229 τοιάνδε
496 2174 593 2243 τῆς
623 2177 898 2244 σωτηρίου
930 2175 1253 2246 ἐπιφανείας
1283 2171 1495 2245 ἡμέραν
1524 2168 1728 2238 ὕδατος

51 2278 94 2311 25
118 2259 315 2325 ζῶντος
347 2254 668 2325 ἐξελθόντος
700 2259 754 2324 ἐξ
777 2255 1151 2331 Ἰερουσαλὴμ,
1187 2262 1266 2322 εἰς
1289 2254 1467 2313 πάντα
1490 2254 1556 2312 τὰ
1587 2262 1728 2327 ἔθνη

115 2338 490 2415 προελθόντος
512 2346 611 2398 τοῦ
632 2346 866 2413 γονίμου
889 2343 981 2397 καὶ
1003 2346 1231 2409 ζωτικοῦ
1256 2338 1424 2411 λόγου
1447 2342 1542 2410 τῆς
1567 2337 1726 2411 εὐαγ-
1751 2363 1773 2396 d

115 2430 335 2496 γελικῆς
380 2429 768 2494 διδασκαλίας,
810 2422 1119 2498 ἀρξαμένου
1163 2424 1265 2496 μὲν
1304 2421 1412 2480 ἀπὸ
1461 2426 1556 2493 τῆς
1589 2421 1727 2480 Ἰου-

121 2512 310 2580 δαίας,
342 2509 433 2564 καὶ
468 2510 520 2575 ἐξ
553 2504 721 2578 αὐτῆς
751 2531 813 2578 γε
843 2510 938 2579 τῆς
961 2505 1335 2580 Ἰερουσαλὴμ,
1369 2507 1729 2574 διαδοθέντος

40 2656 41 2659 ¹
121 2591 182 2648 δὲ
216 2597 292 2657 εἰς
323 2595 508 2648 πᾶσαν
547 2589 650 2664 τὴν
688 2594 822 2663 γῆν,
867 2593 958 2648 καὶ
990 2597 1067 2658 εἰς
1098 2589 1278 2648 πάντα
1317 2589 1382 2648 τὰ
1422 2594 1517 2663 τῆς
1548 2597 1728 2649 οἰκου-

56 2696 98 2727 30
121 2677 289 2749 μένης
334 2678 558 2748 πέρατα.
630 2680 677 2732 8.
709 2674 908 2733 τούτου
952 2676 1012 2733 δὲ
1054 2679 1152 2733 τοῦ
1189 2673 1390 2742 ὕδατος
1431 2677 1522 2732 καὶ
1565 2673 1730 2743 αὐτὸς

237 2872 284 2909 11
317 2870 574 2920 J0.18‚18.

205 2952 435 2980 Ensmzms
468 2953 546 2982 111.
1363 2937 1432 2988 42
