1992 3186
279 122 382 175 688
951 121 1202 163 EUSEBII

231 264 254 296 b
277 243 372 312 τῆς
402 241 728 311 οἰκουμένης
764 235 1088 310 ἀνθρώπων
1129 239 1384 308 ἐκλογῆς,
1426 229 1506 295 ῶν
1547 241 1609 295 αἱ
1636 236 1887 309 ἐκβάσεις

275 322 588 398 ὀφθαλμοῖς
618 319 1005 395 θεωρούμεναι
1035 319 1260 378 πάντων
1290 317 1360 376 ἂν
1382 325 1633 392 γένοιντο
1659 325 1771 379 τῶν
1796 321 1888 378 δια

277 413 374 466 τοῦ
414 409 648 478 Ψαλμοῦ
679 408 994 479 λεγομένων
1024 412 1441 478 παραστατικαί.
1508 411 1626 462 109.
1659 409 1888 480 πένητες

281 493 342 548 δὲ
372 490 540 548 πάλιν
579 489 765 563 ἡμεῖς,
807 487 903 557 οὓς
948 488 1085 546 κατὰ
1114 488 1256 548 θεὸν
1297 488 1678 562 πτωχεύοντας
1710 494 1887 563 ἐκτρέ-

278 600 405 649 φων
443 574 472 632 ὃ
512 574 780 648 σωτήριος
821 573 983 647 λόγος
1021 577 1099 651 τῷ
1138 577 1317 651 νοητῷ
1367 577 1459 631 καὶ
1499 578 1702 651 λογικῷ
1741 573 1887 652 ἄρτῳ
1912 601 1931 634 5

276 675 395 727 ταῖς
426 667 707 729 ζωοποιοῖς
736 662 849 716 τῶν
880 663 1075 732 ψυχῶν
1105 674 1336 731 τροφαῖς
1365 659 1468 731 τὴν
1498 657 1728 716 αἰώνιον
1758 657 1892 733 ἡμῖν

278 748 503 818 παρέχει
535 743 692 817 ζωήν.
757 742 843 800 διό
873 762 1047 817 φησιν
1076 742 1103 801 ὁ
1137 741 1361 816 Ψαλμὸς
1383 741 1697 816 “φοὲγονται
1727 747 1892 816 πένη-

277 853 365 896 τες
405 831 497 886 καὶ
552 826 1069 902 ἐμπλησθήσονται,
1122 831 1215 885 καὶ
1267 830 1552 905 αἰνέσουσι
1603 827 1799 902 κύριον
1839 833 1897 886 οἱ

279 916 630 986 ἐκζητούντες
670 911 873 985 αὐτὸν,
942 911 1169 985 ήσονται
1209 918 1271 969 αἱ
1315 918 1538 986 καρδίαι
1585 911 1772 969 αὐτῶν
1816 919 1893 979 εἰς

277 1002 455 1056 αἰῶνα
506 994 760 1066 αἰῶνος.”
849 1002 965 1054 110.
1007 1000 1100 1054 καὶ
1140 994 1168 1054 ὁ
1223 1000 1474 1069 ἐπίλογος
1529 998 1590 1054 δὲ
1629 1002 1724 1070 τῆς
1763 996 1892 1070 ὅλης
1915 1025 1957 1057 10

237 1118 254 1140 c
278 1089 615 1156 προφητείας
666 1081 806 1156 μετὰ
858 1081 1039 1140 πάντα
1090 1084 1368 1154 ἐπιφέρων
1420 1078 1892 1155 “ἆναγγελη’σεται

278 1171 354 1243 τῷ
396 1175 572 1243 κυρίῳ
613 1165 779 1240 γενεά
817 1163 851 1239 ἡ
895 1170 1191 1240 ἐρχομένη,
1242 1168 1333 1222 καὶ
1382 1165 1753 1239 ἀναγγελοῦσι
1791 1167 1893 1239 τὴν

279 1252 644 1325 δικαιοσύνην
675 1249 850 1310 αὐτοῦ
866 1256 981 1328 λαῷ
1005 1255 1080 1328 τῷ
1103 1253 1512 1328 τεχθησομένῷ,
1543 1248 1610 1309 ὃν
1635 1255 1893 1324 ἐποίησεν

277 1335 306 1392 ὁ
349 1335 536 1410 κύριος
577 1335 839 1410 ἄντικρυς
879 1336 976 1393 τὸν
1019 1339 1071 1404 ἐξ
1114 1338 1298 1394 ἐθνῶν
1337 1342 1696 1407 προθεσπίζει
1737 1334 1892 1407 λαὸν,

277 1423 370 1477 καὶ
401 1419 503 1493 τὴν
535 1419 626 1478 διὰ
655 1427 754 1478 τοῦ
777 1424 1020 1494 σωτῆρος
1044 1416 1201 1493 ἡμῶν
1225 1419 1402 1493 Ἰησοῦ
1427 1425 1670 1491 Χριστοῦ
1693 1423 1892 1478 συστᾶ-
1916 1447 1957 1479 15

279 1525 386 1561 σαν
419 1508 509 1562 ἐπὶ
539 1510 635 1579 τῆς
666 1510 765 1578 γῆς
795 1505 1012 1578 γενεάν.
1086 1510 1199 1561 11].
1232 1511 1314 1572 τίς
1344 1502 1451 1576 γαρ
1481 1500 1552 1562 ἂν
1583 1515 1668 1578 εἴη
1699 1501 1727 1562 ὁ
1758 1505 1893 1578 μετὰ

277 1592 451 1646 ταῦτα
491 1589 866 1663 τεχθήσεσθαι
907 1588 1200 1663 λεγόμενος
1239 1593 1318 1666 τῷ
1355 1592 1473 1666 θεῷ
1514 1588 1672 1662 λαός,
1723 1588 1892 1646 παλαι

277 1674 352 1747 μὴ
385 1698 494 1747 ων,
525 1673 659 1748 μηδ’
695 1671 948 1747 ὑφεστῶς
981 1678 1041 1731 ἐν
1070 1672 1420 1747 ανθρώποις,
1442 1672 1678 1748 ὕστερον
1709 1675 1770 1731 δε
1800 1697 1894 1747 γε·
1952 1746 1956 1750 ⁸

278 1757 484 1830 γονῶς,
515 1766 597 1826 τίς
619 1783 678 1816 τε
702 1756 735 1831 ἡ
759 1759 834 1833 μὴ
858 1760 998 1816 οὐσα
1021 1757 1160 1831 τότε,
1185 1761 1475 1862 λεγομένη
1479 1760 1541 1816 δε
1567 1757 1891 1818 ἐλεύσεσθαι

279 1843 474 1916 γενεὰ,
508 1850 556 1900 εἰ
585 1842 659 1917 μὴ
691 1843 830 1916 αὕτη
860 1868 894 1916 η
928 1842 1018 1900 δια
1049 1847 1150 1900 τοῦ
1180 1846 1424 1916 σωτῆρος
1447 1842 1605 1914 ἡμῶν
1636 1846 1696 1899 ἐν
1725 1844 1888 1899 παντὶ
1913 1869 1955 1901 20

232 1931 354 2002 dv93
386 1926 573 2005 κόσμῳ
614 1931 861 1985 συστᾶσα
904 1932 1195 2000 ἐκκλησία,
1241 1928 1331 1982 καὶ
1374 1925 1402 1981 ὁ
1444 1928 1567 1993 νέος
1608 1929 1661 1994 ἐξ
1704 1930 1890 1983 ἐθνῶν

279 2010 437 2083 λαὸς,
493 2011 581 2084 ἐφ’
641 2005 686 2087 ῷ
736 2015 828 2068 καὶ
881 2011 973 2067 δια
1008 2007 1234 2067 Ἠσαίου
1273 2008 1333 2066 τὸ
1374 2014 1591 2083 πνεῦμα
1630 2010 1689 2067 τό
1731 2009 1891 2084 ἅγιον

278 2099 673 2167 θαυμαστικῶς
712 2092 1100 2167 ἀπεφθέγξατο
1144 2096 1331 2166 φῆσαν
1372 2090 1492 2161 “τίς
1534 2092 1738 2167 ἤκουσε
1776 2119 1886 2152 τοι-

279 2182 450 2250 αὕτα,
481 2180 574 2234 καὶ
603 2185 686 2245 τίς
718 2178 964 2252 ἑώρακεν
994 2176 1194 2247 οὕτωςς
1237 2185 1289 2235 εί
1317 2176 1483 2236 ῶδινε
1522 2182 1594 2252 γῆ
1625 2183 1684 2236 ἐν
1714 2176 1889 2255 ἡμέρα

278 2266 405 2337 μιᾷ,
438 2265 528 2319 καὶ
562 2269 612 2320 εί
643 2266 840 2336 ἐτέχθη
874 2271 1038 2329 ἔθνος
1070 2261 1352 2330 είσοὲπαξ.”
1911 2290 1952 2322 25

409 2351 524 2404 112.
575 2350 760 2405 Ταῦτα
801 2349 904 2421 μὲν
942 2340 1046 2404 οὖν
1082 2346 1240 2420 ἡμεῖς
1285 2344 1371 2420 ἐφ’
1419 2349 1575 2419 ἕτερα
1616 2346 1891 2404 συνελαύ-

278 2454 470 2497 νοντος
510 2438 609 2488 τοῦ
649 2435 847 2533 καιροῦ
886 2431 1284 2505 διαδραμόντες
1327 2433 1642 2505 ἀκροθιγῶς
1675 2430 1889 2503 διεξήλ-

277 2525 480 2588 θομεν
512 2514 619 2592 ὅτῳ
652 2515 703 2572 δ’
740 2513 809 2573 ἂν
838 2519 992 2589 μέλοι
1022 2520 1117 2588 τῆς
1140 2519 1240 2573 τοῦ
1262 2519 1506 2590 σωτῆρος
1529 2512 1687 2616 ἡμῷν
1710 2538 1890 2588 παρα-

279 2597 611 2671 κελεύσεως,
652 2599 961 2672 φήσαντος,
1006 2603 1263 2672 ἐρευνᾶτε
1305 2601 1399 2667 τὰς
1440 2599 1658 2673 γραφὰς
1700 2603 1761 2657 ἐν
1801 2597 1887 2665 αἶς

282 2689 495 2740 δοκεῖτε
526 2683 668 2755 ζωὴν
699 2683 927 2742 αἰώνιον
959 2690 1131 2758 ἔχειν,
1164 2686 1254 2740 καὶ
1288 2677 1457 2742 αυταί
1483 2690 1624 2740 εἰσιν
1664 2689 1726 2740 αἱ
1750 2708 1886 2756 μαρ·
1910 2709 1950 2740 3ο

392 2822 445 2859 21
478 2821 554 2863 Es.
577 2822 644 2871 66,
669 2823 708 2861 8.
788 2822 841 2861 23
874 2814 1118 2875 φήσαντος
1140 2843 1185 2849 -
1213 2813 1467 2874 ἀληθείας]
1494 2822 1624 2861 Haec
1648 2835 1704 2862 ex
1726 2821 1882 2861 codic-e

280 2875 487 2915 Fabricii
509 2883 819 2918 accesserunt.
881 2879 945 2918 Io.
970 2881 1012 2930 5,
1035 2880 1102 2920 39.
