1946 3158
199 160 262 187 xx
601 145 815 186 ΚΕΦΑΛ
822 143 968 186 ΑΙΩΝ
998 143 1386 185 ΚΑΤΑΓΡΑΦΗ.

273 262 389 313 601,
415 266 456 305 2.
530 254 657 318 Περὶ
684 256 771 318 τῆς
798 253 851 304 έν
877 250 1101 322 θαλάττῃ
1125 255 1326 315 πορείας
1350 256 1438 305 τοῦ
1464 258 1698 320 Χριστοῦ.

271 332 388 382 603,
416 336 460 376 2.
516 325 640 387 Περὶ
659 327 758 375 τῶν
779 323 1189 374 ἐπιτελεσθέντων
1206 316 1290 373 ὑπ’
1322 320 1477 375 αὐτοῦ
1476 323 1805 406 παραδόξων.

272 402 387 452 607,
414 405 455 446 4.
521 395 647 462 Περι
681 397 780 446 τῶν
813 395 1028 459 σημείων
1054 393 1135 443 καὶ
1173 393 1417 461 τεράτων,
1453 416 1527 445 ων
1551 393 1806 463 κατειργα·

195 482 338 518 Ἶσᾱτο

271 542 387 593 609,
414 546 457 586 4.
533 534 655 603 Περὶ
690 537 777 586 τοῦ
810 554 877 600 μη
913 536 1164 599 φανητιᾶν
1197 534 1252 585 έν
1287 538 1356 606 τῷ
1400 537 1808 600 παραδυξοποιεΐν

193 602 288 658 τὸν
314 603 555 670 Χριστόν.

271 681 385 732 612,
415 685 455 727 3.
521 675 648 742 Περὶ
674 678 762 726 τοῦ
787 695 853 741 μη
880 670 1156 726 πιστεύσειν
1183 676 1250 736 εἰς
1276 669 1428 726 αὐτὸν
1461 670 1546 726 τὸν
1571 678 1670 727 τῶν
1691 671 1808 727 Ιου-

195 749 356 798 «δαίων
385 743 519 797 λαόν.

271 821 386 872 614,
413 825 455 866 9.
523 812 611 877 Ὡς
636 814 716 866 ἐπὶ
753 817 924 867 πωλον
957 813 1222 882 ὀχουμενος
1257 811 1451 867 ἕλασειν
1486 817 1554 878 εἰς
1589 810 1648 867 τᾶ
1666 815 1808 884 Ιερο-

190 887 392 951 σόλυμα
417 882 792 953 προφητεύεται.

270 963 395 1014 618,
431 967 501 1008 22.
572 956 701 1024 Περὶ
734 959 821 1007 τοῦ
857 949 920 1018 ὦς
953 951 1079 1007 ἆννδι
1116 959 1187 1028 τῷ
1223 959 1318 1008 υίω
1356 957 1519 1023 Δαβὶδ
1554 955 1806 1021 ἐπιφωνη-

189 1047 366 1094 ματος.

269 1103 385 1154 622,
413 1108 482 1149 24.
547 1097 674 1164 Περὶ
693 1092 859 1148 Ἰούδα
894 1098 983 1147 τοῦ
1008 1093 1278 1179 προδότου,
1315 1097 1397 1147 καὶ
1424 1101 1524 1148 τῶν
1550 1093 1644 1148 σὺν
1669 1093 1809 1169 αὐτῷ

193 1165 288 1235 τὴν
313 1188 439 1219 κατα
463 1170 552 1219 τοῦ
585 1172 801 1234 σωτῆρος
823 1161 967 1250 ἡμῶν
1003 1161 1273 1234 ἐπιβουλὴν
1298 1169 1746 1251 συσκευασαμένων.

266 1240 491 1326 633,10.
543 1238 658 1289 ’Έτι
691 1238 803 1303 περὶ
836 1239 924 1288 τοῦ
946 1232 1133 1302 Ἰούδα,
1169 1239 1252 1288 καὶ
1289 1241 1389 1290 τῶν
1423 1255 1517 1290 συν
1552 1235 1690 1308 αὐτῷ
1715 1233 1805 1304 τὴν

188 1331 320 1362 κατα
347 1313 434 1361 τοῦ
459 1313 680 1376 Χριστοῦ
705 1303 952 1374 συσκευὴν
977 1309 1339 1373 πεποιημένων.

269 1386 369 1434 637
407 1389 477 1430 26.
524 1377 635 1430 'En
659 1379 771 1447 περὶ
796 1381 885 1429 τοῦ
901 1376 1093 1460 Ἰούδα,
1122 1380 1206 1430 καὶ
1231 1382 1320 1430 τοῦ
1339 1381 1406 1440 εἰς
1425 1373 1515 1444 τὴν
1535 1399 1702 1444 χωραν
1721 1399 1805 1430 αυ-

187 1455 282 1502 τοῦ
324 1435 732 1517 ἆντεισαχθέντος
773 1444 1072 1516 αποστόλου,
1126 1450 1211 1500 καὶ
1266 1450 1379 1515 περι
1428 1454 1518 1501 τοῦ
1557 1446 1807 1501 Ἰουδαίων

194 1523 395 1582 ε’θνους.

267 1597 383 1648 644,
411 1601 452 1643 2.
499 1586 612 1642 ”En
638 1590 749 1658 περὶ
775 1593 863 1640 τοῦ
881 1585 1042 1641 Ἰουδα
1069 1590 1152 1640 καὶ
1179 1597 1279 1642 τῶν
1308 1586 1558 1658 αργυρίων
1581 1585 1706 1640 ἄνθ’
1736 1579 1804 1640 ὧν

193 1657 278 1714 τὸν
305 1662 480 1745 κύριον
503 1659 783 1730 προύδωκε,
810 1661 892 1711 καὶ
909 1660 1022 1726 περὶ
1044 1663 1130 1726 τῆς
1145 1654 1395 1727 ἀποβολῆς
1413 1663 1512 1711 τῶν
1529 1659 1662 1726 παρὰ
1682 1656 1802 1711 Ιου·

192 1736 355 1795 δαίοις
379 1726 636 1798 αρχόντων
662 1751 711 1782 τε
736 1731 820 1782 καὶ
845 1728 1143 1813 αρχομένων.

265 1808 384 1858 652,
411 1813 453 1854 2.
510 1804 626 1852 ”En
651 1802 764 1864 περὶ
790 1803 878 1851 τοῦ
901 1797 1065 1852 Ἰούδα
1091 1795 1336 1866 ὀνομαστί.

266 1879 382 1928 653,
410 1880 453 1923 6.
530 1872 658 1955 Περὶ
683 1875 770 1937 τῆς
786 1871 1051 1936 ἐκλείψεως
1075 1875 1164 1921 τοῦ
1182 1868 1327 1934 ηλίου
1348 1874 1436 1936 τῆς
1455 1870 1534 1922 ἐπὶ
1556 1874 1627 1941 τῷ
1646 1871 1802 1922 παθει

194 1945 283 1994 τοῦ
317 1945 551 2026 σωτῆρος
569 1937 712 2007 ἡμῶν
745 1942 1097 2008 γεγενημένης,
1141 1941 1226 1992 καὶ
1259 1942 1372 2010 περὶ
1407 1945 1495 1993 τοῦ
1531 1949 1804 2004 παντελοῦς

191 2008 411 2078 ὀλέθρου
433 2016 521 2063 τοῦ
541 2007 794 2063 Ἰουδαίων
820 2012 1018 2072 ε’θνους.

265 2089 381 2138 655,
410 2091 481 2135 23.
531 2081 643 2132 ”En
663 2081 772 2148 περὶ
793 2085 882 2146 τῆς
902 2083 1164 2146 ἐκλείψεως
1184 2085 1272 2134 τοῦ
1290 2081 1435 2149 ἡλίου
1460 2104 1545 2135 και
1571 2085 1660 2134 τοῦ
1677 2104 1801 2134 κατα

190 2148 246 2205 τὸ
271 2150 514 2218 σωτήριον
538 2150 704 2215 παθος
728 2157 921 2236 καιροῦ.

266 2229 382 2281 658,
408 2232 481 2274 20.
509 2223 658 2306 Περὶ
678 2228 778 2274 τῶν
798 2244 922 2274 κατα
940 2218 994 2274 τὸ
1015 2219 1257 2308 σωτήριον
1283 2244 1350 2275 πα
1339 2222 1448 2285 ’θος
1467 2223 1803 2276 ἐπιτελεσθέν-

192 2315 305 2348 των.
355 2296 446 2356 Εἰς
469 2289 522 2346 τὸ
551 2294 682 2355 τέλος
707 2289 832 2362 ὑπὲρ
859 2315 943 2360 της
969 2287 1279 2359 ἀντιλήψεως
1305 2299 1392 2359 τῆς
1418 2295 1609 2346 ἕωθιν
1578 2314 1648 2358 ης.
