1946 3158
210 126 308 177 116
879 127 1127 169 EUSEBII

157 265 179 296 b
208 244 578 309 διασωθέντες
609 240 716 300 ἀπὸ
748 248 845 300 τοῦ
872 238 1064 314 Ἰακώβ
1094 239 1306 316 οὐκέτι,
1347 245 1550 318 φησὶν,
1592 249 1810 303 ἔσονται

209 330 298 385 ἐπὶ
337 325 462 393 τοὺς
502 326 869 399 ἀδικήσαντας
901 325 1132 400 αὐτούς,
1178 324 1296 385 ἄλλ’
1344 335 1562 387 ἔσονται
1621 351 1809 388 πεποι-

54 428 58 436 ·
114 433 182 475 με]
207 410 369 479 θότες
402 414 490 469 ἐπὶ
520 410 615 469 τὸν
645 409 783 469 θεὸν
811 409 909 468 τὸν
937 408 1098 484 ἅγιον
1137 415 1233 469 τοῦ
1267 409 1495 486 Ἰσραήλ.
1560 418 1676 470 101.
1717 416 1808 471 καὶ

208 494 311 571 ὅρα
342 519 403 569 γε
436 501 487 554 εἰ
514 496 586 569 μὴ
619 494 793 571 ταύτῃ
824 520 887 568 γε
918 498 987 569 τῇ
1016 494 1348 569 πεποιθήσει
1378 501 1435 554 οἱ
1463 501 1522 555 ἐκ
1555 502 1653 556 τοῦ
1675 496 1806 556 Ἰου-

212 586 388 638 δαίων
427 587 630 648 ἔθνους
670 579 1071 655 προελθόντες,
1122 578 1181 638 οἶ
1217 604 1275 638 τε
1318 585 1377 639 ἐκ
1406 585 1502 654 τῆς
1555 579 1806 641 ἆποπτιό-
1830 606 1851 638 5

205 684 346 731 σεως
377 669 475 722 τοῦ
500 662 717 739 Ἰσραὴλ
760 666 1211 765 περιλειφθέντες
1252 668 1498 738 μαθηταὶ
1543 669 1634 724 καὶ
1675 666 1808 724 ἀπό-

206 757 392 806 στολοι
421 753 521 807 τοῦ
553 754 796 823 σωτῆρος
828 746 1089 824 ἡμῶν,μ
1051 751 1263 823 μηδένα
1294 749 1461 823 λόγον
1509 751 1811 824 ποιησάμε-

204 858 294 891 νοι
323 837 436 892 τῶν
466 832 752 908 αρχόντων
782 841 881 892 τοῦ
913 837 1113 900 αι’ὦνος
1151 832 1350 892 τούτου
1389 830 1424 908 ἢ
1464 859 1576 892 των
1615 834 1809 909 ἀρχόν-

207 942 320 975 των
349 922 448 977 τού
490 923 549 976 ἐκ
588 926 884 993 περιτομῆς
924 921 1063 975 λαοῦ
1100 943 1213 977 των
1255 917 1425 976 παλαι
1463 916 1811 978 αδικούντων

210 1002 434 1075 αὐτοὺς,
469 1007 706 1078 ἐξῆλθον
739 1010 817 1071 εἰς
848 1001 1027 1061 πάντα
1057 1001 1124 1060 τὰ
1155 1010 1294 1077 ἔθνη
1320 1001 1681 1078 κηρύττοντες
1712 1004 1808 1061 τὸν
1831 1028 1872 1060 10

210 1092 453 1159 Χριστοῦ
526 1087 721 1162 λόγον,
753 1086 1084 1161 πεποιθήσει
1123 1111 1182 1145 τε
1222 1092 1288 1162 τῇ
1331 1087 1466 1163 πρὸς
1508 1087 1605 1146 τὸν
1650 1087 1810 1159 θεὸν,

164 1211 183 1232 c
212 1175 462 1246 (ἐπείπερ
529 1171 671 1246 κατὰἸ
716 1171 821 1247 τήν
859 1178 1209 1246 προφητείαν
1271 1171 1601 1240 πεποιθότες
1663 1165 1811 1246 ἦσαν

212 1259 300 1314 ἐπὶ
332 1257 429 1315 τὸν
459 1256 599 1316 θεὸν
629 1256 727 1316 τὸν
756 1256 918 1330 ἅγιον
946 1261 1043 1314 τοῦ
1060 1255 1306 1330 Ἰσραὴλ,
1340 1260 1401 1315 ἐν
1431 1255 1700 1333 ἀληθείᾳ,
1744 1253 1810 1315 ού

208 1341 312 1415 γὰρ
343 1338 628 1415 ὑπούλως,
660 1339 794 1401 οὐδὲ
823 1338 955 1415 μεθ’
1000 1339 1378 1414 ὑποκρίσεως,
1421 1339 1528 1398 σὺν
1571 1340 1811 1417 ἀληθείᾳ

191 1427 271 1491 ,δὲ
301 1423 463 1494 ὅλους
495 1427 723 1494 ἑαυτοὺς
756 1427 1103 1484 ἐπιδέδονται
1145 1426 1351 1499 ἐλπίδι)
1386 1423 1452 1484 ού
1475 1424 1649 1499 μόνον
1678 1449 1809 1499 προ”
1833 1450 1872 1481 15

207 1514 387 1582 ἦλθον
417 1515 512 1583 τῆς
546 1513 759 1569 ἑαυτῶν
790 1510 988 1585 χώρας,
1021 1507 1161 1567 ἀλλὰ
1191 1509 1573 1583 κατώρθωσαν
1595 1510 1656 1568 τὸ
1679 1534 1809 1583 προ-

204 1597 547 1669 τεθειμένον.
596 1601 709 1654 103.
737 1599 897 1654 τοῦτο
922 1595 983 1652 δὲ
1007 1593 1142 1652 αὐτὸ
1164 1594 1332 1653 πάλιν
1353 1593 1413 1652 τὸ
1437 1596 1813 1668 καταλειφθὲν

204 1683 379 1738 οἱονεὶ
431 1680 492 1738 τὸ
536 1684 753 1754 σπέρμα
804 1685 900 1753 τῆς
941 1678 1309 1746 ἀποπτώσεως
1359 1683 1459 1737 τοῦ
1490 1678 1684 1751 Ἰακώβ
1723 1683 1810 1752 γέ-

202 1788 354 1837 γονε,
387 1764 655 1832 πεποιθὸς
688 1767 775 1823 ἐπὶ
804 1764 942 1822 θεὸν
967 1763 1244 1837 ἰσχύοντα,
1270 1766 1361 1821 καὶ
1393 1761 1526 1822 αὐτὸ
1558 1763 1626 1837 δὴ
1651 1766 1812 1821 τοῦτο

205 1849 265 1905 τὸ
309 1848 646 1923 κατάλειμμα
675 1853 775 1907 τοῦ
803 1847 1007 1916 παντὸς
1038 1855 1240 1914 ἔθνους
1282 1845 1467 1906 αὐτῶν
1505 1851 1809 1922 γενομένου
1831 1871 1872 1903 20

204 1931 282 2000 ὡς
313 1931 346 2005 ἡ
378 1958 551 2007 αμμος
583 1937 678 2005 τῆς
717 1931 1036 2005 θαλάσσης,
1070 1930 1191 1988 ἀλλ’
1239 1930 1304 1990 οὐ
1342 1957 1478 1990 κατα
1529 1958 1595 1990 τα
1636 1952 1808 2007 αστρα

201 2021 303 2074 τοῦ
345 2017 619 2089 οὐρανοῦ,
654 2021 747 2089 τῆς
799 2040 947 2089 παρα
988 2042 1062 2074 τω
1104 2021 1221 2093 θεῷ
1263 2026 1536 2090 σωτηριας
1576 2015 1809 2090 ἠξιώθη,

162 2125 187 2155 ι
214 2098 397 2174 ω’σπερ
490 2103 594 2159 οὐν
681 2101 1075 2208 ἐμαρτύρησεν
1141 2100 1169 2158 ὁ
1253 2098 1552 2168 ἀπόστολος
1639 2101 1813 2159 εἰπων

216 2183 470 2253 “Ησαῖας
504 2187 564 2243 δε
596 2185 777 2259 κράζει
808 2183 948 2259 ὑπερ
979 2191 1077 2244 τοῦ
1100 2184 1347 2258 Ἰσραὴλ,
1393 2186 1490 2244 ἐὰν
1540 2187 1574 2259 ᾐ
1623 2184 1651 2242 ὁ
1693 2182 1809 2259 ἀρι-

205 2268 349 2343 θμὸς
370 2274 482 2328 τῶν
511 2274 654 2328 υίων
679 2267 894 2344 Ἰσραήλ
927 2295 998 2338 ως
1030 2272 1062 2343 ἡ
1094 2295 1268 2344 αμμος
1299 2275 1395 2343 τῆς
1423 2268 1728 2342 θαλασσης,
1747 2267 1807 2327 τὸ
1830 2291 1871 2324 25

209 2353 549 2429 καταλειμμα
592 2354 921 2428 σωθήσεται.
923 2354 951 2374 ”
1023 2358 1137 2411 104.
1186 2354 1288 2412 δύο
1322 2379 1427 2427 γαρ
1457 2377 1540 2411 τοι
1582 2356 1808 2426 ἐπαγγε-

210 2445 345 2497 λιων
377 2437 468 2496 δια
498 2446 594 2497 τοῦ
634 2446 882 2514 χρησμοῦ
924 2463 999 2496 τω
1037 2436 1283 2512 Ἀβρααμ
1325 2435 1642 2511 δεδομένων
1681 2440 1807 2513 περὶ

208 2548 322 2581 των
353 2527 407 2592 ἐξ
439 2522 610 2583 αυτοῦ
641 2527 1050 2598 γενησομένων,
1084 2547 1157 2589 ως
1188 2521 1293 2595 ἄρα
1325 2530 1543 2580 ἔσονται
1574 2521 1711 2579 κατὰ
1741 2522 1807 2579 τὰ

207 2627 380 2683 αστρα
410 2615 507 2666 τοῦ
538 2608 781 2684 οὐρανοῦ
813 2610 904 2666 και
934 2632 1071 2665 κατα
1111 2605 1212 2679 τὴν
1250 2605 1430 2680 ἅμμον
1471 2613 1565 2680 τῆς
1595 2607 1807 2664 θαλασ-

208 2711 325 2765 σης,
357 2699 469 2750 τῶν
499 2697 602 2767 μὲν
630 2699 916 2767 θεοφιλῶν
955 2690 1286 2766 λαμπόντων
1314 2690 1513 2765 ὁμοίως
1554 2706 1665 2758 τοῖς
1710 2688 1808 2749 ού·
1830 2711 1871 2743 30

321 2887 371 2926 12
404 2887 480 2929 Es,
514 2889 579 2939 10,
613 2890 680 2928 20.
