1992 3186
249 118 352 170 312
931 120 1179 161 EUSEBH

247 237 341 292 καὶ
386 233 674 308 δυνάμεως
716 238 806 291 καὶ
846 232 1166 307 κυρίότητος
1215 237 1307 292 καὶ
1347 236 1550 303 παντὸς
1591 233 1854 308 ὀνόματος

247 318 681 392 ὀνομαζομένου,
724 318 790 374 οὐ
831 317 1003 390 μόνον
1054 322 1112 375 ἐν
1151 323 1226 396 τῷ
1268 322 1429 376 αἰῶνι
1467 317 1674 396 τούτῳ,
1715 317 1854 376 ἀλλὰ

247 406 341 460 καὶ
373 407 434 459 ἐν
463 405 540 477 τῷ
568 404 837 475 μέλλοντι.
899 404 991 458 καὶ
1023 401 1203 460 πάντα
1227 401 1487 475 ὑπέταξε,
1520 406 1713 476 φησὶν,
1745 402 1854 461 ὑπὸ

247 485 375 552 τούς
398 484 573 551 πόδας
598 483 829 558 αύτού,”
866 484 1002 542 κατὰ
1024 484 1125 559 τὴν
1148 485 1282 560 πρὸς
1313 485 1482 543 αὐτὸν
1504 491 1854 560 ἐπαγγελίαν,

247 568 319 642 ἢν
351 569 442 626 διὰ
470 573 572 627 τοῦ
608 573 843 642 Ψαλμοῦ
876 577 1172 644 παρίστησι
1202 572 1380 643 λέγων
1403 567 1624 628 “κοέθου
1671 574 1729 628 ἐκ
1763 576 1852 628 δε-
1877 595 1899 627 5

249 659 381 722 ξιῶν
410 678 546 726 μου,
589 657 691 720 ἕως
731 651 802 710 ἂν
841 657 932 711 θῶ
968 653 1096 721 τούς
1138 653 1374 728 ἐχθρούς
1416 672 1519 712 σου
1548 651 1859 712 ὑποπόδιον

246 741 360 796 τῶν
389 742 581 795 ποδῶν
611 756 729 796 σου.
800 746 1167 813 κατακυρίευε
1209 742 1269 796 ἐν
1309 741 1459 815 μέσῳ
1497 742 1609 796 τῶν
1642 742 1861 812 ἐχθρῶν

249 818 410 880 σου.”
481 821 763 896 πρόδηλον
803 826 970 880 παντὶ
1023 819 1094 890 ῶς
1147 829 1225 881 ἔτι
1269 825 1375 881 νῦν
1414 822 1448 895 ἡ
1488 826 1588 880 τοῦ
1618 826 1861 898 σωτῆρος

246 906 406 980 ἡμῶν
439 905 674 981 δύναμις
705 908 796 964 καὶ
826 905 854 964 ὁ
887 911 982 980 τῆς
1014 912 1374 974 διδασκαλίας
1405 906 1578 964 αὐτοῦ
1609 907 1768 980 λόγος
1800 910 1861 964 ἐν

247 994 398 1068 μέσῳ
428 997 540 1048 τῶν
573 994 791 1065 ἐχθρῶν
815 993 906 1048 καὶ
931 998 1211 1065 πολεμίων
1234 989 1408 1049 αὐτοῦ
1429 995 1541 1048 τῶν
1564 1008 1859 1049 πεπιστευ-
1884 1015 1925 1046 10

250 1075 428 1133 κότων
460 1082 537 1141 εἰς
568 1072 741 1132 αὐτὸν
772 1074 1036 1132 ἁπάντων
1066 1075 1467 1150 κατακυριεύει.

135 1156 228 1239 ἓξὲξ
380 1158 474 1216 IV.
499 1155 671 1231 “'Eycb
703 1158 893 1233 κύριος
925 1162 1155 1232 ἐποίησα
1175 1166 1282 1232 γῆν
1312 1163 1404 1217 καὶ
1433 1157 1738 1233 ἄνθρωπον
1770 1155 1857 1216 ἐπ’

205 1269 228 1300 b
253 1240 451 1316 αὐτῆς·
523 1241 629 1315 ἐγῶ
680 1249 747 1318 τῇ
786 1250 933 1317 χειρί
965 1267 1072 1317 μου
1120 1247 1424 1319 ἐστερέωσα
1461 1241 1558 1300 τὸν
1599 1241 1861 1317 οὐρανὸν,

253 1327 360 1401 ἐγῶ
391 1333 526 1384 πᾶσι
565 1340 679 1393 τοῖς
724 1326 944 1398 ἄστροις
977 1327 1357 1401 ἐνετειλάμην,
1404 1327 1509 1400 ἐγώ
1542 1325 1738 1402 ἤγειρα
1767 1324 1864 1384 τὸν

250 1411 386 1485 μετὰ
428 1410 784 1484 δικαιοσύνης
826 1413 1084 1484 βασιλέα,
1126 1414 1218 1468 καὶ
1249 1418 1421 1469 πᾶσαι
1451 1417 1514 1468 αἱ
1538 1410 1660 1468 ὁδοὶ
1691 1408 1862 1468 αὐτοῦ
1886 1433 1927 1465 15

254 1493 493 1553 εὐθεῖαι.
564 1488 725 1562 οὗτος
756 1494 1108 1568 οἰκοδομήσει
1138 1495 1240 1568 τὴν
1279 1494 1443 1554 πόλιν
1480 1519 1588 1569 μου
1633 1497 1724 1552 καὶ
1763 1493 1864 1566 τὴν

252 1585 635 1653 αἰχμαλωσίαν
675 1586 772 1637 τοῦ
802 1585 940 1637 λαοῦ
972 1582 1313 1654 ἐπιστρέψει,
1358 1578 1424 1637 οὗ
1462 1579 1597 1653 μετὰ
1626 1578 1865 1654 λύτρων,

254 1662 389 1722 οὐδὲ
418 1662 554 1737 μετὰ
588 1663 813 1736 δῶρων,
849 1663 970 1721 εἷπε
1000 1663 1191 1738 κύριος
1222 1661 1533 1736 Σαβαῶθ.”

380 1752 428 1805 2.
472 1749 618 1815 Τέως
648 1749 752 1822 μὲν
780 1754 954 1805 ταῦτα
975 1744 1004 1805 ὁ
1028 1754 1141 1807 τῶν
1162 1746 1310 1806 ὅλων
1330 1745 1555 1820 ποιητὴς
1575 1746 1706 1812 θεὸς
1737 1753 1868 1818 περί

253 1856 401 1899 τινος
433 1834 702 1903 βασιλέως
732 1834 825 1889 καὶ
856 1838 1099 1906 σωτῆρος
1129 1834 1420 1904 μέλλοντος
1459 1835 1774 1902 οἰκοδομεῖν
1803 1827 1863 1887 τὸ
1887 1853 1929 1886 20

252 1923 349 1988 τῆς
391 1915 675 1988 εὐσεβείας
719 1922 1024 1988 πολίτευμα
1065 1913 1467 1987 λυτρῶσασθαί
1499 1937 1558 1971 τε
1607 1914 1710 1986 τὴν
1752 1916 1864 1970 ἐπι-

206 2035 227 2058 c
257 2006 552 2072 συμβᾶσαν
603 1997 923 2071 ἀνθρώποις
973 1997 1083 2055 ὑπὸ
1132 2004 1228 2071 τῆς
1282 2003 1604 2072 δαιμονικῆς
1655 1995 1866 2070 πλάνης

256 2088 638 2156 αἰχμαλωσίαν
686 2082 775 2138 διὰ
822 2088 921 2139 τοῦ
961 2080 1248 2157 προφήτου
1293 2089 1567 2151 θεσπίζει·
1638 2083 1762 2154 ἑξῆς
1804 2082 1866 2138 δὲ

255 2166 468 2232 τούτοις
519 2166 578 2222 τὸ
631 2165 973 2240 προφητικὸν
1012 2171 1233 2239 πνεῦμα
1269 2165 1372 2238 τὴν
1420 2165 1708 2238 ὑποταγὴν
1754 2170 1866 2222 τῶν

256 2249 591 2324 ἀλλοφύλων
634 2253 820 2308 ἐθνῶν
850 2255 1174 2323 αἰνίττεται,
1220 2247 1291 2322 ἣν
1319 2249 1762 2322 ὑποταγήσονται
1791 2254 1868 2325 τῷ
1887 2271 1930 2304 25

257 2337 755 2411 προφητευομένῳ,
802 2337 893 2391 καὶ
935 2332 1008 2399 ῶς
1049 2332 1536 2407 προσκυνήσουσιν
1586 2332 1734 2409 αὐτῷ
1776 2330 1866 2389 οἷα

258 2425 375 2495 θεῷ
401 2424 458 2476 οἱ
475 2416 969 2492 ὑποταγησόμενοι,
989 2420 1080 2474 καὶ
1101 2414 1173 2484 ῶς
1192 2416 1588 2492 προσεύξονται
1614 2419 1674 2473 ἐν
1698 2412 1866 2492 αὐτῷ,

262 2502 353 2560 διὰ
382 2503 442 2560 τὸ
473 2509 694 2575 μείζονα
717 2507 994 2560 κατοικεῖν
1018 2505 1078 2559 ἐν
1108 2501 1259 2578 αὐτῷ
1290 2500 1447 2574 θεὸν,
1478 2498 1574 2558 τὸν
1604 2498 1866 2558 ἀνωτάτω

262 2587 473 2659 δηλαδὴ
508 2590 716 2661 πατέρα
761 2589 853 2645 καὶ
896 2586 1034 2644 θεὸν
1076 2589 1187 2642 τῶν
1229 2582 1390 2642 ὅλων.
1467 2589 1515 2642 3.
1558 2582 1624 2641 τὰ
1671 2585 1731 2641 δὲ
1771 2589 1867 2655 τῆς

882 2669 911 2690 (θ
961 2667 986 2686 Η

260 2674 455 2738 λέξεως
505 2668 680 2738 οὕτως
731 2677 842 2744 ἔχει
921 2694 1064 2727 ουτω
1118 2671 1265 2741 λέγει
1314 2667 1527 2744 κύριος,
1576 2672 1868 2726 ἐκοπίασεν
1889 2689 1934 2722 3ο

377 2865 427 2902 12
458 2864 534 2903 Es.
558 2864 628 2915 45,
653 2865 717 2905 12.
862 2858 866 2863 ’
894 2866 947 2905 30
977 2863 1055 2906 Es.
1076 2863 1145 2914 45,
1172 2863 1236 2902 14.
