1946 3158
594 103 906 146 DEMONST.
937 103 1157 145 EVANG.
1188 103 1225 144 Ι.
1261 104 1304 144 9.
1683 100 1754 153 59

149 220 356 294 μέλειν,
390 217 462 286 ὡς
501 213 571 275 ἂν
613 216 719 292 ἤδη
750 223 862 276 τῶν
905 216 1242 292 πραγμάτων
1295 217 1621 290 φθινόντων
1662 221 1755 276 καὶ

151 302 546 375 ἆποληγόντων
597 306 687 360 ἐπὶ
739 306 908 376 πέρας
967 327 1026 361 τε
1085 310 1314 376 ἔσχατον
1382 301 1752 376 ἐλαυνόντων,

153 388 464 461 διαρρήδην
487 387 592 459 πρὸ
622 391 719 460 τῆς
749 391 848 445 τοῦ
878 394 1006 460 βίου
1037 394 1358 453 συντελείας
1388 390 1483 460 τῆς
1520 386 1753 460 εὐαγγε-
1778 409 1843 452 [22]

151 477 306 545 λικῆς
349 477 709 539 διδασκαλίας
757 474 844 529 ἐπὶ
884 470 1089 546 θύραις
1140 471 1398 530 ἐλαύνειν
1436 475 1753 546 λεγομένης,

106 554 511 623 5ἆνανειόσεώς
571 580 630 613 τε
692 581 783 613 και
832 562 1257 629 παλιγγενεσίας
1306 561 1505 623 αἰῶνος
1565 559 1755 630 ἑτέρου

147 640 282 700 ὅσον
335 639 490 699 οὔπω
540 645 833 714 μέλλοντος
875 640 1273 713 ἐπιστήσεσθαι
1315 643 1753 716 προκηρυττομέ-

148 750 264 798 νης.
326 730 374 783 5.
408 733 507 799 μία
537 727 640 799 μὲν
670 719 774 783 οὖν
804 724 1068 792 ἀπόδοσις
1101 723 1267 798 αὕτη·
1322 729 1554 800 δευτέρα
1596 724 1646 783 δ’
1684 721 1754 783 ἂν

150 819 235 883 εἴη
266 810 504 883 τοιαύτη.
569 825 683 877 τοῖς
706 812 808 883 μὲν
840 818 1094 875 παλαιοῖς
1127 807 1421 883 ἀνειμένον
1465 813 1558 868 καὶ
1600 809 1756 868 ἐλεύ-

147 905 323 965 θερον
366 898 614 968 μετιοῦσι
662 899 790 967 βίον
828 893 997 952 οὐδὲν
1039 886 1110 966 ἦν
1163 892 1421 967 ἐμποδών
1460 905 1617 952 οἴκου
1660 896 1753 952 καὶ
1778 913 1801 946 b

83 1005 124 1037 10
149 986 368 1037 παίδων
399 986 772 1053 προΐστασθαι
813 978 948 1053 μετὰ
987 983 1082 1051 τῆς
1128 982 1255 1053 περὶ
1303 981 1364 1036 τὸ
1420 990 1582 1038 θεῖον
1625 998 1756 1053 σχο-

146 1067 246 1136 λῆς
277 1062 468 1131 αὐταῖς
498 1079 759 1137 γαμεταῖς
790 1067 883 1121 καὶ
909 1066 1067 1121 παισὶ
1110 1065 1202 1120 καὶ
1245 1073 1416 1130 οἴκοις
1456 1071 1756 1137 θεοσεβεϊν

146 1147 567 1221 ἀπερισπάστως
619 1151 978 1222 δυναμένοις,
1030 1150 1122 1205 καὶ
1162 1153 1429 1221 μηδαμῶς
1483 1145 1592 1206 ὑπὸ
1642 1154 1756 1205 τῶν

150 1231 300 1299 ἐκτὸς
332 1236 427 1306 τῆς
458 1236 585 1308 περὶ
615 1232 681 1290 τὰ
705 1239 932 1306 κρείττω
957 1235 1277 1304 προθέσεως
1301 1230 1752 1306 ἀποσπωμένοις·

149 1316 216 1373 τὰ
249 1318 309 1374 δὲ
339 1316 469 1375 καθ’
509 1317 649 1389 ἡμᾶς
679 1325 851 1391 μυρία
881 1316 947 1374 τὰ
973 1315 1123 1383 ἐκτὸς
1147 1320 1521 1390 καθέλκοντα,
1561 1320 1654 1375 καὶ
1679 1324 1756 1383 εἰς

86 1427 129 1459 15
151 1400 480 1468 ἀλλοκότους
519 1408 823 1476 φροντίδας
863 1401 1262 1475 περισύροντα,
1295 1406 1389 1475 τῆς
1419 1426 1479 1460 τε
1510 1405 1640 1475 περὶ
1690 1400 1757 1459 τὰ

147 1490 265 1562 θεῷ
295 1483 499 1558 ἀρεστὰ
536 1489 783 1559 σπουδῆς
816 1483 1124 1558 ἀφιστάντα
1154 1485 1431 1559 τυγχάνει,
1503 1492 1550 1544 6.
1593 1491 1755 1544 τοῦτο

145 1574 284 1642 γοῦν
308 1579 486 1627 αἴτιον
518 1572 659 1628 εἶναι
692 1576 787 1642 τῆς
817 1575 930 1628 τῶν
959 1568 1152 1643 γάμων
1183 1573 1454 1642 συστολῆς
1484 1577 1755 1644 παρίστη-

146 1672 238 1711 σιν
281 1653 310 1711 ὃ
360 1659 456 1726 τῆς
500 1654 860 1727 εὐαγγελικῆς
902 1660 1263 1721 διδασκαλίας
1304 1653 1480 1727 λόγος,
1523 1654 1756 1728 φάσκων

138 1734 167 1755 “
183 1744 342 1796 τοῦτο
391 1741 456 1796 δέ
483 1763 652 1812 φημι,
694 1738 958 1811 ἀδελφοὶ,
999 1738 1028 1795 ὁ
1068 1739 1256 1813 καιρὸς
1295 1741 1751 1812 συνεσταλμένος.

80 1849 123 1882 20
145 1822 205 1881 τὸ
237 1821 430 1880 λοιπόν
462 1826 638 1896 ἐστιν,
669 1828 761 1881 ἵνα
793 1825 884 1880 καὶ
917 1828 975 1880 οἰ
1001 1828 1215 1896 ἔχοντες
1253 1839 1523 1896 γυναῖκας
1564 1823 1636 1890 ὡς
1675 1822 1750 1897 μὴ
1774 1852 1792 1875 e

146 1914 363 1981 ἔχοντες
395 1901 495 1965 ὦσι
527 1910 619 1966 καὶ
660 1912 717 1965 οἱ
755 1913 1040 1974 κλαίοντες
1079 1906 1152 1975 ὡς
1182 1907 1256 1981 μὴ
1304 1915 1635 1982 κλαίοντες,
1662 1910 1754 1966 καὶ

146 1998 204 2049 οι
245 1999 529 2066 χαίροντες
584 2017 655 2058 ως
699 1995 773 2066 μὴ
815 2000 1118 2066 χαίροντες,
1155 1993 1249 2050 καὶ
1293 1997 1351 2050 oc
1397 1990 1755 2068 αγοραζοντες

148 2101 222 2143 ως
245 2076 318 2150 μὴ
345 2078 695 2150 κατέχοντες,
727 2079 819 2134 καὶ
850 2082 908 2135 οι
933 2077 1206 2150 χρεόμενοι
1237 2080 1315 2154 τῷ
1347 2077 1537 2154 κόσμω
1579 2077 1755 2155 τούτῳ

147 2186 220 2227 ως
264 2159 338 2234 μὴ
373 2160 802 2235 καταχρώμενοι.
875 2184 1112 2234 παραγει
1153 2187 1259 2235 γαρ
1318 2160 1377 2219 τὸ
1421 2165 1602 2236 σχῆμα
1654 2187 1754 2220 του

81 2272 124 2304 25
147 2244 356 2318 κόσμου
387 2245 610 2304 τουτου·
657 2249 808 2303 θέλω
850 2247 911 2303 δε
940 2243 1082 2319 υμᾶς
1121 2243 1459 2321 ἀμερίμνους
1501 2247 1669 2304 εἶναι·
1726 2245 1755 2304 ὁ

145 2355 353 2403 αγαμος
384 2335 622 2406 μεριμνᾷ
651 2330 716 2387 τὰ
746 2334 845 2389 τοῦ
874 2337 1104 2406 κυρίου,
1149 2335 1265 2398 πῶς
1307 2329 1479 2406 αρέσῃ
1533 2335 1608 2407 τῷ
1654 2355 1755 2388 κυ-

146 2421 275 2492 ρίω
330 2413 359 2472 ὁ
414 2417 474 2472 δε
525 2414 774 2489 γαμήσας
825 2440 1062 2491 μεριμνα
1105 2439 1172 2472 τα
1209 2418 1309 2473 τοῦ
1348 2415 1586 2488 κόσμου,
1641 2417 1756 2482 πῶς

111 2496 317 2574 αρέσῃ
367 2503 434 2574 τῇ
485 2502 728 2572 γυναικὶ,
774 2502 867 2557 καὶ
907 2503 1240 2573 μεμέρισται.
1329 2505 1372 2557 7.
1407 2502 1500 2556 καὶ
1538 2497 1571 2571 ἡ
1612 2497 1756 2572 γυνὴ

146 2581 180 2691 ή
221 2608 428 2656 αγαμος
474 2587 566 2642 καὶ
605 2583 638 2657 ἡ
677 2587 958 2660 παρθένος
997 2607 1234 2659 μεριμνα
1280 2607 1348 2640 τα
1381 2588 1478 2641 τοῦ
1536 2590 1754 2657 κυρίου,

83 2692 124 2725 30
147 2673 242 2725 ίνα
272 2664 443 2741 ἆρέσῃ
486 2693 561 2745 τω
606 2675 808 2746 κυρίῳ,
842 2674 936 2727 ι’να
965 2669 1000 2743 ᾐ
1031 2667 1162 2740 ἁγία
1192 2669 1284 2725 καὶ
1316 2692 1391 2725 τω
1423 2685 1633 2741 σωματι
1664 2670 1756 2726 καὶ

264 2864 314 2902 19
348 2863 370 2901 1
404 2861 505 2903 Cor.
536 2864 576 2914 7,
608 2864 678 2903 29.
