1946 3158
206 128 275 182 52
883 128 1132 171 EUSEBH

207 247 636 320 ἐνομοθέτησεν·
683 243 785 302 οὐκ
808 239 879 302 ἂν
902 243 1194 317 φθονήσας
1225 245 1317 301 καὶ
1347 241 1414 300 τοὶ
1443 246 1694 312 Μωσέως
1727 243 1820 302 διὰ

118 354 183 396 (26)
207 333 319 389 τῶν
349 327 673 388 ἀποστόλων
703 327 875 386 αὐτοῦ
905 332 1078 386 πᾶσιν
1099 326 1420 402 ἀνθρώποις
1443 337 1816 402 καταγγεῖλαι,

211 421 262 472 εἰ
290 413 363 488 μὴ
391 414 454 472 τὸ
485 411 767 472 ἀδύνατον
798 410 1056 486 ἐμποδῶν
1085 404 1175 486 ἦν,
1207 412 1279 480 ῶς
1313 411 1564 471 διδάσκει
1581 416 1759 487 λέγων
1788 409 1818 471 ὁ

209 498 511 566 ἀπόστολος
532 497 633 555 “τὸ
663 496 768 571 γάρ
793 494 1072 556 ἀδύνατον
1112 500 1210 556 τοῦ
1241 496 1446 571 νόμου,
1480 502 1541 555 ἐν
1572 489 1617 575 ᾦ
1645 497 1820 570 ἠσθέ-

210 608 322 656 νει,
375 580 404 640 ὁ
444 582 575 651 θεὸς
614 582 713 640 τὸν
755 584 957 640 ἑαυτοῦ
992 581 1120 641 υἱὸν
1160 585 1377 656 πέμψας
1419 586 1480 640 έν
1518 579 1818 656 ὁμοιώματι
1842 605 1862 639 5

209 667 410 742 σαρκὸς
440 663 744 742 ἄμαρτίας”
778 669 871 724 καὶ
900 664 968 725 τὰ
998 669 1147 741 ἑξῆς”
1201 671 1249 724 4.
1284 665 1565 724 ἀδύνατον
1596 667 1656 724 δὲ
1686 670 1821 724 πᾶσι

210 752 279 825 δή
309 775 418 809 που
458 766 573 819 τοῖς
608 759 837 810 ἔθνεσιν
867 747 1138 826 ὑπάρχειν
1177 754 1294 825 τρὶς
1325 754 1424 808 τοῦ
1455 758 1609 817 ἔτους
1641 747 1822 809 ἀπαν-

209 840 312 894 τᾶν
344 842 421 903 εἰς
444 834 801 911 Ἱεροσόλυμα
853 834 989 893 κατὰ
1033 835 1131 894 τὸν
1171 837 1422 902 Μωσέως
1474 834 1676 910 νόμον,
1729 837 1820 893 καὶ

208 919 317 979 ἀπὸ
346 924 460 980 τῶν
489 920 744 994 περάτων
774 927 869 994 τῆς
899 923 1225 994 οἰκουμένης
1246 920 1349 993 τὴν
1375 918 1484 977 ἀπὸ
1507 922 1699 994 λέχους
1719 944 1820 993 γυ-

209 1019 375 1064 ναῖκα
408 1005 693 1079 σπεύδειν,
726 1004 928 1063 αὐτόθι
958 1003 1024 1062 τὰ
1053 1005 1334 1078 καθάρσια
1366 1003 1817 1078 ἆποθησομένην,
1843 1028 1883 1060 10

210 1092 302 1147 καὶ
334 1089 473 1147 ἄλλα
503 1097 706 1164 μυρία,
747 1088 781 1146 ἃ
822 1092 915 1147 καὶ
949 1092 1128 1167 ἑαυτῷ
1157 1114 1237 1156 τις
1279 1091 1368 1147 ε’πὶ
1400 1094 1598 1163 σχολῆς
1628 1090 1823 1147 ἀναλέ-

211 1179 361 1243 ξαιτο
391 1173 476 1232 ἄν.
547 1179 595 1231 5.
633 1172 821 1247 ἐπειδὴ
859 1180 1053 1233 τοίνυν
1093 1177 1263 1231 ταῦτα
1293 1172 1424 1231 οὐδὲ
1464 1177 1824 1247 βουλομένοις

165 1281 188 1314 b
214 1257 426 1316 δυνατὰ
465 1251 536 1331 ἦν
574 1274 689 1326 τοῖς
730 1256 1135 1336 ἀπῳκισμένοις
1181 1262 1276 1331 τῆς
1310 1255 1579 1326 Ἰουδαίας
1632 1265 1825 1317 ἔθνεσι

213 1344 541 1417 φυλάττειν,
585 1343 807 1410 εἰκότως
848 1344 1026 1418 μηδὲν
1053 1341 1267 1401 τούτων
1301 1341 1373 1400 δι’
1423 1345 1625 1400 ἑαυτοῦ
1653 1341 1825 1410 λύσας

211 1428 241 1486 ὁ
273 1426 455 1501 σωτὴρ
494 1431 587 1485 καὶ
627 1427 816 1503 κύριος
856 1427 1014 1501 ἡμῶν
1028 1473 1043 1501 ,
1094 1427 1384 1502 πληρωτὴς
1427 1428 1490 1484 δὲ
1529 1426 1825 1501 γενόμενος
1847 1448 1888 1482 15

213 1517 325 1571 τῶν
355 1517 417 1570 ἐν
445 1517 520 1590 τῷ
551 1511 733 1590 νόμῳ,
775 1515 867 1570 καὶ
899 1519 1086 1570 πίστιν
1125 1511 1427 1586 παρασχών
1456 1526 1570 1579 τοῖς
1599 1509 1824 1586 ὁρῶσιν,

215 1596 288 1663 ῶς
318 1595 426 1671 ἄρα
459 1596 622 1664 αὐτός
655 1601 804 1655 ε’στιν
834 1596 862 1654 ὁ
889 1595 1122 1668 Χριστὸς
1152 1601 1252 1654 τοῦ
1282 1600 1424 1654 θεοῦ
1442 1641 1457 1670 ,
1488 1592 1516 1653 ὁ
1548 1594 1685 1671 πρὸς
1712 1599 1826 1655 τῶν

215 1679 364 1756 παρὰ
386 1680 675 1749 Ἰουδαίοις
721 1681 890 1739 πάλαι
929 1683 1246 1755 γενομένων
1284 1685 1587 1755 προφητῶν
1616 1705 1827 1756 μεμαρ-

213 1769 547 1841 τυρημένος,
579 1765 714 1840 μετὰ
743 1769 916 1824 ταῦτα
957 1769 1092 1824 πᾶσι
1121 1779 1236 1832 τοῖς
1267 1771 1458 1823 ἔθνεσι
1487 1764 1554 1822 τὰ
1586 1764 1825 1839 ἁρμόδια

214 1853 643 1925 παραγγέλματα
684 1848 775 1907 διὰ
813 1853 926 1907 τῶν
954 1855 1178 1908 οἰκείων
1215 1853 1485 1923 μαθητῶν
1515 1853 1824 1925 προβέβλη-
1847 1873 1889 1906 20

215 1959 317 1992 ται.
379 1939 427 1992 6.
462 1941 632 1992 ἔνθεν
671 1936 763 1991 καὶ
803 1930 959 2008 ἡμεῖς
998 1932 1059 1992 τὸ
1101 1935 1204 2007 μὲν
1245 1940 1543 2004 ἰουδαΐζειν
1584 1935 1826 2011 παρῃτή-

215 2029 393 2092 μεθα,
427 2014 500 2085 ῶς
529 2014 664 2092 ἡμῖν
686 2018 759 2092 μὴ
784 2020 1297 2092 νενομοθετημένον
1326 2020 1465 2093 μηδὲ
1499 2019 1827 2095 ἐφαρμόζειν

172 2134 190 2156 0
215 2116 329 2171 τοῖς
361 2109 554 2161 ἔθνεσι
587 2101 931 2177 δυνάμενον,
971 2101 1066 2169 τὰς
1108 2105 1169 2160 δὲ
1199 2104 1348 2178 παρὰ
1373 2101 1658 2172 Ἰουδαίοις
1689 2126 1827 2180 προ-

217 2193 445 2262 φητείας
475 2185 705 2261 ἅσμενοι
734 2187 1166 2261 κατεδεξάμεθα,
1199 2185 1272 2255 ῶς
1295 2186 1364 2246 ἂν
1386 2188 1480 2256 τὰς
1510 2192 1639 2265 περὶ
1668 2188 1827 2264 ἡμῶν

124 2291 192 2335 [19]
219 2270 580 2346 περιεχούσας
620 2271 967 2346 προρρήσεις.
1036 2271 1064 2329 ὁ
1110 2275 1174 2330 δέ
1210 2297 1274 2346 γε
1314 2273 1495 2347 σωτὴρ
1536 2277 1630 2331 καὶ
1671 2273 1823 2331 διδά-
1847 2295 1890 2328 25

219 2365 418 2423 σκαλος
448 2352 606 2430 ἡμῶν
636 2359 728 2414 καὶ
757 2356 936 2424 ἄλλως
976 2356 1265 2430 πληρωτὴς
1295 2354 1530 2432 ὑπάρχει
1559 2361 1660 2415 τοῦ
1688 2367 1824 2416 Μω-

219 2445 356 2508 σέως
379 2439 553 2515 νόμου
584 2444 812 2520 καὶτῶν
841 2438 960 2515 μετ’
994 2438 1162 2499 αὐτὸν
1192 2446 1510 2516 προφητῶν.
1555 2447 1597 2500 7.
1634 2440 1824 2515 ἐπειδὴ

219 2525 323 2601 γὰρ
353 2539 466 2593 τοῖς
495 2529 947 2601 τεθεσπισμένοις
975 2525 1042 2584 τὰ
1070 2529 1183 2584 τῶν
1205 2524 1685 2600 συμπερασμάτων
1715 2534 1827 2585 ἔλι-

220 2634 324 2668 πεν
347 2609 413 2668 τά
441 2634 500 2668 τε
529 2617 641 2668 τῶν
672 2610 852 2684 λόγων
875 2610 1303 2685 ἀποτελέσματα,
1336 2614 1475 2686 χρῆν
1502 2610 1570 2684 δή
1594 2634 1703 2670 που
1733 2613 1825 2669 καὶ

218 2693 430 2752 τούτων
460 2693 645 2754 αὐτῶν
675 2695 969 2771 πληρωτὴν
1001 2692 1169 2754 αὐτὸν
1207 2697 1488 2769 γενέσθαι.
1569 2693 1717 2769 οἷον,
1751 2695 1825 2763 οἷς
1847 2716 1889 2750 30

331 2890 358 2927 4
388 2888 515 2932 Rom.
538 2889 579 2940 8,
602 2892 641 2930 3.
