1992 3186
587 101 895 142 DEMONST.
927 101 1148 144 EVANG.
1179 103 1233 143 V.
1266 104 1306 141 4.
1643 102 1747 153 315

142 216 363 284 εἰκότως
412 214 501 273 διὰ
540 214 636 273 τὸν
666 207 733 273 οῦ
763 218 919 290 φέρει
957 216 1222 289 ὁμοίωσιν
1252 215 1417 273 εἰκών
1447 240 1506 273 τε
1549 214 1747 289 ἀνηγό-

140 325 330 375 ρευται
359 306 456 358 τοῦ
487 298 726 372 ἀοράτου
767 302 908 357 θεοῦ
947 306 1296 358 θεοποιεῖταί
1319 324 1379 357 τε
1409 299 1544 372 πρὸς
1576 300 1747 358 αὐτοῦ

139 387 240 443 τοῦ
267 383 500 458 πατρὸς,
547 383 691 442 οὕτω
734 383 996 457 πεφυκώς
1026 382 1128 457 τὴν
1158 383 1383 457 οὐσίαν,
1417 382 1660 442 αὐτόθεν
1690 411 1748 444 τε

141 467 246 526 ἀπὸ
277 468 497 543 πρώτης
527 467 814 543 ὑπάρξεως
846 466 1121 541 φυσικὴν,
1168 466 1292 525 ἀλλ’
1326 467 1429 526 οῦκ
1461 473 1750 542 ἐπίκτητον

97 576 117 608 5
139 553 240 626 τὴν
271 552 460 610 εἰκόνα
489 556 588 610 τοῦ
629 552 834 627 πατρὸς
867 551 1217 626 ἐπαγόμενος.
1283 558 1361 610 11.
1400 551 1483 611 διὸ
1516 556 1607 610 καὶ
1639 554 1750 627 φύ-

140 656 222 696 σει
253 636 385 704 θεὸς
416 633 556 711 ὁμοῦ
586 639 677 694 καὶ
708 637 1012 710 μονογενὴς
1043 635 1163 704 υίὸς
1196 633 1274 694 ὦν
1304 637 1590 711 τυγχάνει,
1623 637 1749 712 οὐχὶ

142 723 203 779 δὲ
233 721 432 796 ὁμοίως
462 736 576 788 τοῖς
602 728 812 790 ἔξωθεν
838 719 1272 794 εἰσποιούμενος,
1308 721 1749 795 ἐπισυμβεβηκός

137 830 196 864 τε
246 806 306 863 τὸ
357 803 567 879 ἀξίωμα
609 809 704 878 τῆς
743 810 842 863 τοῦ
880 808 1024 863 θεοῦ
1061 811 1431 879 προσηγορίας
1472 808 1747 880 ἐπέχουσι,

138 889 284 962 πλὴν
337 896 388 948 εἰ
436 893 526 946 καὶ
581 890 748 962 φύσει
790 888 1092 962 μονογενὴς
1131 890 1251 955 υίὸς
1291 892 1383 946 καὶ
1421 890 1553 957 θεὸς
1593 890 1750 964 ἡμῶν

74 998 114 1029 10
138 971 565 1048 ἄνευφημεῖται,
606 971 746 1031 ἀλλὰ
784 972 887 1046 οὐχ
926 973 955 1030 ὁ
988 977 1202 1046 πρῶτος
1231 973 1392 1045 θεὸς,
1440 979 1654 1048 πρῶτος
1687 976 1747 1032 δὲ

137 1064 236 1116 τοῦ
267 1061 408 1116 θεοῦ
436 1057 738 1131 μονογενὴς
769 1056 890 1124 υίὸς
933 1060 1024 1114 καὶ
1050 1056 1140 1114 διὰ
1163 1060 1323 1114 τοῦτο
1347 1058 1496 1124 θεός,
1551 1063 1629 1116 12,
1657 1062 1747 1116 καὶ

137 1141 268 1200 ὅλον
297 1166 362 1214 γε
391 1148 551 1200 τοῦτο
584 1152 762 1200 αι”τιον
785 1138 855 1200 ἂν
881 1152 965 1214 εἴη
989 1146 1088 1199 τοῦ
1112 1144 1203 1198 καὶ
1228 1138 1399 1199 αὐτὸν
1424 1141 1567 1200 εἶναι
1591 1141 1749 1214 θεὸν,

137 1225 195 1284 τὸ
236 1226 408 1300 μόνον
453 1226 595 1284 εἶναι
637 1226 802 1299 φύσει
853 1232 950 1284 τοῦ
990 1232 1130 1284 θεοῦ
1178 1223 1304 1283 υἱὸν
1346 1228 1437 1283 καὶ
1478 1233 1750 1300 μονογενῆ

138 1318 510 1384 χρηματίζειν,
557 1313 648 1367 καὶ
679 1309 741 1367 τὸ
776 1309 852 1367 δι’
888 1310 1021 1368 ὅλου
1052 1309 1245 1379 σώζειν
1275 1314 1376 1367 τοῦ
1404 1310 1580 1384 μόνου
1610 1314 1751 1368 θεοῦ

76 1416 117 1449 15
139 1393 241 1467 τὴν
272 1401 519 1468 ἔμψυχον
549 1397 639 1451 καὶ
681 1398 860 1463 ζῶσαν
899 1394 1101 1468 νοεροὶν
1143 1393 1359 1467 εἰκόνα,
1400 1394 1538 1452 κατὰ
1569 1394 1749 1453 πάντα

139 1482 218 1554 τῷ
265 1480 430 1553 πατρὶ
481 1481 984 1552 παρωμοιωμένην,
1035 1482 1130 1551 τῆς
1174 1477 1435 1549 θεότητός
1479 1502 1536 1536 τε
1578 1476 1747 1550 αὐτῆς

139 1561 240 1635 τὴν
290 1561 556 1635 ὁμοίωσιν
610 1566 1030 1636 ἐπιφερομένην.
1107 1566 1186 1619 13.
1230 1561 1403 1635 ταύτη
1453 1567 1749 1663 τοιγαροῦν

140 1648 231 1703 καὶ
264 1645 437 1703 αὐτὸν
480 1671 553 1712 ως
592 1671 664 1703 αν
702 1645 876 1717 μόνον
907 1645 1035 1703 υιὸν
1065 1647 1156 1703 καὶ
1186 1645 1358 1718 μόνον
1399 1644 1585 1703 εἰκόνα
1615 1645 1748 1703 ὅντα

138 1733 239 1788 τοῦ
267 1734 406 1788 θεοῦ
437 1733 530 1787 καὶ
561 1733 657 1802 τῆς
690 1727 995 1803 αγεννήτου
1020 1732 1110 1787 καὶ
1145 1728 1389 1802 ἀναρχου
1417 1736 1514 1787 τοῦ
1544 1730 1748 1803 πατρὸς

77 1836 117 1869 20
140 1811 330 1882 οὐσίας
369 1812 463 1880 τὰς
510 1817 773 1888 δυνάμεις
804 1813 940 1871 κατὰ
969 1813 1029 1871 τὸ
1074 1812 1426 1886 παράδειγμα
1465 1817 1559 1887 τῆς
1599 1810 1746 1887 ὁμοι-

141 1897 324 1965 ω’σεως
355 1902 854 1972 περιβεβλημένον,
886 1897 997 1956 ὑπό
1026 1921 1086 1955 τε
1116 1902 1213 1954 τοῦ
1239 1896 1464 1955 πάντων
1493 1922 1748 1971 τεχνικω-

140 1981 306 2040 τάτου
336 1986 428 2040 καὶ
459 1981 934 2056 πανεπιστήμονος
968 1980 1260 2057 ζωγράφου
1286 2006 1344 2039 τε
1368 1985 1459 2039 καὶ
1484 1987 1749 2051 ζωοποιοῦ

142 2066 344 2141 πατρὸς
387 2073 465 2134 εἰς
505 2066 564 2124 τὸ
612 2074 688 2125 ἔτι
728 2066 950 2141 ἀκριβὲς
998 2071 1094 2140 τῆς
1133 2065 1443 2138 ὁμοιώσεως
1484 2064 1750 2138 ἀπειργα-

143 2153 375 2224 σμένον,
416 2151 554 2208 θεὸν
597 2150 818 2218 εἰκότως
862 2157 919 2208 οἰ
953 2161 1101 2208 θεῖοι
1141 2149 1545 2224 ἀναγορεύουσι
1575 2150 1747 2222 λόγοι,

77 2254 120 2286 25
143 2231 214 2301 ὡς
245 2237 337 2292 καὶ
365 2234 566 2308 ταύτης
596 2233 730 2308 μετὰ
759 2238 871 2292 τῶν
901 2234 1086 2293 ἄλλων
1109 2233 1257 2306 παρὰ
1285 2237 1385 2291 τοῦ
1406 2232 1608 2307 πατρὸς
1639 2232 1750 2305 ἠξι-

144 2321 357 2391 ωμένον
386 2323 480 2390 τῆς
513 2326 912 2392 προσηγορίας,
946 2318 1210 2392 εἰληφότα
1238 2342 1327 2390 τε,
1359 2315 1480 2374 ἀλλ’
1515 2315 1616 2375 οῦκ
1649 2324 1749 2374 ἰδι-

141 2400 370 2474 όκτητον
402 2401 574 2475 αὐτὴν
617 2402 894 2477 ἐσχηκότα.
968 2408 1047 2460 14.
1081 2400 1109 2460 ὁ
1140 2403 1243 2475 μὲν
1283 2401 1388 2474 γαρ
1425 2407 1686 2472 δίδωσιν,
1719 2397 1746 2456 ὁ

147 2485 206 2540 δὲ
237 2485 530 2558 λαμβάνει·
580 2485 718 2545 ὥστε
749 2493 954 2558 κυρίως
978 2489 1067 2543 καὶ
1087 2491 1183 2544 ἕνα
1210 2489 1423 2543 ἐκεῖνον
1448 2485 1589 2542 εἶναι
1613 2482 1750 2541 θεὸν

146 2569 236 2623 καὶ
278 2568 448 2639 μόνον
491 2571 594 2643 μὲν
624 2573 716 2628 καὶ
760 2569 928 2644 φύσει
967 2569 1100 2627 ὅντα
1141 2572 1232 2625 καὶ
1270 2568 1343 2640 μὴ
1386 2566 1518 2641 παρ’
1560 2569 1748 2641 ἑτέρου

80 2671 122 2703 30
147 2649 413 2724 λαβόντα,
469 2652 563 2710 τὸν
607 2656 666 2712 δὲ
705 2659 818 2712 τῶν
861 2659 1192 2726 δευτερείων
1231 2649 1502 2723 ἠξιῶσθαι
1559 2654 1649 2708 καὶ
1689 2675 1748 2708 το

146 2733 283 2791 θεὸν
325 2734 465 2792 εἶναι
506 2737 746 2808 λαβόντα
787 2738 935 2809 παρὰ
975 2741 1073 2794 τοῦ
1111 2735 1314 2810 πατρὸς
1355 2742 1531 2808 ἔχειν,
1577 2734 1650 2801 ὡς
1681 2732 1751 2792 ἂν

148 2816 333 2874 εἰκόνα
351 2823 448 2875 τοῦ
471 2823 629 2892 θεοῦ,
661 2824 784 2893 μιᾶς
811 2821 894 2878 ἐπ’
932 2819 1141 2894 ἀμφοῖν
1164 2817 1298 2876 κατα
1321 2818 1380 2876 τὸ
1404 2819 1751 2892 παράδειγμα

1776 999 1797 1030 b

1775 2509 1797 2540 d
