1946 3158
573 119 879 162 DEMONST.
900 119 1120 161 EVANG.
1143 119 1228 160 111.
1254 122 1292 160 7.
1634 117 1736 168 201

122 236 365 311 Ἰησοῦν,
406 235 504 294 τὸν
533 234 774 307 Χριστὸν
804 237 905 291 τοῦ
933 237 1101 307 θεοῦ,
1144 236 1237 292 καὶ
1284 231 1432 308 παρα
1462 247 1574 300 τοῖς
1606 252 1738 290 σαυ-

127 324 228 380 τοῦ
275 317 698 394 ὡμολογημένον
745 315 812 375 οὐ
867 316 1036 391 γόητα
1080 315 1212 376 οὐδὲ
1252 319 1572 392 φαρμακέα,
1614 314 1736 374 ἀλλ’

130 403 335 477 εὐσεβῆ
363 405 455 461 καὶ
487 402 834 460 δικαιότατον
857 405 948 459 καὶ
974 401 1151 475 σοφὸν
1181 405 1272 459 καὶ
1304 401 1584 476 οὐρανίων
1614 398 1740 469 ἀψί-

133 495 248 547 δων
278 487 551 561 οἰκήτορα.
624 491 672 543 4.
707 483 735 543 ὁ
781 484 848 558 δὴ
889 479 992 544 οὖν
1031 491 1275 554 τοιοῦτος
1316 490 1431 553 πῶς
1462 481 1531 543 ἂν
1561 484 1740 551 ἄλλως

85 584 107 619 5
128 577 241 631 τῶν
292 570 620 647 παραδόξων
670 578 848 643 ἔργων
900 570 1118 643 γεγόνει
1159 569 1384 644 ποιητὴς
1423 566 1456 644 ἢ
1507 568 1740 643 δυνάμει

129 664 288 733 θεία,
322 653 393 729 ἣν
424 658 515 712 καὶ
546 654 610 712 τὰ
643 655 761 728 ίερά
793 653 950 726 λόγια
979 659 1358 729 μαρτυροῦσιν
1389 651 1566 731 αὐτῷ,
1598 657 1739 711 θεοῦ

129 740 297 814 λόγον
326 742 418 818 καὶ
449 744 589 797 θεοῦ
634 737 873 812 δύναμιν
911 738 1012 812 τὴν
1051 736 1311 796 ἀνωτάτω
1346 741 1404 795 ἐν
1434 736 1741 812 ἀνθρώπου

129 829 316 900 μορφῇ
348 828 440 881 καὶ
464 822 713 897 σχήματι,
745 827 954 895 μᾶλλον
981 820 1034 878 δ’
1071 827 1131 879 ἐν
1155 820 1296 896 αὐτῇ
1319 825 1481 895 σαρκὶ
1513 824 1604 878 καὶ
1636 821 1742 878 σώ-

130 934 258 983 ματι
289 909 640 980 κατοικῆσαι,
674 908 766 963 καὶ
796 909 981 964 πᾶσαν
1011 905 1114 978 τὴν
1146 910 1206 963 ἐν
1236 905 1556 981 ἀνθρώποις
1599 911 1741 963 οἰκο-

65 1012 106 1044 10
128 998 330 1067 νομίαν
362 994 666 1049 ἐπιτελέσαι
694 994 1106 1065 μαρτυροῦντας
1145 995 1192 1048 5.
1227 992 1318 1047 καὶ
1351 989 1419 1047 σύ
1455 989 1503 1047 δ’
1541 986 1610 1048 ἂν
1641 988 1742 1047 αὐ-
1764 1014 1853 1056 (135)

129 1075 219 1144 τὸς
249 1075 588 1149 καταμάθοις
617 1074 677 1132 τὸ
710 1082 910 1132 ἔνθεον
940 1079 1036 1148 τῆς
1067 1078 1193 1148 περὶ
1225 1074 1397 1132 αὐτοῦ
1430 1074 1738 1147 δυνάμεως,

134 1168 188 1219 εἰ
214 1167 462 1234 λογίσαιο
492 1166 573 1226 τίς
605 1182 736 1217 ποτε
768 1156 847 1216 ὢν
891 1157 998 1233 ἄρα
1042 1158 1143 1232 τὴν
1174 1158 1350 1232 φύσιν
1391 1162 1482 1216 καὶ
1514 1165 1741 1231 πηλίκος

131 1243 339 1319 ἄνδρας
373 1243 610 1310 εὐτελεῖς
644 1247 696 1312 ἐξ
728 1242 914 1310 ἆλείας
946 1246 1037 1301 καὶ
1068 1246 1334 1302 ταπεινοῦ
1363 1249 1491 1315 βίου
1522 1262 1740 1317 προσοι-

133 1327 527 1401 κειωσαμενος,
569 1326 781 1394 τούτοις
828 1331 1084 1402 κέχρηται
1117 1327 1392 1394 διακόνοις
1426 1329 1513 1384 ἐπὶ
1545 1352 1743 1401 κατορ-

70 1429 110 1462 15
132 1412 309 1470 θεύσει
339 1411 656 1512 πράγματος
686 1433 865 1468 παντα
896 1411 1268 1478 καλύπτοντος
1309 1411 1488 1484 λόγον.
1543 1417 1589 1468 6.
1627 1417 1742 1468 δια-

133 1498 360 1569 νοηθεὶς
401 1520 505 1568 γαρ
546 1491 575 1551 ὃ
615 1497 810 1568 μηδεὶς
853 1494 1074 1553 πώποτε
1124 1494 1329 1569 νόμους
1370 1502 1609 1562 οἰκείους
1651 1497 1738 1552 καὶ

133 1583 297 1652 ξένην
337 1585 706 1636 διδασκαλίαν
747 1585 824 1645 εἰς
864 1603 1043 1637 παντα
1084 1593 1446 1653 κατασπειραι
1484 1604 1550 1636 τα
1582 1586 1741 1651 ἐθνη,

133 1666 223 1721 καὶ
257 1663 460 1729 παντὸς
491 1666 686 1735 γένους
718 1660 1039 1737 ἀνθρώπων
1081 1662 1417 1720 διδάσκαλον
1459 1662 1742 1735 εὐσεβείας

135 1746 257 1815 ἕνὸς
300 1751 399 1804 τοῦ
445 1749 533 1804 ἐπὶ
579 1745 806 1804 πάντων
850 1751 993 1804 θεοῦ
1042 1746 1242 1804 ἑαυτὸν
1272 1744 1582 1820 ἀποφῆναι,
1628 1762 1786 1814 τοϊςι,

69 1850 110 1882 20
133 1831 358 1890 πάντων
381 1828 787 1905 ἄγροικοτοὲτοις
811 1834 902 1888 καὶ
924 1828 1324 1898 εὐτελεστάτοις
1348 1830 1590 1904 ἡγήσατο
1615 1835 1742 1908 χρῆ-

134 1927 266 1974 σθαι
297 1919 393 1989 τῆς
423 1921 628 1983 οἰκείας
659 1919 865 1988 βουλῆς
895 1912 1212 1989 ὑπηρέταις,
1247 1914 1390 1982 εἰκός
1415 1940 1539 1973 τινα
1570 1938 1742 1989 παρα-

132 1999 413 2073 λογώτατα
442 2004 618 2057 ταῦτα
650 1997 822 2057 αὐτὸν
851 2002 1211 2073 πεποιηκέναι
1241 2007 1480 2073 νομίσαι.
1550 2005 1594 2055 7.
1630 2003 1744 2066 πῶς

131 2084 236 2158 γὰρ
267 2089 325 2142 oc
349 2085 489 2158 μηδὲ
523 2087 709 2158 διᾶραι
746 2083 1047 2158 δυνάμενοι
1078 2083 1278 2158 στόμα,
1311 2080 1416 2142 κᾶν
1445 2083 1564 2150 ἑνός
1595 2108 1743 2151 τινος

133 2167 456 2226 διδάσκαλοι
498 2172 866 2241 κατέστησαν,
909 2168 1035 2242 οὐχί
1073 2193 1136 2242 γε
1166 2168 1391 2242 ἀνδρῶν
1432 2169 1737 2242 συλλόγου;

69 2269 111 2302 ²5
132 2257 247 2320 πῶς
280 2251 333 2310 δ’
367 2249 437 2311 ἂν
467 2251 671 2326 πλήθει
692 2255 1084 2326 διειλέχθησαν
1114 2259 1172 2311 οι
1197 2272 1375 2325 πασης
1409 2252 1559 2319 ἐκτὸς
1589 2276 1741 2325 γεγο-

131 2336 285 2404 νότες
331 2343 614 2407 παιδείας;
660 2334 798 2394 αλλα
840 2336 987 2394 τοῦτ’
1038 2330 1109 2410 ἦν
1154 2335 1259 2411 ἄρα
1304 2335 1364 2394 τὸ
1403 2343 1499 2409 τῆς
1542 2339 1742 2394 ἐνθέου

133 2424 337 2494 βουλῆς
367 2424 459 2478 καὶ
489 2446 584 2494 της
616 2420 949 2495 ἐνεργούσης
982 2426 1042 2479 ἐν
1062 2419 1248 2488 αὐτοῖς
1268 2427 1428 2487 θείας
1456 2419 1742 2493 δυναμεως

134 2504 556 2576 παραστατικόν.
652 2504 998 2572 ἀνακαλέσας
1060 2509 1202 2578 γοῦν
1254 2503 1456 2571 αὐτούς
1514 2503 1579 2560 τὰ
1640 2504 1743 2577 μὲν

134 2587 323 2662 πρῶτά
372 2607 508 2662 φησι
539 2587 771 2660 ““δεῦτε,
814 2586 1180 2648 ἀκολουθεῖτέ
1214 2613 1332 2663 μοι,
1388 2590 1480 2644 καὶ
1531 2585 1741 2661 ποιήσω

70 2687 111 2723 3ο
133 2667 275 2744 ὑμᾶς
307 2668 478 2739 ἁλιεῖς
508 2671 883 2748 ἀνθρώπων.”
941 2679 987 2731 8.
1018 2673 1207 2745 ἐπειδὴ
1235 2674 1294 2730 δὲ
1325 2669 1517 2730 λοιπὸν
1542 2669 1742 2738 αὐτοὺς
1765 2709 1782 2731 0

250 2866 301 2905 29
332 2865 475 2904 Marc.
501 2868 537 2917 1,
564 2868 628 2909 17.
