1992 3186
262 129 367 180 416
942 126 1190 167 EUSEBII

265 249 473 317 λογῶν,
518 241 686 299 αὐτὸν
730 241 798 313 δὴ
837 240 933 297 τὸν
963 243 1062 296 τοῦ
1089 247 1230 297 θεοῦ
1262 239 1454 313 λόγον,
1498 244 1592 313 τῆς
1632 267 1690 299 τε
1724 247 1872 316 ἱερᾶς

265 332 481 428 γραφῆς
521 323 694 382 αὐτοῦ
733 322 1143 426 ἀπαρχόμενος,
1192 323 1331 397 ὁμοῦ
1370 330 1436 398 τῇ
1476 332 1741 401 θεολογίᾳ
1781 329 1873 383 καὶ
1930 340 1938 347 “

264 412 364 484 τὴν
397 419 666 482 ἔνσαρκον
705 406 875 465 αὐτοῦ
924 414 1002 474 είς
1032 406 1368 479 ἀνθρώπους
1398 417 1729 481 παρίστησιν
1761 414 1873 467 ε’πι-

218 520 242 550 d
268 501 470 567 δημίαν
501 493 604 550 “έν
648 492 787 566 ἀρχῇ
827 485 896 564 ἦν
935 490 963 548 ὃ
1004 491 1195 565 λόγος,
1247 495 1339 549 καὶ
1380 489 1408 549 6
1451 492 1610 565 λόγος
1640 485 1710 565 ἦν
1740 495 1874 566 πρὸς

263 579 360 636 τὸν
390 576 555 649 θεὸν,
598 580 690 634 καὶ
729 575 861 642 θεὸς
903 568 972 648 ἦν
1011 575 1039 632 ὁ
1080 574 1254 649 λόγος.
1325 601 1486 642 ουτος
1526 569 1597 649 ἦν
1644 581 1704 635 ἐν
1733 575 1873 651 ἀρχῇ
1897 605 1918 635 5

265 661 400 734 πρὸς
440 660 536 719 τὸν
579 660 732 718 θεόν.
805 659 984 717 πάντα
1027 659 1100 717 δι’
1149 660 1320 718 αὐτοῦ
1363 658 1635 732 ἐγένετο,”
1669 661 1872 733 φήσας·

263 746 477 811 τούτοις
518 749 642 818 ἑξῆς
675 744 896 816 ἐπάγων
917 743 1048 801 “uoci
1079 743 1107 801 ὁ
1139 744 1298 817 λόγος
1330 744 1463 816 σὰρξ
1497 749 1739 818 ἐγένετο,
1785 749 1874 802 καὶ

267 829 583 902 ἐσκήνωσεν
629 834 688 886 ἐν
719 826 906 901 ἡμῖν.”
978 833 1026 885 3.
1060 828 1158 886 τὸν
1189 827 1360 886 αύτόν
1391 828 1459 901 δὴ
1489 828 1696 902 τρόπον
1725 833 1817 886 καὶ
1848 829 1876 886 ὁ

263 917 560 979 θεσπέσιος
591 912 875 1013 προφήτης
899 914 1037 970 θεὸν
1070 918 1128 970 ἐκ
1158 915 1447 984 παρθένου
1472 917 1879 986 γεγεννημένον

264 1002 480 1072 μέλλων
528 996 926 1098 ἀνακηρύττειν
971 997 1074 1068 τὴν
1120 1002 1347 1065 ἔνδοξον
1390 997 1564 1054 αὐτοῦ
1605 1004 1877 1055 θεοπτίαν
1900 1025 1941 1056 10

266 1093 610 1155 προθεωρεῖ,
663 1083 773 1138 ωδε
813 1080 916 1154 τήν
959 1089 1258 1155 θεολογίαν
1312 1104 1654 1155 υπογραφων
1683 1081 1878 1140 “εἶό“ον

264 1167 361 1224 τὸν
401 1165 596 1241 κύριον
624 1165 880 1237 Σαβαωθ
921 1165 1243 1239 καθήμενον
1286 1169 1373 1222 ἐπὶ
1411 1165 1628 1239 θρόνου
1657 1165 1879 1238 ὑψηλοῦ

265 1257 357 1308 καὶ
391 1253 729 1323 ἐπηρμένου,
763 1253 854 1306 καὶ
885 1249 1096 1322 πλήρης
1127 1249 1155 1307 ὁ
1187 1251 1336 1316 οἶκος
1367 1253 1463 1321 τῆς
1496 1249 1655 1322 δόξης
1685 1250 1874 1322 αὐτοῦ,

265 1339 355 1392 καὶ
386 1337 648 1407 Σεραφὶμ
682 1333 1030 1405 εἰστήκεισαν
1061 1334 1245 1411 κύκλῳ
1270 1331 1459 1391 αὐτοῦ.
1524 1338 1580 1401 ἓξ
1611 1337 1877 1408 πτέρυγες

264 1425 339 1495 τῷ
380 1421 463 1476 ἑνὶ
504 1422 594 1474 καὶ
637 1423 692 1486 ἓξ
735 1421 1002 1490 πτέρυγες
1041 1422 1119 1495 τῷ
1151 1422 1257 1476 ἑνί’
1322 1420 1413 1474 καὶ
1456 1433 1573 1484 ταῖς
1613 1420 1715 1491 μὲν
1747 1421 1877 1475 δυσὶ
1899 1443 1940 1475 15

267 1502 575 1560 ἐκάλυπτον
605 1500 665 1559 τὸ
698 1501 1027 1574 πρόσωπον,
1058 1517 1177 1569 ταῖς
1212 1504 1271 1559 δὲ
1304 1505 1434 1559 δυσὶ
1464 1502 1878 1560 κατεκάλυπτον

159 1610 245 1651 (310)
267 1587 393 1654 τοὺς
422 1585 621 1652 πόδας·
668 1601 787 1652 ταῖς
820 1587 881 1643 δὲ
913 1589 1080 1646 δυσὶν
1111 1590 1387 1644 ἐπέταντο.
1458 1589 1550 1643 καὶ
1583 1589 1879 1659 έκέκραγον

270 1675 452 1744 ε’τερος
502 1669 637 1744 πρὸς
675 1670 772 1727 τὸν
829 1674 1047 1744 ἕτερον,
1102 1675 1194 1728 καὶ
1247 1678 1469 1743 ἔλεγον,
1521 1668 1675 1742 ἅγιος
1724 1695 1877 1742 αγιος

267 1755 456 1828 κύριος
469 1753 751 1827 Σαβαωθ,
784 1755 995 1859 πλήρης
1021 1759 1167 1812 πᾶσα
1191 1780 1224 1827 η
1249 1759 1318 1827 γῆ
1341 1759 1436 1826 τῆς
1463 1753 1621 1826 δόξης
1647 1751 1835 1811 αύτοῦ.
1844 1750 1873 1771 ”

265 1845 315 1896 4.
351 1843 444 1896 καὶ
486 1842 606 1910 ἑξῆς
649 1835 938 1909 ἐπιλέγει“
947 1842 1038 1894 καὶ
1069 1838 1279 1911 ἥκουσα
1321 1844 1416 1910 τῆς
1456 1841 1646 1910 φωνῆς
1678 1845 1876 1908 κυρίου
1898 1864 1940 1896 20

267 1926 548 1995 λέγοντος,
590 1929 714 1979 τίνα
755 1923 1062 1979 ἀποστείλω
1076 1967 1090 1994 ,
1136 1925 1228 1978 καὶ
1268 1930 1350 1987 τίς
1381 1920 1710 1991 πορεύσεται
1741 1921 1877 1994 πρὸς

267 2007 363 2063 τὸν
394 2006 529 2063 λαὸν
557 2011 783 2076 τοῦτον;
824 2009 915 2062 καὶ
949 2007 1104 2077 εἶπα,
1148 2004 1273 2062 ἰδού
1307 2005 1412 2077 ἐγώ
1447 2012 1583 2079 εἰμι,
1626 2003 1877 2063 ἀπόστει-

269 2089 367 2147 λόν
397 2114 479 2162 με.
541 2092 632 2145 καὶ
667 2089 787 2145 εἷπε
817 2089 953 2161 πρός
983 2113 1078 2162 με,
1112 2089 1450 2165 πορεύθητι,
1491 2093 1584 2146 καὶ
1615 2091 1773 2146 εἷπον
1801 2093 1879 2166 τῷ

269 2177 385 2249 λαῷ
413 2171 619 2249 τούτῳ,
661 2170 798 2246 ἀκοῇ
840 2171 1139 2246 ἀκούσετε,
1182 2176 1274 2230 καὶ
1305 2171 1372 2230 ού
1402 2174 1475 2246 μὴ
1509 2178 1740 2246 συνῆτε,
1785 2177 1876 2230 καὶ

268 2260 563 2330 βλέποντες
595 2259 852 2329 βλέψετε,
886 2260 976 2314 καὶ
1007 2257 1074 2314 οὐ
1105 2258 1177 2330 μὴ
1210 2263 1378 2330 ἴδητε.
1452 2257 1740 2330 ἐπαχύνθη
1771 2258 1876 2329 γὰρ
1899 2281 1942 2314 25

268 2341 300 2413 ἡ
333 2347 535 2413 καρδία
565 2345 663 2397 τοῦ
694 2347 828 2398 λαοῦ
859 2340 1085 2412 τούτου,
1118 2344 1209 2397 καὶ
1239 2355 1352 2406 τοῖς
1386 2340 1524 2397 ὠσὶν
1564 2338 1749 2398 αυτῶν
1780 2347 1876 2411 βα-

270 2429 405 2499 ρέως
429 2424 694 2498 ἥκουσαν,
719 2427 810 2482 καὶ
833 2425 959 2491 τοὺς
982 2388 1309 2498 ὀφθαλμους
1327 2424 1512 2482 αὑτων
1534 2425 1875 2533 ἐκαμμυσαν,

222 2533 245 2564 b
270 2509 479 2582 μήποτε
520 2515 680 2566 ἰδωσι
721 2524 834 2575 τοῖς
873 2508 1210 2582 ὀφθαλμοις,
1258 2513 1349 2565 καὶ
1390 2524 1503 2575 τοῖς
1546 2508 1682 2566 ὠσὶν
1713 2508 1876 2566 ἀκού-

271 2613 438 2666 σωσι,
481 2597 574 2650 καὶ
612 2600 678 2667 τῇ
710 2600 912 2668 καρδία
942 2598 1184 2667 συνῶσι,
1227 2597 1319 2650 καὶ
1352 2597 1747 2667 ἐπιστρέψωσι,
1784 2595 1876 2650 καὶ

271 2676 507 2750 ίοὲσωμαι
549 2676 763 2744 αὐτούς.
848 2680 940 2734 καὶ
980 2678 1135 2750 εἶπα,
1191 2681 1292 2743 ἕως
1331 2677 1490 2751 πότε,
1540 2677 1729 2750 κύριε;
1782 2681 1939 2734 καὶ30

383 2871 410 2907 4
439 2869 503 2908 10.
530 2872 566 2919 ι,
593 2872 630 2912 1.
808 2874 856 2910 11
891 2873 1032 2918 Es.6‚
1060 2873 1095 2910 1.
