1992 3186
559 111 863 154 DEMONST.
897 113 1119 157 EVANG.
1152 113 1206 153 x.
1239 115 1278 154 8.
1615 110 1718 163 687

111 231 372 302 ἐκκλησίᾳ
394 227 624 302 μεγάλῃ,
654 232 750 300 τῆς
775 225 862 285 ἐπ’
895 225 1121 301 ὀνόματι
1152 225 1327 285 αὐτοῦ
1354 225 1630 299 συστάσης
1663 230 1719 295 ἐξ

111 315 297 371 ἐθνῶν
335 310 470 370 καθ’
515 311 645 385 ὅλης
683 317 779 385 τῆς
809 316 1134 385 οἰκουμένης
1181 316 1470 385 ἐκκλησίας
1508 335 1715 385 μνημο-

109 396 321 468 νεύων,
369 400 429 454 ἐν
459 390 495 471 ᾐ
525 395 553 454 ὃ
595 399 722 497 περὶ
759 399 860 455 τοῦ
889 415 1132 470 σωτηρος
1171 396 1328 470 ἡμῶν
1369 402 1590 462 ἔπαινος
1624 394 1718 452 δια

107 479 311 548 παντὸς
341 479 562 556 ἅδεται,
592 480 823 553 νεύματι
852 488 951 538 τοῦ
981 479 1185 554 πατρὸς
1209 479 1382 538 αὐτοῦ
1405 483 1497 538 καὶ
1520 501 1716 554 συνερ-

63 591 83 624 5
108 573 217 641 γίᾳ.
284 571 398 623 105.
436 565 523 623 διό
561 585 699 670 φησι
721 564 908 639 “παρόι
949 571 1049 623 σοῦ
1079 565 1108 623 ὁ
1140 564 1363 631 ἔπαινός
1401 589 1509 638 μου
1541 569 1600 622 ἐν
1630 569 1718 622 ἐκ·

108 657 307 726 κλησία
335 646 600 724 μεγάλῃ.”
661 649 870 723 μεγάλη
901 650 1005 723 γὰρ
1038 649 1110 717 ῶς
1141 649 1367 723 ἀληθῶς
1397 648 1431 722 ἡ
1457 652 1720 722 ἐκκλησία

107 734 249 807 αὕτη
282 739 341 792 ἐκ
382 732 586 801 παντὸς
624 739 822 807 γένους
862 733 1182 808 ἀνθρώπων
1215 737 1716 807 συγκεκροτημένη,

107 816 240 876 οὐδε
270 825 675 893 συγκρίνεσθαι
717 818 807 875 δια
847 818 909 876 τὸ
941 818 1145 892 σεμνὸν
1183 822 1274 876 καὶ
1303 818 1587 893 ὑπερφυὲς
1617 821 1719 876 τοῦ

107 910 236 975 βίου
266 905 358 960 καὶ
389 901 480 961 διὰ
508 903 568 961 τὸ
599 908 711 960 τῶν
743 902 1033 976 δογμάτων
1062 906 1296 977 μέγεθος
1327 902 1452 971 ἀξία
1483 909 1557 979 τῷ
1582 900 1717 961 'Iov-
1742 926 1767 959 d

43 1018 83 1049 10
109 994 285 1046 δαίων
309 993 463 1046 ἔθνει
486 991 577 1045 καὶ
601 992 668 1062 τῇ
690 995 802 1045 τῶν
826 993 885 1046 ἐκ
908 991 1202 1062 περιτομῆς
1226 990 1545 1062 συναγωγῇ,
1568 986 1718 1062 πάσῃ

107 1078 348 1148 πτωχεία
378 1071 547 1145 λόγου
579 1075 671 1129 καὶ
702 1079 830 1145 βίου
862 1075 953 1129 καὶ
993 1072 1343 1146 φρονήματος
1375 1075 1467 1129 καὶ
1498 1076 1593 1144 τῆς
1624 1069 1717 1128 ἅλ-

108 1166 204 1230 λης
246 1159 373 1231 περὶ
411 1162 553 1215 θεοῦ
594 1156 755 1229 δόξης
797 1159 1223 1231 ἐσμικρυμμένῃ.
1299 1162 1414 1214 106.
1451 1155 1551 1214 εἶτ’
1598 1159 1718 1213 ἐπι-

108 1244 255 1314 λέγει
288 1237 422 1308 “vdes
465 1239 626 1315 εὐχάς
666 1266 773 1314 μου
824 1247 899 1318 τῷ
939 1248 1115 1318 κυρίῳ
1158 1239 1435 1299 ἀποδώσω
1479 1239 1719 1298 ἐνώπιον

106 1325 332 1384 πάντων
353 1330 466 1384 τῶν
488 1329 856 1399 φοβουμένων
879 1323 1107 1398 αὐτόν,”
1140 1328 1525 1399 φοβουμένους
1549 1318 1721 1382 αὐτὸν

43 1440 83 1472 15
105 1409 402 1469 ἀποκαλῶν
455 1411 557 1483 τὴν
619 1410 887 1484 πρότερον
947 1407 1361 1483 ὀνομασθεῖσαν
1422 1413 1722 1482 ἐκκλησίαν

105 1494 379 1569 μεγάλην,
411 1493 493 1562 οἷς
525 1494 749 1567 ἔλεγεν
754 1491 831 1552 ‘oo
855 1494 1195 1568 φοβούμενοι
1225 1493 1321 1552 τὸν
1344 1493 1540 1568 κύριον
1570 1498 1720 1552 αἰνέ-

107 1600 239 1639 σατε
269 1577 476 1637 αὐτόνῖ
556 1586 717 1647 ποίας
750 1580 811 1636 δε
843 1577 1004 1653 εὐχάς
1034 1577 1350 1638 ἀποδώσειν
1387 1581 1562 1687 φησὶν
1591 1576 1625 1650 ἢ
1655 1575 1720 1644 ἃς

107 1668 494 1738 ἐπηγγείλατο;
536 1670 697 1731 ποίας
729 1666 792 1721 δε
823 1667 1183 1737 ἐπηγγείλατο
1223 1660 1256 1737 ἢ
1288 1667 1501 1730 ἐκείνας
1535 1661 1610 1719 δι’
1641 1664 1722 1720 ῶν

107 1755 279 1821 ἔφησε
302 1744 672 1821 “διηγη’σομαι
702 1748 762 1805 τό
793 1747 968 1821 όνομά
998 1767 1101 1806 σου
1142 1762 1254 1814 τοῖς
1294 1748 1560 1821 ἀδελφοῖς
1590 1771 1719 1820 μου,

35 1861 82 1893 ·2o
109 1837 169 1891 ἐν
198 1835 349 1908 μέσῳ
382 1836 671 1905 ἐκκλησίας
716 1831 945 1905 ὑμνήσω
976 1830 1106 1903 σε;”
1151 1830 1307 1905 εὐχαὶ
1349 1831 1454 1905 γάρ
1488 1837 1633 1896 εἰσιν
1662 1835 1723 1888 αἰ

109 1921 462 1990 ἐπαγγελίαι,
502 1913 566 1984 ἂς
599 1916 1060 1990 ἐπαγγειλάμενος
1108 1915 1313 1974 δώσειν
1353 1920 1412 1974 ἐν
1452 1918 1601 1992 μέσῳ
1634 1919 1718 1973 ἐκ·

108 2008 337 2074 κλησίας
391 2007 786 2074 διεβεβαιοῦτο.
879 2007 996 2058 107.
1037 2001 1255 2068 τούτοις
1307 2004 1427 2074 ἑξῆς
1480 2001 1719 2072 ἐπιλέγει

99 2083 413 2159 “φάγονται
451 2088 683 2158 πένητες
723 2088 814 2143 καὶ
859 2085 1379 2160 ἐμπλησθήσονται,
1432 2088 1524 2142 καὶ
1568 2087 1714 2143 αἰνέ-

109 2190 270 2228 σουσι
300 2169 498 2242 κύριον
519 2175 577 2228 οὗ
604 2174 951 2243 ἐκζητοῦντες
983 2168 1182 2243 αὐτὸν,
1216 2169 1470 2243 ζήσονται
1493 2175 1555 2226 αἱ
1580 2194 1715 2243 καρ-
1739 2188 1832 2230 (510)

45 2283 86 2315 25
111 2261 225 2313 δίαι
267 2253 453 2313 αὐτῶν
498 2261 575 2322 είς
620 2258 796 2312 αἰῶνα
827 2252 1082 2323 αἰῶνος.”
1160 2254 1584 2328 μνησθήσονται
1625 2255 1719 2309 καὶ

110 2337 613 2412 ἐπιστραφήσονται
653 2339 789 2413 πρὸς
829 2338 1028 2411 κύριον
1068 2337 1248 2395 πάντα
1287 2337 1353 2395 τὰ
1383 2341 1592 2409 πέρατα
1621 2342 1719 2409 τῆς

108 2426 235 2495 γῆς,
282 2425 376 2479 καὶ
419 2421 906 2495 προσκυνήσουσιν
951 2420 1191 2479 ἐνῶπιον
1235 2419 1410 2479 αὐτοῦ
1453 2424 1624 2478 πᾶσαι
1662 2424 1725 2477 αἱ

108 2508 334 2578 πατριαὶ
364 2511 478 2564 τῶν
508 2510 724 2578 ἐθνῶν,
767 2503 851 2563 ὅτι
881 2511 979 2563 τοῦ
1009 2512 1208 2577 κυρίου
1237 2502 1271 2577 ἡ
1302 2511 1586 2576 βασιλεία,
1627 2507 1720 2562 καὶ

111 2589 275 2657 αὐτὸς
318 2589 569 2659 δεσπόζει
620 2593 733 2647 τῶν
773 2586 1014 2647 ἐθνῶν.”
1100 2595 1215 2647 108.
1262 2588 1335 2646 δι’
1382 2580 1462 2646 ῶν
1500 2587 1720 2662 σφόδρα

46 2703 88 2735 30
112 2673 435 2740 ἀκολούθως
474 2673 540 2730 τὰ
581 2674 716 2748 μετὰ
754 2672 857 2746 τὴν
895 2672 1198 2732 ἀνάστασιν
1228 2672 1401 2731 αὑτοῦ
1431 2672 1721 2745 κατορθῶ-

113 2784 254 2832 ματα
285 2756 600 2831 ἀναφωνεῖ,
631 2754 667 2814 ἃ
696 2760 786 2815 καὶ
818 2757 1173 2832 πεπλήρωται
1207 2757 1299 2814 διὰ
1328 2763 1422 2830 τῆς
1454 2761 1508 2826 ἐξ
1539 2756 1718 2814 ἁπάν-
1746 2780 1832 2822 [318]

114 2868 225 2901 των
254 2847 365 2900 τῶν
397 2846 582 2900 ἐθνῶν
612 2843 884 2916 κλήσεως,
918 2842 1010 2900 διά
1040 2867 1098 2900 τε
1127 2847 1223 2916 τῆς
1268 2846 1327 2900 ἐν
1366 2855 1480 2908 τοῖς
1521 2845 1719 2915 πέρασι
