1946 3158
193 115 296 168 104
871 116 1122 158 EUSEssn

189 230 324 289 λαὸν
366 228 542 289 αὐτοῦ
579 229 646 289 ὃν
684 233 952 306 προέγνω.
1026 227 1058 304 ἢ
1097 229 1199 289 οὐκ
1243 237 1430 291 οἴδατε
1472 236 1531 291 ἐν
1556 230 1712 310 Ἠλία
1750 241 1806 292 τί

190 320 336 390 λέγει
390 312 423 389 ἡ
472 315 687 390 γραφὴ,
743 314 815 382 ὥς
873 315 1193 390 ἐντυγχάνει
1242 323 1318 394 τῷ
1341 320 1479 395 ,θεῷ
1519 316 1655 375 κατὰ
1702 324 1803 376 τοῦ

91 425 158 465 (65)
182 399 418 476 Ἰσραὴλ,
452 399 609 474 κύριε
631 399 760 467 τοῦς
791 399 1077 474 προφήτας
1096 418 1200 458 σου
1230 399 1578 476 ἀπέκτειναν,
1611 400 1677 460 τα
1697 413 1801 461 θυ·

193 483 486 559 σιαστήριά
518 503 620 542 σου
651 487 1032 558 κατέσκαψαν,
1064 481 1214 558 καγώ
1237 481 1592 560 ὑπελείφθην
1615 485 1798 561 μόνος,

195 573 285 627 καὶ
318 572 542 642 ζητοῦσί
566 593 673 643 μου
704 593 805 644 την
835 567 1047 644 ψυχὴν,
1078 572 1178 627 τοῦ
1208 576 1401 643 λαβεῖν
1432 569 1621 645 αὐτήν.
1663 568 1801 629 ἄλλα
1823 594 1847 629 5

194 661 251 712 τί
298 656 445 727 λέγει
498 650 650 730 αὐτῷ
699 649 727 710 ὁ
776 653 1172 730 χρηματισμός;
1240 658 1532 713 κατέλιπον
1587 659 1803 734 ἐμαυτῷ

197 741 642 812 ἑπτακισχιλίους
662 736 919 840 ἅρνδρας,
932 744 1132 806 οίτινες
1164 736 1266 797 οῦκ
1288 747 1540 814 ἔκαμψαν
1569 739 1708 812 γόνυ
1737 743 1806 814 τῇ

193 822 362 880 Βάαλ.
426 821 602 890 ου’τως
643 824 746 880 οῦν
777 826 868 881 καὶ
912 826 970 880 ἐν
1000 827 1075 901 τῷ
1107 827 1215 882 νῦν
1245 828 1418 903 καιρῷ
1450 832 1650 899 λεῖμμα
1681 820 1804 882 κατ’

196 907 431 981 ἐκλογὴν
461 905 679 981 χάριτος
710 905 982 981 γέγονεν.)

322 997 404 1050 57.
425 990 542 1050 Ὅτι
568 989 623 1050 δ’
656 989 759 1050 οῦκ
783 998 860 1060 εἰς
884 990 1053 1050 ἄλλον
1076 991 1290 1067 καιρὸν,
1322 990 1448 1050 ἀλλ’
1486 998 1562 1060 εἰς
1582 992 1679 1051 τὸν
1708 996 1804 1066 τῆς
1828 1018 1870 1051 10

196 1079 524 1150 ἐπιφανείας
570 1077 669 1134 τοῦ
709 1081 954 1151 σωτῆρος
995 1075 1151 1151 ἡμῶν
1174 1076 1353 1152 Ἰησοῦ
1395 1081 1638 1150 Χριστοῦ
1669 1096 1807 1136 συν-

145 1185 167 1218 b
193 1166 362 1219 τείνει
394 1157 427 1234 ἡ
459 1167 795 1235 προφητεία,
840 1163 962 1234 ἑξῆς
1001 1158 1030 1219 ὁ
1063 1161 1222 1236 λόγος
1253 1161 1388 1236 μετὰ
1427 1161 1487 1220 τὸ
1518 1161 1695 1236 φάναι
1718 1158 1812 1220 “sl

195 1244 268 1319 μὴ
293 1243 483 1318 κύριος
497 1244 754 1319 Σαβαωθ
786 1248 1141 1320 ἐγκατέλιπεν
1171 1244 1304 1322 ἡμῖν
1336 1249 1569 1322 σπέρμα,
1604 1243 1675 1315 ὥς
1697 1244 1806 1305 Σό-

195 1335 336 1404 δομα
378 1326 450 1388 ἂν
492 1330 839 1405 ἐγενήθημεν
883 1334 974 1388 καὶ
1015 1330 1087 1398 ὡς
1118 1330 1375 1406 Γόμορρα
1415 1326 1486 1388 ἂν
1517 1327 1806 1404 ὡμοιώθη-

191 1412 353 1487 μεν,”
390 1412 486 1471 τὸν
516 1414 696 1472 πάντα
726 1419 837 1473 τῶν
861 1412 1149 1474 Ἰουδαίων
1189 1414 1325 1474 λαόν
1355 1413 1490 1474 λαὸν
1519 1413 1806 1489 Γομόρρας
1828 1438 1873 1472 15

190 1496 490 1572 ὀνομάσας,
522 1498 651 1567 τοῦς
677 1500 738 1557 δὲ
759 1496 1101 1574 ἡγουμένους
1124 1499 1310 1559 αὐτῶν
1332 1497 1597 1574 ἄρχοντας
1629 1499 1808 1558 Σοδό-

191 1608 330 1657 μων,
366 1584 613 1658 ἐπιφέρει
631 1590 965 1660 παραίτησιν
990 1587 1085 1658 τῆς
1106 1585 1244 1643 κατὰ
1266 1588 1482 1645 Μωσέα
1502 1590 1807 1659 θρησκείας

193 1670 285 1725 καὶ
317 1672 414 1741 τῆς
447 1667 540 1726 δια
570 1673 669 1727 τοῦ
701 1675 946 1744 σωτῆρος
978 1670 1136 1744 ἡμῶν
1165 1673 1337 1728 πᾶσιν
1359 1667 1680 1744 ἀνθρώποις
1710 1693 1805 1726 κα-

192 1755 564 1827 τηγγελμένης
607 1753 882 1829 διαθήκης
912 1753 1009 1812 τὸν
1037 1753 1244 1830 τρόπον
1262 1799 1276 1827 ,
1321 1755 1461 1827 λέγω
1495 1754 1555 1811 δὲ
1584 1752 1681 1810 τὸν
1713 1753 1806 1810 διὰ

194 1841 431 1912 λουτροῦ
463 1845 918 1912 παλιγγενεσίας,
962 1835 1129 1911 λόγον
1167 1861 1228 1895 τε
1258 1836 1521 1914 ἄντικρυς
1551 1838 1681 1896 νέον
1713 1840 1804 1895 καὶ
1827 1862 1872 1895 20

103 1945 169 1988 με]
196 1921 367 1996 νόμον
399 1925 644 1995 εἰσῆκται
686 1926 747 1980 ἐν
776 1925 845 1997 τῇ
883 1924 1010 1998 περὶ
1050 1925 1162 1980 τῶν
1190 1922 1458 1981 τοιούτων
1487 1920 1804 1997 προρρήσει.

193 2009 276 2063 58.
313 2008 460 2078 λέγει
501 2003 556 2063 δ’
600 1998 706 2064 οῦν
737 2003 1049 2065 οεἀκούσατε
1089 2006 1256 2081 λόγου
1303 2014 1503 2080 κυρίου
1542 2004 1804 2081 ἄρχοντες

143 2119 160 2142 c
192 2088 495 2164 Σοδόμων,
537 2093 832 2166 προσέχετε
867 2089 1037 2166 νόμον
1067 2096 1208 2150 θεοῦ
1247 2091 1375 2160 λαός
1406 2089 1721 2167 Γομόρρας,
1752 2097 1812 2149 τί

191 2198 282 2249 μοι
315 2178 529 2249 πλῆθος
562 2179 674 2233 τῶν
713 2179 936 2234 θυσιῶν
965 2174 1194 2250 ὑμῶν;”
1240 2179 1331 2234 καὶ
1363 2175 1428 2234 τὰ
1463 2179 1618 2250 ἑξῆς,
1662 2172 1803 2249 ἅπερ

192 2264 370 2317 οἰκεῖα
421 2256 555 2318 ὅντα
606 2262 701 2334 τῆς
753 2260 890 2318 κατὰ
929 2263 1143 2319 Μωσέα
1202 2267 1537 2336 νομοθεσίας
1586 2259 1804 2318 ἆνελών
1824 2283 1869 2317 25

191 2340 504 2417 ἀντεισάγει
527 2341 778 2418 άφέσεως
801 2344 1206 2421 ἁμαρτημάτων
1229 2350 1419 2420 ἕτερον
1447 2342 1674 2418 τρόπον,
1705 2342 1803 2402 τὸν

194 2427 283 2485 δια
313 2432 413 2487 τοῦ
442 2436 717 2503 σωτηρίου
748 2433 986 2504 λουτροῦ
1016 2433 1107 2488 καὶ
1138 2434 1240 2489 τοῦ
1269 2428 1377 2488 σῦν
1405 2428 1580 2507 τούτῳ
1602 2453 1801 2503 κηρυτ-

191 2515 425 2588 τομένου
468 2519 598 2588 βίου
638 2517 816 2588 λέγων
849 2511 1198 2590 “λου’σασθε,
1253 2516 1492 2589 καθαροὶ
1542 2517 1798 2586 γενέσθε,

191 2594 422 2672 ἀφέλετε
461 2598 556 2666 τας
601 2607 870 2676 πονηρίας
914 2598 1021 2658 ἀπὸ
1061 2601 1173 2658 τῶν
1212 2602 1409 2674 ψυχῶν
1447 2594 1674 2672 ῦμῶν·”
1707 2598 1800 2655 καὶ

188 2682 254 2739 τὰ
287 2685 421 2757 ἑξῆς.
482 2687 564 2742 59.
597 2682 865 2760 ἄρχοντας
898 2685 957 2742 δὲ
980 2683 1272 2759 Σοδόμων,
1305 2685 1394 2741 καὶ
1420 2681 1555 2740 λαὸν
1586 2681 1799 2758 Γομόρ-
1820 2706 1866 2739 30

307 2877 359 2916 22
391 2877 468 2920 Es.
494 2879 530 2929 1,
558 2880 623 2922 10.
798 2880 852 2920 27
882 2879 959 2919 Es.
984 2880 1022 2928 1,
1048 2878 1113 2918 16.
