1992 3186
658 146 960 189 DEMONST.
996 147 1216 191 EVANG.
1251 148 1302 188 V.
1336 149 1372 187 1.
1674 145 1779 198 299

158 268 394 335 καρδίαν
425 261 734 332 ἀνθρώπου
765 262 869 319 οὐκ
899 259 1125 334 ἀνέβη,”
1163 262 1298 318 κατὰ
1331 261 1426 318 τὸν
1451 261 1602 334 ἱερὸν
1634 261 1779 320 ἀπό-

159 355 384 419 στολον,
419 346 560 404 πολὺ
592 346 862 419 πρότερον
892 346 1070 420 πάσης
1104 349 1321 413 ἐννοίας
1355 348 1639 419 ἐπέκεινα,
1671 345 1777 419 α’ρ-

159 456 297 504 ρητα
329 435 418 488 καὶ
450 428 908 504 άκατωνόμαστα,
950 428 1286 503 άνεπινόητά
1317 455 1374 488 τε
1406 433 1497 487 καὶ
1528 428 1774 489 άνενθύ-

156 540 298 590 μητα
330 518 542 588 γένοιτο
573 511 643 572 ἂν
673 515 737 572 τὰ
769 518 896 586 περὶ
931 519 1024 588 τῆς
1057 515 1275 588 πρώτης
1306 518 1406 572 τοί
1435 519 1773 588 μονογενοῦς

115 626 135 659 5
157 604 257 658 τοῦ
286 603 426 658 θεοῦ
458 603 752 671 γενέσεως,
785 598 918 657 ἄλλο
950 601 1126 673 μηδὲν
1158 602 1327 657 πλέον
1352 597 1592 672 ἐχόντων
1616 600 1775 672 ἡμῶν

155 688 279 757 περὶ
314 684 485 741 αὐτοῦ
516 687 700 757 λέγειν
729 709 787 742 τε
818 687 910 742 καὶ
941 699 1122 756 νοεῖν,
1168 680 1200 757 ἢ
1232 683 1334 756 τὴν
1365 682 1564 756 γενεὰν
1594 681 1773 742 αὐτοῦ

157 776 238 835 τίς
271 768 618 841 διηγήσεται;
675 775 726 825 εἰ
767 771 831 825 δέ
870 794 951 835 τις
992 766 1192 826 τούτου
1235 770 1540 840 περαιτέρω
1581 772 1776 842 χωρῶν
1796 791 1887 832 (215)

138 853 326 927 -τόλμῃ
360 860 669 926 προαχθείη
699 852 766 909 τὰ
797 851 975 925 πάντη
1006 849 1346 924 άπερινόητα
1377 851 1652 923 ὁρατικοῖς
1683 856 1776 910 καὶ

158 951 486 1010 σωματικοῖς
517 936 895 1010 παραβάλλειν
925 938 1327 1009 ὑποδείγμασι,
1361 936 1497 1009 τάχα
1528 933 1599 994 ἂν
1632 947 1776 995 εἰποι

96 1048 136 1080 10
159 1024 253 1094 τῆς
283 1028 380 1079 τοῦ
413 1019 615 1092 πατρὸς
647 1018 955 1094 άγεννήτου
987 1019 1212 1094 φύσεως
1244 1022 1336 1076 καὶ
1367 1026 1461 1093 τῆς
1492 1016 1772 1093 άνεκφρά-

160 1125 292 1164 στου
323 1103 545 1178 οὐσίας,
580 1104 764 1179 ὥσπερ
799 1103 1045 1162 εὐωδίαν
1074 1105 1198 1161 τινὰ
1229 1107 1322 1161 καὶ
1353 1103 1534 1176 φωτὸς
1570 1103 1770 1178 αὐγὴν,

158 1190 254 1248 τὸν
284 1189 411 1248 υἰὸν
442 1195 494 1259 ἐξ
526 1188 775 1262 ἀπείρων
806 1188 1047 1261 αἰώνων,
1081 1192 1292 1262 μᾶλλον
1318 1190 1374 1245 δὲ
1407 1189 1512 1261 πρὸ
1546 1188 1774 1247 πάντων

165 1273 387 1332 αἰώνων
416 1270 744 1346 ὑποστῆναι,
776 1273 1084 1347 γενόμενόν
1113 1297 1172 1330 τε
1203 1289 1475 1346 συνεῖναι,
1511 1276 1602 1330 καὶ
1636 1294 1774 1347 συγ-

163 1357 465 1431 γενόμενον
495 1358 582 1415 ἀεὶ
613 1364 688 1434 τῷ
720 1361 883 1459 πατρὶ
930 1382 1001 1424 ως
1041 1364 1116 1435 τῷ
1157 1358 1317 1435 μύρω
1347 1358 1407 1415 τὸ
1442 1356 1648 1426 εὐῶδες
1682 1361 1773 1416 καὶ

101 1466 140 1499 15
162 1446 239 1519 τςὸ
269 1444 410 1515 φωτὶ
442 1442 542 1514 τὴν
574 1439 783 1516 αὐγὴν,
815 1440 939 1499 ἀλλ’
980 1439 1046 1498 οὐ
1076 1457 1191 1507 τοις
1230 1441 1604 1515 ὑποδείγμασι
1635 1467 1772 1500 κατα

167 1525 347 1583 πάντα
370 1525 575 1597 τρόπον
599 1525 819 1599 ὁμοίως,
854 1545 1039 1598 ωσπερ
1064 1528 1168 1583 οὐν
1192 1524 1301 1598 ἤδη
1326 1525 1598 1599 πρότερον
1623 1537 1775 1599 εἰρη-
1799 1553 1820 1584 b

161 1635 263 1668 ται.
338 1616 414 1666 19.
463 1610 529 1666 τὰ
559 1635 661 1683 μεν
690 1635 796 1683 γαρ
828 1608 1016 1683 άψυχα
1057 1609 1283 1682 σώματα
1325 1610 1385 1667 τὸ
1419 1607 1770 1683 συμβεβηκὸς

163 1699 222 1752 ἐν
261 1693 509 1767 ποιότησι
549 1697 859 1767 κέκτηνται·
939 1693 974 1767 ἥ
1026 1718 1084 1751 τε
1134 1719 1238 1766 γαρ
1292 1691 1435 1767 αὐγὴ
1488 1694 1885 1767 σύμφυτοςΠΒΰέ

162 1771 300 1836 οὖσα
339 1782 404 1852 τῇ
446 1783 543 1836 τοῦ
584 1778 766 1851 φωτὸς
808 1777 979 1850 φύσει
1030 1781 1122 1835 καὶ
1163 1776 1449 1845 οὐσιωδώς
1490 1779 1772 1851 συνυπάρ-

98 1889 138 1922 20
163 1882 335 1936 χουσα
365 1867 440 1939 τῷ
472 1866 634 1935 φωτὶ,
667 1862 770 1919 οὐκ
801 1860 871 1920 ἂν
905 1862 1130 1920 δύναιτο
1157 1861 1307 1930 ἐκτὸς
1331 1862 1640 1935 ὑφεστάναι
1671 1867 1775 1920 τοῦ

163 1951 221 2004 ἐν
263 1949 304 2004 ὠ
352 1951 528 2004 ἐστιν·
596 1946 625 2004 ὁ
669 1951 733 2004 δέ
769 1972 831 2019 γε
871 1953 969 2004 τοῦ
1008 1954 1150 2004 θεοῦ
1189 1946 1350 2020 λόγος
1392 1946 1522 2004 καθ’
1575 1946 1773 2005 ἑαυτὸν

162 2030 430 2089 οὐσιωταί
455 2055 514 2088 τε
546 2035 635 2088 καὶ
667 2031 964 2105 ὑφέστηκε.
999 2034 1089 2087 καὶ
1125 2055 1228 2088 ουκ
1255 2030 1571 2104 ἆγεννήτως
1597 2052 1774 2089 συνυ-

163 2115 357 2189 πάρχει
387 2118 465 2172 τώ
495 2119 678 2188 πατρὶ,
713 2115 835 2173 ἀλλ’
871 2140 943 2181 ως
973 2115 1277 2188 μονογενὴς
1319 2115 1438 2182 υίὸς
1470 2115 1636 2187 μόνος
1667 2115 1771 2188 πρὸ

162 2199 386 2258 πάντων
416 2203 528 2258 τών
559 2199 781 2258 αἰώνων
813 2204 874 2257 ἐκ
904 2205 1002 2257 τοῦ
1033 2198 1237 2271 πατρὸς
1267 2202 1695 2273 γεγεννημένος,
1737 2199 1772 2272 ἥ
1805 2235 1821 2256 e

99 2309 139 2342 25
162 2307 220 2340 τε
265 2283 472 2342 εὐωδία
517 2283 766 2358 ἀπορροή
807 2309 887 2350 τις
927 2277 1067 2342 οὖσα
1108 2284 1388 2356 σωματικὴ
1418 2287 1518 2341 τοῦ
1546 2283 1770 2341 ὑποκει-

163 2372 352 2441 μένον,
385 2371 476 2425 καὶ
519 2366 585 2425 οὐ
617 2367 746 2426 καθ’
785 2367 990 2440 ἑαυτὴν
1022 2368 1172 2433 ἐκτὸς
1203 2373 1303 2425 τοῦ
1334 2367 1558 2439 πρώτον
1590 2374 1770 2424 αἰτίου

165 2451 224 2507 τὸ
239 2453 552 2558 πλησιάζον
583 2456 886 2526 πληροῦσα,
919 2450 1093 2509 οὐδεν
1122 2453 1288 2524 ἧττον
1319 2451 1598 2524 σωματικὴ
1630 2444 1771 2508 οὖσα

167 2536 256 2590 καὶ
289 2535 426 2608 αὐτὴ
457 2537 732 2609 τυγχάνει
801 2542 886 2594 20.
935 2533 1002 2593 οὐ
1044 2535 1215 2609 ταύτῃ
1261 2537 1363 2593 οὐν
1393 2532 1527 2608 ἡμῖν
1560 2533 1772 2607 νοηθή-

167 2635 318 2674 σεται
349 2622 438 2675 καὶ
469 2645 534 2677 τα
565 2624 691 2692 περὶ
720 2624 815 2690 τῆς
847 2619 1067 2694 πρώτης
1098 2616 1413 2685 οὐσιώσεως
1454 2622 1549 2676 τοῦ
1591 2623 1773 2689 σωτῆ-

105 2728 145 2759 30
171 2725 261 2773 ρος
292 2701 462 2774 ἡμῶν.
532 2701 664 2761 οὐδὲ
695 2704 800 2776 γάρ
834 2708 886 2773 ἐξ
918 2701 1114 2770 οὐσίας
1155 2707 1249 2775 τῆς
1291 2700 1599 2775 άγεννήτου
1631 2702 1770 2760 κατά

169 2810 217 2842 τι
250 2785 429 2851 πάθος
461 2783 493 2858 ἢ
528 2792 800 2859 διαίρεσιν
830 2788 1198 2860 οὐσιωμένος,
1241 2785 1378 2844 οὐδέ
1413 2811 1475 2859 γε
1519 2785 1771 2860 ἀνάρχως

171 2871 556 2942 συνυφέστηκε
585 2877 660 2947 τῷ
693 2875 887 2946 πατρὶ,
931 2874 1047 2929 ἐπεὶ
1087 2870 1115 2928 ὁ
1150 2872 1251 2943 μὲν
1282 2868 1606 2944 άγέννητος,
1649 2869 1677 2927 ὁ
1712 2872 1769 2927 δὲ
