<?xml version="1.0" encoding="UTF-8"?>
<!DOCTYPE html PUBLIC "-//W3C//DTD XHTML 1.0 Transitional//EN"
    "http://www.w3.org/TR/xhtml1/DTD/xhtml1-transitional.dtd">
<html xmlns="http://www.w3.org/1999/xhtml" xml:lang="en" lang="en">
 <head>
  <title>
</title>
<meta http-equiv="Content-Type" content="text/html;charset=utf-8" />
  <meta name='ocr-system' content='tesseract 3.04.00' />
  <meta name='ocr-capabilities' content='ocr_page ocr_carea ocr_par ocr_line ocrx_word'/>
</head>
<body>
  <div class='ocr_page' id='page_1' title='image "./operaeusebius03euseuoft_0197.png"; bbox 0 0 1946 3158; ppageno 0'>
   <div class='ocr_carea' id='block_1_1' title="bbox 554 107 1756 181">
    <p class='ocr_par' dir='ltr' id='par_1_1' title="bbox 554 107 1756 181">
     <span class='ocr_line' id='line_1_1' title="bbox 554 107 1756 181; baseline 0.008 -11"><span class='ocrx_word' id='word_1_1' title='bbox 554 107 862 173; x_wconf 71' lang='lat' dir='ltr'><strong>DEMONS&#39;T.</strong></span> <span class='ocrx_word' id='word_1_2' title='bbox 894 130 1114 173; x_wconf 81' lang='lat' dir='ltr'>EVANG.</span> <span class='ocrx_word' id='word_1_3' title='bbox 1146 131 1230 172; x_wconf 89' lang='lat'>111.</span> <span class='ocrx_word' id='word_1_4' title='bbox 1262 132 1303 171; x_wconf 88' lang='lat'><strong><em>4.</em></strong></span> <span class='ocrx_word' id='word_1_5' title='bbox 1336 130 1375 172; x_wconf 84' lang='lat'><strong><em>5.</em></strong></span> <span class='ocrx_word' id='word_1_6' title='bbox 1656 128 1756 181; x_wconf 83' lang='lat'><strong><em>173</em></strong></span> 
     </span>
    </p>
   </div>
   <div class='ocr_carea' id='block_1_2' title="bbox 83 241 1870 2940">
    <p class='ocr_par' dir='ltr' id='par_1_2' title="bbox 83 241 1870 2940">
     <span class='ocr_line' id='line_1_2' title="bbox 136 241 1758 319; baseline -0.001 -16"><span class='ocrx_word' id='word_1_7' title='bbox 136 244 321 319; x_wconf 79' lang='grc' dir='ltr'><strong><em>“μάλα</em></strong></span> <span class='ocrx_word' id='word_1_8' title='bbox 351 242 592 312; x_wconf 82' lang='grc' dir='ltr'><strong><em>ἀναιδῶς</em></strong></span> <span class='ocrx_word' id='word_1_9' title='bbox 622 242 705 302; x_wconf 79' lang='grc' dir='ltr'><strong><em>ὅτι</em></strong></span> <span class='ocrx_word' id='word_1_10' title='bbox 738 244 807 318; x_wconf 79' lang='grc' dir='ltr'><strong><em>δὴ</em></strong></span> <span class='ocrx_word' id='word_1_11' title='bbox 832 250 1001 303; x_wconf 79' lang='grc' dir='ltr'><strong><em>πᾶσιν</em></strong></span> <span class='ocrx_word' id='word_1_12' title='bbox 1031 241 1165 319; x_wconf 80' lang='grc' dir='ltr'><strong><em>ἡμῖν</em></strong></span> <span class='ocrx_word' id='word_1_13' title='bbox 1198 245 1334 318; x_wconf 82' lang='grc' dir='ltr'><strong><em>μετὰ</em></strong></span> <span class='ocrx_word' id='word_1_14' title='bbox 1367 243 1425 302; x_wconf 82' lang='grc' dir='ltr'><strong><em>τὸ</em></strong></span> <span class='ocrx_word' id='word_1_15' title='bbox 1451 248 1511 302; x_wconf 82' lang='grc' dir='ltr'><strong><em>ἐκ</em></strong></span> <span class='ocrx_word' id='word_1_16' title='bbox 1540 248 1758 319; x_wconf 79' lang='grc' dir='ltr'><strong><em>νεκρῶν</em></strong></span> 
     </span>
     <span class='ocr_line' id='line_1_3' title="bbox 137 327 1870 403; baseline -0.001 -16"><span class='ocrx_word' id='word_1_17' title='bbox 137 327 484 403; x_wconf 75' lang='grc' dir='ltr'><strong><em>“ἀναβιῶσαι</em></strong></span> <span class='ocrx_word' id='word_1_18' title='bbox 516 331 876 403; x_wconf 76' lang='grc' dir='ltr'><strong><em>συνεγένετο,</em></strong></span> <span class='ocrx_word' id='word_1_19' title='bbox 921 332 1102 397; x_wconf 79' lang='grc' dir='ltr'><em>ἑστίας</em></span> <span class='ocrx_word' id='word_1_20' title='bbox 1132 354 1193 387; x_wconf 90' lang='grc' dir='ltr'><strong><em>τε</em></strong></span> <span class='ocrx_word' id='word_1_21' title='bbox 1222 332 1314 387; x_wconf 78' lang='grc' dir='ltr'><strong><em>καὶ</em></strong></span> <span class='ocrx_word' id='word_1_22' title='bbox 1343 333 1551 403; x_wconf 82' lang='grc' dir='ltr'><strong><em>τροφῆς</em></strong></span> <span class='ocrx_word' id='word_1_23' title='bbox 1582 329 1756 403; x_wconf 86' lang='grc' dir='ltr'><strong><em>συνή-</em></strong></span> <span class='ocrx_word' id='word_1_24' title='bbox 1779 352 1870 394; x_wconf 71' lang='grc'>(114)</span> 
     </span>
     <span class='ocr_line' id='line_1_4' title="bbox 137 411 1757 488; baseline -0.001 -15"><span class='ocrx_word' id='word_1_25' title='bbox 137 411 317 482; x_wconf 74' lang='grc' dir='ltr'><strong><em>“θους</em></strong></span> <span class='ocrx_word' id='word_1_26' title='bbox 349 414 699 487; x_wconf 74' lang='grc' dir='ltr'><strong><em>ἐκοινώνησε.</em></strong></span> <span class='ocrx_word' id='word_1_27' title='bbox 762 419 848 471; x_wconf 77' lang='lat'><strong><em>51.</em></strong></span> <span class='ocrx_word' id='word_1_28' title='bbox 881 416 1250 488; x_wconf 79' lang='grc' dir='ltr'><em>φυλαττέσθω</em></span> <span class='ocrx_word' id='word_1_29' title='bbox 1284 413 1334 472; x_wconf 80' lang='grc' dir='ltr'><strong><em>δ’</em></strong></span> <span class='ocrx_word' id='word_1_30' title='bbox 1371 414 1503 488; x_wconf 79' lang='grc' dir='ltr'><strong><em>ἡμῖν</em></strong></span> <span class='ocrx_word' id='word_1_31' title='bbox 1533 419 1668 474; x_wconf 83' lang='grc' dir='ltr'><strong><em>πᾶσι</em></strong></span> <span class='ocrx_word' id='word_1_32' title='bbox 1698 412 1757 472; x_wconf 83' lang='grc' dir='ltr'>τό</span> 
     </span>
     <span class='ocr_line' id='line_1_5' title="bbox 139 496 1760 573; baseline 0 -17"><span class='ocrx_word' id='word_1_33' title='bbox 139 496 399 567; x_wconf 76' lang='grc' dir='ltr'><strong><em>“ἀναιδὲς</em></strong></span> <span class='ocrx_word' id='word_1_34' title='bbox 431 502 523 557; x_wconf 85' lang='grc' dir='ltr'><strong><em>καὶ</em></strong></span> <span class='ocrx_word' id='word_1_35' title='bbox 553 498 950 573; x_wconf 81' lang='grc' dir='ltr'><strong><em>ἀδιάτρεπτον,</em></strong></span> <span class='ocrx_word' id='word_1_36' title='bbox 982 501 1190 572; x_wconf 82' lang='grc' dir='ltr'><em>μενέτω</em></span> <span class='ocrx_word' id='word_1_37' title='bbox 1225 500 1285 557; x_wconf 76' lang='grc' dir='ltr'><strong><em>δὲ</em></strong></span> <span class='ocrx_word' id='word_1_38' title='bbox 1315 498 1348 572; x_wconf 81' lang='grc' dir='ltr'>ἡ</span> <span class='ocrx_word' id='word_1_39' title='bbox 1381 505 1631 566; x_wconf 80' lang='grc' dir='ltr'><strong><em>ἔκστασις</em></strong></span> <span class='ocrx_word' id='word_1_40' title='bbox 1662 501 1760 572; x_wconf 81' lang='grc' dir='ltr'><strong><em>με’-</em></strong></span> 
     </span>
     <span class='ocr_line' id='line_1_6' title="bbox 103 579 1759 659; baseline -0.001 -16"><span class='ocrx_word' id='word_1_41' title='bbox 103 580 266 659; x_wconf 69' lang='grc' dir='ltr'><strong><em>5“χρι</em></strong></span> <span class='ocrx_word' id='word_1_42' title='bbox 294 583 576 642; x_wconf 75' lang='grc' dir='ltr'><strong><em>θανάτου·</em></strong></span> <span class='ocrx_word' id='word_1_43' title='bbox 633 591 692 641; x_wconf 93' lang='grc' dir='ltr'><strong><em>τί</em></strong></span> <span class='ocrx_word' id='word_1_44' title='bbox 716 583 821 659; x_wconf 75' lang='grc' dir='ltr'><strong><em>γὰρ</em></strong></span> <span class='ocrx_word' id='word_1_45' title='bbox 853 586 944 641; x_wconf 82' lang='grc' dir='ltr'><strong><em>καὶ</em></strong></span> <span class='ocrx_word' id='word_1_46' title='bbox 976 582 1182 642; x_wconf 73' lang='grc' dir='ltr'><strong><em>ἄτοπον</em></strong></span> <span class='ocrx_word' id='word_1_47' title='bbox 1211 579 1352 657; x_wconf 75' lang='grc' dir='ltr'><strong><em>ὑπὲρ</em></strong></span> <span class='ocrx_word' id='word_1_48' title='bbox 1392 586 1492 642; x_wconf 81' lang='grc' dir='ltr'><strong><em>τοῦ</em></strong></span> <span class='ocrx_word' id='word_1_49' title='bbox 1520 581 1759 657; x_wconf 79' lang='grc' dir='ltr'><strong><em>μηδενὸς</em></strong></span> 
     </span>
     <span class='ocr_line' id='line_1_7' title="bbox 141 665 1759 742; baseline -0.001 -16"><span class='ocrx_word' id='word_1_50' title='bbox 141 665 594 741; x_wconf 78' lang='grc' dir='ltr'><strong><em>“ἀποθνήσκειν;</em></strong></span> <span class='ocrx_word' id='word_1_51' title='bbox 627 676 681 726; x_wconf 88' lang='grc' dir='ltr'><strong><em>τί</em></strong></span> <span class='ocrx_word' id='word_1_52' title='bbox 713 669 774 726; x_wconf 77' lang='grc' dir='ltr'><strong><em>δὲ</em></strong></span> <span class='ocrx_word' id='word_1_53' title='bbox 805 670 895 726; x_wconf 80' lang='grc' dir='ltr'><strong><em>καὶ</em></strong></span> <span class='ocrx_word' id='word_1_54' title='bbox 927 676 1095 726; x_wconf 89' lang='grc' dir='ltr'><strong><em>λυπεῖ</em></strong></span> <span class='ocrx_word' id='word_1_55' title='bbox 1130 667 1367 742; x_wconf 83' lang='grc' dir='ltr'><strong><em>μηδενὸς</em></strong></span> <span class='ocrx_word' id='word_1_56' title='bbox 1399 665 1635 741; x_wconf 77' lang='grc' dir='ltr'><em>εὐλόγου</em></span> <span class='ocrx_word' id='word_1_57' title='bbox 1665 667 1759 742; x_wconf 85' lang='grc' dir='ltr'><strong><em>χά-</em></strong></span> 
     </span>
     <span class='ocr_line' id='line_1_8' title="bbox 138 749 1760 827; baseline -0.001 -17"><span class='ocrx_word' id='word_1_58' title='bbox 138 749 268 827; x_wconf 72' lang='grc' dir='ltr'><strong><em>“ριν</em></strong></span> <span class='ocrx_word' id='word_1_59' title='bbox 300 752 565 826; x_wconf 78' lang='grc' dir='ltr'><strong><em>μάστιγας</em></strong></span> <span class='ocrx_word' id='word_1_60' title='bbox 600 755 692 811; x_wconf 85' lang='grc' dir='ltr'><strong><em>καὶ</em></strong></span> <span class='ocrx_word' id='word_1_61' title='bbox 735 752 1014 825; x_wconf 79' lang='grc' dir='ltr'><strong><em>βασάνους</em></strong></span> <span class='ocrx_word' id='word_1_62' title='bbox 1039 752 1176 810; x_wconf 78' lang='grc' dir='ltr'><strong><em>κατὰ</em></strong></span> <span class='ocrx_word' id='word_1_63' title='bbox 1214 757 1312 811; x_wconf 87' lang='grc' dir='ltr'><strong><em>τοῦ</em></strong></span> <span class='ocrx_word' id='word_1_64' title='bbox 1351 751 1596 826; x_wconf 77' lang='grc' dir='ltr'><strong><em>σώματος</em></strong></span> <span class='ocrx_word' id='word_1_65' title='bbox 1641 752 1760 827; x_wconf 86' lang='grc' dir='ltr'><strong><em>[λα-</em></strong></span> 
     </span>
     <span class='ocr_line' id='line_1_9' title="bbox 138 835 1760 911; baseline -0.001 -16"><span class='ocrx_word' id='word_1_66' title='bbox 138 837 354 911; x_wconf 77' lang='grc' dir='ltr'><strong><em>“βεῖν],</em></strong></span> <span class='ocrx_word' id='word_1_67' title='bbox 398 843 448 894; x_wconf 84' lang='grc' dir='ltr'><strong><em>εἰ</em></strong></span> <span class='ocrx_word' id='word_1_68' title='bbox 489 839 549 895; x_wconf 76' lang='grc' dir='ltr'><strong><em>δὲ</em></strong></span> <span class='ocrx_word' id='word_1_69' title='bbox 582 839 694 895; x_wconf 80' lang='grc' dir='ltr'><strong><em>δέοι</em></strong></span> <span class='ocrx_word' id='word_1_70' title='bbox 735 840 827 894; x_wconf 84' lang='grc' dir='ltr'><strong><em>καὶ</em></strong></span> <span class='ocrx_word' id='word_1_71' title='bbox 861 842 1257 911; x_wconf 79' lang='grc' dir='ltr'><strong><em>δεσμωτηρίων</em></strong></span> <span class='ocrx_word' id='word_1_72' title='bbox 1287 841 1607 911; x_wconf 77' lang='grc' dir='ltr'><strong><em>πειρᾶσθαι,</em></strong></span> <span class='ocrx_word' id='word_1_73' title='bbox 1641 835 1760 894; x_wconf 85' lang='grc' dir='ltr'><strong><em>ἀτι-</em></strong></span> 
     </span>
     <span class='ocr_line' id='line_1_10' title="bbox 139 918 1754 996; baseline 0 -17"><span class='ocrx_word' id='word_1_74' title='bbox 139 918 321 996; x_wconf 77' lang='grc' dir='ltr'><strong><em>“μιῶν</em></strong></span> <span class='ocrx_word' id='word_1_75' title='bbox 342 946 401 980; x_wconf 89' lang='grc' dir='ltr'><strong><em>τε</em></strong></span> <span class='ocrx_word' id='word_1_76' title='bbox 421 925 514 979; x_wconf 86' lang='grc' dir='ltr'><strong><em>καὶ</em></strong></span> <span class='ocrx_word' id='word_1_77' title='bbox 533 919 757 996; x_wconf 78' lang='grc' dir='ltr'><strong><em>ὕβρεων</em></strong></span> <span class='ocrx_word' id='word_1_78' title='bbox 776 920 920 994; x_wconf 75' lang='grc' dir='ltr'><strong><em>ὑπὲρ</em></strong></span> <span class='ocrx_word' id='word_1_79' title='bbox 945 918 1174 989; x_wconf 79' lang='grc' dir='ltr'><strong><em>οὐδενὸς</em></strong></span> <span class='ocrx_word' id='word_1_80' title='bbox 1197 919 1463 995; x_wconf 78' lang='grc' dir='ltr'><em>ἀληθοῦς,</em></span> <span class='ocrx_word' id='word_1_81' title='bbox 1479 925 1570 979; x_wconf 84' lang='grc' dir='ltr'><strong><em>καὶ</em></strong></span> <span class='ocrx_word' id='word_1_82' title='bbox 1592 919 1754 980; x_wconf 85' lang='grc' dir='ltr'><strong><em>τοῦθ’</em></strong></span> 
     </span>
     <span class='ocr_line' id='line_1_11' title="bbox 83 1002 930 1080; baseline 0 -16"><span class='ocrx_word' id='word_1_83' title='bbox 83 1032 125 1064; x_wconf 89' lang='lat'><strong><em>10</em></strong></span> <span class='ocrx_word' id='word_1_84' title='bbox 141 1002 313 1080; x_wconf 72' lang='grc' dir='ltr'><strong><em>“ἡμῖν</em></strong></span> <span class='ocrx_word' id='word_1_85' title='bbox 344 1004 451 1080; x_wconf 76' lang='grc' dir='ltr'><strong><em>ἤδη</em></strong></span> <span class='ocrx_word' id='word_1_86' title='bbox 482 1003 930 1080; x_wconf 83' lang='grc' dir='ltr'><strong><em>μεμελετήσθω.”</em></strong></span> 
     </span>
     <span class='ocr_line' id='line_1_12' title="bbox 276 1087 1760 1165; baseline 0.002 -20"><span class='ocrx_word' id='word_1_87' title='bbox 276 1090 345 1148; x_wconf 85' lang='lat' dir='ltr'><strong><em>V.</em></strong></span> <span class='ocrx_word' id='word_1_88' title='bbox 379 1095 463 1148; x_wconf 76' lang='lat'><strong><em>52.</em></strong></span> <span class='ocrx_word' id='word_1_89' title='bbox 488 1087 889 1165; x_wconf 77' lang='grc' dir='ltr'><strong><em>“Ψευδῶμεθα</em></strong></span> <span class='ocrx_word' id='word_1_90' title='bbox 922 1088 990 1163; x_wconf 83' lang='grc' dir='ltr'><strong><em>δὴ</em></strong></span> <span class='ocrx_word' id='word_1_91' title='bbox 1023 1089 1226 1157; x_wconf 81' lang='grc' dir='ltr'><strong><em>πάντες</em></strong></span> <span class='ocrx_word' id='word_1_92' title='bbox 1255 1088 1393 1164; x_wconf 85' lang='grc' dir='ltr'><strong><em>ὁμοῦ</em></strong></span> <span class='ocrx_word' id='word_1_93' title='bbox 1424 1088 1760 1163; x_wconf 76' lang='grc' dir='ltr'><strong><em>συμφώνως,</em></strong></span> 
     </span>
     <span class='ocr_line' id='line_1_13' title="bbox 141 1171 1762 1251; baseline -0.001 -17"><span class='ocrx_word' id='word_1_94' title='bbox 141 1171 272 1234; x_wconf 66' lang='lat' dir='ltr'><strong><em>“nal</em></strong></span> <span class='ocrx_word' id='word_1_95' title='bbox 302 1174 672 1250; x_wconf 81' lang='grc' dir='ltr'><strong><em>πλαττῶμεθα</em></strong></span> <span class='ocrx_word' id='word_1_96' title='bbox 715 1173 801 1233; x_wconf 84' lang='grc' dir='ltr'><strong><em>ἐπ’</em></strong></span> <span class='ocrx_word' id='word_1_97' title='bbox 836 1172 1066 1242; x_wconf 80' lang='grc' dir='ltr'><strong><em>οὐδενὸς</em></strong></span> <span class='ocrx_word' id='word_1_98' title='bbox 1107 1171 1379 1251; x_wconf 83' lang='grc' dir='ltr'><strong><em>ῶφελεία,</em></strong></span> <span class='ocrx_word' id='word_1_99' title='bbox 1424 1173 1555 1233; x_wconf 79' lang='grc' dir='ltr'><strong><em>οὔθ’</em></strong></span> <span class='ocrx_word' id='word_1_100' title='bbox 1602 1173 1762 1248; x_wconf 81' lang='grc' dir='ltr'><strong><em>ἡμῶν</em></strong></span> 
     </span>
     <span class='ocr_line' id='line_1_14' title="bbox 142 1256 1809 1334; baseline -0.001 -16"><span class='ocrx_word' id='word_1_101' title='bbox 142 1256 310 1320; x_wconf 69' lang='lat' dir='ltr'><strong>“02’va</strong></span> <span class='ocrx_word' id='word_1_102' title='bbox 333 1265 446 1319; x_wconf 83' lang='grc' dir='ltr'><strong><em>τῶν</em></strong></span> <span class='ocrx_word' id='word_1_103' title='bbox 468 1259 945 1334; x_wconf 81' lang='grc' dir='ltr'><strong><em>ἀπατωμένων,οὐ</em></strong></span> <span class='ocrx_word' id='word_1_104' title='bbox 956 1261 1014 1318; x_wconf 77' lang='grc' dir='ltr'><strong><em>δὲ</em></strong></span> <span class='ocrx_word' id='word_1_105' title='bbox 1038 1259 1150 1333; x_wconf 85' lang='grc' dir='ltr'><strong><em>μὴν</em></strong></span> <span class='ocrx_word' id='word_1_106' title='bbox 1171 1256 1344 1318; x_wconf 75' lang='grc' dir='ltr'><strong><em>αὐτοῦ</em></strong></span> <span class='ocrx_word' id='word_1_107' title='bbox 1367 1262 1468 1317; x_wconf 81' lang='grc' dir='ltr'><strong><em>τοῦ</em></strong></span> <span class='ocrx_word' id='word_1_108' title='bbox 1489 1257 1555 1316; x_wconf 84' lang='grc' dir='ltr'><strong><em>τά</em></strong></span> <span class='ocrx_word' id='word_1_109' title='bbox 1579 1263 1761 1333; x_wconf 81' lang='grc' dir='ltr'><strong><em>ψευδῆ</em></strong></span> <span class='ocrx_word' id='word_1_110' title='bbox 1787 1283 1809 1316; x_wconf 89' lang='lat' dir='ltr'>b</span> 
     </span>
     <span class='ocr_line' id='line_1_15' title="bbox 142 1340 1762 1419; baseline 0 -17"><span class='ocrx_word' id='word_1_111' title='bbox 142 1340 314 1419; x_wconf 74' lang='grc' dir='ltr'><strong><em>“πρός</em></strong></span> <span class='ocrx_word' id='word_1_112' title='bbox 346 1344 504 1418; x_wconf 82' lang='grc' dir='ltr'><strong><em>ἡμῶν</em></strong></span> <span class='ocrx_word' id='word_1_113' title='bbox 536 1348 972 1418; x_wconf 82' lang='grc' dir='ltr'><strong><em>ἐκθειαζομένου.</em></strong></span> <span class='ocrx_word' id='word_1_114' title='bbox 1035 1349 1119 1402; x_wconf 80' lang='grc'><strong><em>53.</em></strong></span> <span class='ocrx_word' id='word_1_115' title='bbox 1153 1350 1423 1418; x_wconf 85' lang='grc' dir='ltr'><strong><em>τείνωμεν</em></strong></span> <span class='ocrx_word' id='word_1_116' title='bbox 1455 1345 1516 1402; x_wconf 75' lang='grc' dir='ltr'><strong><em>δὲ</em></strong></span> <span class='ocrx_word' id='word_1_117' title='bbox 1538 1344 1599 1402; x_wconf 88' lang='grc' dir='ltr'><strong><em>τὸ</em></strong></span> <span class='ocrx_word' id='word_1_118' title='bbox 1630 1348 1762 1413; x_wconf 77' lang='grc' dir='ltr'><strong><em>ψεῦ-</em></strong></span> 
     </span>
     <span class='ocr_line' id='line_1_16' title="bbox 89 1424 1762 1502; baseline 0.001 -17"><span class='ocrx_word' id='word_1_119' title='bbox 89 1443 128 1485; x_wconf 81' lang='lat'><strong><em>15&#39;</em></strong></span> <span class='ocrx_word' id='word_1_120' title='bbox 144 1424 277 1496; x_wconf 69' lang='lat'><strong><em>“609</em></strong></span> <span class='ocrx_word' id='word_1_121' title='bbox 329 1429 402 1502; x_wconf 89' lang='grc' dir='ltr'><strong><em>μὴ</em></strong></span> <span class='ocrx_word' id='word_1_122' title='bbox 457 1432 545 1486; x_wconf 85' lang='grc' dir='ltr'><strong><em>ἐπὶ</em></strong></span> <span class='ocrx_word' id='word_1_123' title='bbox 584 1427 787 1501; x_wconf 88' lang='grc' dir='ltr'><strong><em>μόνους</em></strong></span> <span class='ocrx_word' id='word_1_124' title='bbox 825 1427 954 1496; x_wconf 76' lang='grc' dir='ltr'><strong><em>τούς</em></strong></span> <span class='ocrx_word' id='word_1_125' title='bbox 997 1427 1317 1502; x_wconf 71' lang='grc' dir='ltr'><strong><em>ὁμοεθνεῖς,</em></strong></span> <span class='ocrx_word' id='word_1_126' title='bbox 1370 1425 1511 1486; x_wconf 83' lang='grc' dir='ltr'><strong><em>ἀλλά</em></strong></span> <span class='ocrx_word' id='word_1_127' title='bbox 1551 1430 1643 1487; x_wconf 84' lang='grc' dir='ltr'><strong><em>καὶ</em></strong></span> <span class='ocrx_word' id='word_1_128' title='bbox 1685 1434 1762 1497; x_wconf 88' lang='grc' dir='ltr'><strong><em>εἰς</em></strong></span> 
     </span>
     <span class='ocr_line' id='line_1_17' title="bbox 139 1508 1764 1587; baseline 0.001 -17"><span class='ocrx_word' id='word_1_129' title='bbox 139 1511 388 1581; x_wconf 42' lang='grc' dir='ltr'><strong><em>((πάντας</em></strong></span> <span class='ocrx_word' id='word_1_130' title='bbox 418 1512 787 1587; x_wconf 81' lang='grc' dir='ltr'><strong><em>προελθόντες</em></strong></span> <span class='ocrx_word' id='word_1_131' title='bbox 818 1510 1175 1587; x_wconf 76' lang='grc' dir='ltr'><strong><em>ἀνθρώπους,</em></strong></span> <span class='ocrx_word' id='word_1_132' title='bbox 1207 1515 1299 1570; x_wconf 81' lang='grc' dir='ltr'><strong><em>καὶ</em></strong></span> <span class='ocrx_word' id='word_1_133' title='bbox 1330 1512 1630 1586; x_wconf 78' lang='grc' dir='ltr'><strong><em>σύμπασαν</em></strong></span> <span class='ocrx_word' id='word_1_134' title='bbox 1660 1508 1764 1586; x_wconf 80' lang='grc' dir='ltr'><strong><em>τὴν</em></strong></span> 
     </span>
     <span class='ocr_line' id='line_1_18' title="bbox 140 1593 1762 1672; baseline -0.001 -16"><span class='ocrx_word' id='word_1_135' title='bbox 140 1593 512 1672; x_wconf 70' lang='grc' dir='ltr'><strong><em>“οι’κουμε’νην</em></strong></span> <span class='ocrx_word' id='word_1_136' title='bbox 543 1597 980 1671; x_wconf 84' lang='grc' dir='ltr'><strong><em>καταπλήσωμεν</em></strong></span> <span class='ocrx_word' id='word_1_137' title='bbox 1002 1600 1114 1655; x_wconf 89' lang='grc' dir='ltr'><strong><em>τῶν</em></strong></span> <span class='ocrx_word' id='word_1_138' title='bbox 1144 1599 1272 1671; x_wconf 88' lang='grc' dir='ltr'><strong><em>περὶ</em></strong></span> <span class='ocrx_word' id='word_1_139' title='bbox 1296 1596 1467 1655; x_wconf 83' lang='grc' dir='ltr'><strong><em>αὐτοῦ</em></strong></span> <span class='ocrx_word' id='word_1_140' title='bbox 1498 1608 1762 1656; x_wconf 89' lang='grc' dir='ltr'><strong><em>συντιθε-</em></strong></span> 
     </span>
     <span class='ocr_line' id='line_1_19' title="bbox 141 1680 1764 1756; baseline 0.001 -16"><span class='ocrx_word' id='word_1_141' title='bbox 141 1680 380 1756; x_wconf 75' lang='grc' dir='ltr'><strong><em>“με’νων.</em></strong></span> <span class='ocrx_word' id='word_1_142' title='bbox 451 1681 559 1756; x_wconf 81' lang='grc' dir='ltr'><strong><em>ἤδη</em></strong></span> <span class='ocrx_word' id='word_1_143' title='bbox 604 1683 664 1739; x_wconf 76' lang='grc' dir='ltr'><strong><em>δὲ</em></strong></span> <span class='ocrx_word' id='word_1_144' title='bbox 716 1685 984 1740; x_wconf 73' lang='grc' dir='ltr'><strong><em>ἐντεῦθεν</em></strong></span> <span class='ocrx_word' id='word_1_145' title='bbox 1025 1685 1418 1755; x_wconf 73' lang='grc' dir='ltr'><strong><em>νομοθετῶμεν</em></strong></span> <span class='ocrx_word' id='word_1_146' title='bbox 1464 1685 1600 1740; x_wconf 78' lang='grc' dir='ltr'><strong><em>πᾶσι</em></strong></span> <span class='ocrx_word' id='word_1_147' title='bbox 1649 1697 1764 1749; x_wconf 89' lang='grc' dir='ltr'><strong><em>τοῖς</em></strong></span> 
     </span>
     <span class='ocr_line' id='line_1_20' title="bbox 143 1762 1765 1841; baseline 0 -17"><span class='ocrx_word' id='word_1_148' title='bbox 143 1762 408 1826; x_wconf 77' lang='grc' dir='ltr'><strong><em>“ἔθνεσιν</em></strong></span> <span class='ocrx_word' id='word_1_149' title='bbox 437 1765 777 1841; x_wconf 78' lang='grc' dir='ltr'><strong><em>ἀντίστροφα</em></strong></span> <span class='ocrx_word' id='word_1_150' title='bbox 807 1782 926 1833; x_wconf 83' lang='grc' dir='ltr'><strong><em>ταῖς</em></strong></span> <span class='ocrx_word' id='word_1_151' title='bbox 958 1769 1010 1835; x_wconf 79' lang='grc' dir='ltr'><strong><em>ἐξ</em></strong></span> <span class='ocrx_word' id='word_1_152' title='bbox 1035 1771 1236 1833; x_wconf 79' lang='grc' dir='ltr'><strong><em>αἰῶνος</em></strong></span> <span class='ocrx_word' id='word_1_153' title='bbox 1259 1763 1391 1839; x_wconf 81' lang='grc' dir='ltr'><strong><em>παρ’</em></strong></span> <span class='ocrx_word' id='word_1_154' title='bbox 1426 1764 1613 1834; x_wconf 83' lang='grc' dir='ltr'><strong><em>αὐτοῖς</em></strong></span> <span class='ocrx_word' id='word_1_155' title='bbox 1637 1769 1765 1841; x_wconf 85' lang='grc' dir='ltr'><strong><em>περὶ</em></strong></span> 
     </span>
     <span class='ocr_line' id='line_1_21' title="bbox 89 1850 1766 1930; baseline 0.001 -23"><span class='ocrx_word' id='word_1_156' title='bbox 89 1850 296 1910; x_wconf 68' lang='grc' dir='ltr'><strong><em>εο“τῶν</em></strong></span> <span class='ocrx_word' id='word_1_157' title='bbox 325 1850 599 1930; x_wconf 74' lang='grc' dir='ltr'><strong><em>πατρῴων</em></strong></span> <span class='ocrx_word' id='word_1_158' title='bbox 627 1858 781 1910; x_wconf 91' lang='grc' dir='ltr'><strong><em>θεῶν</em></strong></span> <span class='ocrx_word' id='word_1_159' title='bbox 814 1850 1010 1920; x_wconf 80' lang='grc' dir='ltr'><strong><em>δόξαις.</em></strong></span> <span class='ocrx_word' id='word_1_160' title='bbox 1082 1855 1165 1908; x_wconf 85' lang='grc'><strong><em>54.</em></strong></span> <span class='ocrx_word' id='word_1_161' title='bbox 1200 1850 1513 1924; x_wconf 84' lang='grc' dir='ltr'><strong><em>κελεύωμεν</em></strong></span> <span class='ocrx_word' id='word_1_162' title='bbox 1535 1853 1766 1925; x_wconf 88' lang='grc' dir='ltr'><strong><em>Ῥωμαί-</em></strong></span> 
     </span>
     <span class='ocr_line' id='line_1_22' title="bbox 143 1932 1764 2011; baseline 0 -17"><span class='ocrx_word' id='word_1_163' title='bbox 143 1935 262 2004; x_wconf 81' lang='grc' dir='ltr'><strong><em>“οις</em></strong></span> <span class='ocrx_word' id='word_1_164' title='bbox 295 1934 483 2004; x_wconf 78' lang='grc' dir='ltr'><strong><em>αὐτοῖς</em></strong></span> <span class='ocrx_word' id='word_1_165' title='bbox 513 1934 791 2011; x_wconf 75' lang='grc' dir='ltr'><strong><em>πρώτιστα</em></strong></span> <span class='ocrx_word' id='word_1_166' title='bbox 821 1934 1048 1994; x_wconf 75' lang='grc' dir='ltr'><strong><em>πάντων</em></strong></span> <span class='ocrx_word' id='word_1_167' title='bbox 1076 1934 1151 2009; x_wconf 79' lang='grc' dir='ltr'><strong><em>μὴ</em></strong></span> <span class='ocrx_word' id='word_1_168' title='bbox 1182 1938 1371 2008; x_wconf 84' lang='grc' dir='ltr'><strong><em>σέβειν</em></strong></span> <span class='ocrx_word' id='word_1_169' title='bbox 1401 1932 1498 2002; x_wconf 76' lang='grc' dir='ltr'><strong><em>οὓς</em></strong></span> <span class='ocrx_word' id='word_1_170' title='bbox 1527 1934 1764 2008; x_wconf 80' lang='grc' dir='ltr'><strong><em>ἡγοῦντο</em></strong></span> 
     </span>
     <span class='ocr_line' id='line_1_23' title="bbox 143 2019 1812 2095; baseline 0 -16"><span class='ocrx_word' id='word_1_171' title='bbox 143 2019 352 2088; x_wconf 38' lang='grc' dir='ltr'><strong><em>((θεοὺς</em></strong></span> <span class='ocrx_word' id='word_1_172' title='bbox 383 2026 440 2079; x_wconf 77' lang='grc' dir='ltr'><strong><em>οἱ</em></strong></span> <span class='ocrx_word' id='word_1_173' title='bbox 465 2020 836 2095; x_wconf 78' lang='grc' dir='ltr'><strong><em>προπάτορες,</em></strong></span> <span class='ocrx_word' id='word_1_174' title='bbox 867 2027 1155 2095; x_wconf 88' lang='grc' dir='ltr'><strong><em>παρίωμεν</em></strong></span> <span class='ocrx_word' id='word_1_175' title='bbox 1188 2021 1250 2077; x_wconf 76' lang='grc' dir='ltr'><strong><em>δὲ</em></strong></span> <span class='ocrx_word' id='word_1_176' title='bbox 1279 2023 1372 2078; x_wconf 84' lang='grc' dir='ltr'><strong><em>καὶ</em></strong></span> <span class='ocrx_word' id='word_1_177' title='bbox 1404 2023 1491 2078; x_wconf 84' lang='grc' dir='ltr'><strong><em>ἐπὶ</em></strong></span> <span class='ocrx_word' id='word_1_178' title='bbox 1521 2021 1623 2095; x_wconf 82' lang='grc' dir='ltr'><strong><em>τὴν</em></strong></span> <span class='ocrx_word' id='word_1_179' title='bbox 1647 2019 1760 2079; x_wconf 83' lang='grc' dir='ltr'><strong><em>Ἐλ-</em></strong></span> <span class='ocrx_word' id='word_1_180' title='bbox 1795 2047 1812 2069; x_wconf 82' lang='lat' dir='ltr'>c</span> 
     </span>
     <span class='ocr_line' id='line_1_24' title="bbox 144 2101 1759 2180; baseline 0 -17"><span class='ocrx_word' id='word_1_181' title='bbox 144 2101 344 2178; x_wconf 74' lang='grc' dir='ltr'><strong><em>“λάὃα,</em></strong></span> <span class='ocrx_word' id='word_1_182' title='bbox 377 2107 469 2163; x_wconf 86' lang='grc' dir='ltr'><strong><em>καὶ</em></strong></span> <span class='ocrx_word' id='word_1_183' title='bbox 500 2119 613 2173; x_wconf 87' lang='grc' dir='ltr'><strong><em>τοῖς</em></strong></span> <span class='ocrx_word' id='word_1_184' title='bbox 643 2104 858 2163; x_wconf 80' lang='grc' dir='ltr'><strong><em>τούτων</em></strong></span> <span class='ocrx_word' id='word_1_185' title='bbox 881 2118 1075 2178; x_wconf 81' lang='grc' dir='ltr'><strong><em>σοφοῖς</em></strong></span> <span class='ocrx_word' id='word_1_186' title='bbox 1095 2102 1596 2180; x_wconf 80' lang='grc' dir='ltr'><strong><em>ἀντικηρύττωμεν,</em></strong></span> <span class='ocrx_word' id='word_1_187' title='bbox 1628 2103 1759 2178; x_wconf 83' lang='grc' dir='ltr'><strong><em>μηδ’</em></strong></span> 
     </span>
     <span class='ocr_line' id='line_1_25' title="bbox 148 2187 1767 2264; baseline -0.001 -15"><span class='ocrx_word' id='word_1_188' title='bbox 148 2187 532 2264; x_wconf 79' lang='grc' dir='ltr'><strong><em>“Αι’γυπτίους</em></strong></span> <span class='ocrx_word' id='word_1_189' title='bbox 563 2189 804 2263; x_wconf 85' lang='grc' dir='ltr'><strong><em>ἀνῶμεν,</em></strong></span> <span class='ocrx_word' id='word_1_190' title='bbox 835 2193 1162 2264; x_wconf 86' lang='grc' dir='ltr'><strong><em>πολεμῶμεν</em></strong></span> <span class='ocrx_word' id='word_1_191' title='bbox 1187 2191 1365 2247; x_wconf 77' lang='grc' dir='ltr'><strong><em>δὲκαὶ</em></strong></span> <span class='ocrx_word' id='word_1_192' title='bbox 1396 2188 1525 2257; x_wconf 82' lang='grc' dir='ltr'><strong><em>τούς</em></strong></span> <span class='ocrx_word' id='word_1_193' title='bbox 1555 2189 1767 2248; x_wconf 80' lang='grc' dir='ltr'><strong><em>τούτων</em></strong></span> 
     </span>
     <span class='ocr_line' id='line_1_26' title="bbox 91 2268 1766 2349; baseline 0.002 -20"><span class='ocrx_word' id='word_1_194' title='bbox 91 2270 391 2348; x_wconf 71' lang='grc' dir='ltr'><strong><em>25“θεούς,</em></strong></span> <span class='ocrx_word' id='word_1_195' title='bbox 431 2268 506 2348; x_wconf 83' lang='grc' dir='ltr'><strong><em>μὴ</em></strong></span> <span class='ocrx_word' id='word_1_196' title='bbox 547 2275 614 2332; x_wconf 84' lang='grc' dir='ltr'><strong><em>τὰ</em></strong></span> <span class='ocrx_word' id='word_1_197' title='bbox 645 2277 895 2342; x_wconf 82' lang='grc' dir='ltr'><strong><em>Μωσέως</em></strong></span> <span class='ocrx_word' id='word_1_198' title='bbox 935 2273 1188 2349; x_wconf 88' lang='grc' dir='ltr'><strong><em>πρόσθεν</em></strong></span> <span class='ocrx_word' id='word_1_199' title='bbox 1227 2271 1354 2331; x_wconf 82' lang='grc' dir='ltr'><strong><em>κατ’</em></strong></span> <span class='ocrx_word' id='word_1_200' title='bbox 1397 2271 1583 2332; x_wconf 77' lang='grc' dir='ltr'><strong><em>αὐτῶν</em></strong></span> <span class='ocrx_word' id='word_1_201' title='bbox 1613 2273 1766 2347; x_wconf 74' lang='grc' dir='ltr'><strong><em>γενό-</em></strong></span> 
     </span>
     <span class='ocr_line' id='line_1_27' title="bbox 145 2356 1766 2433; baseline -0.001 -16"><span class='ocrx_word' id='word_1_202' title='bbox 145 2356 321 2432; x_wconf 76' lang='grc' dir='ltr'><strong><em>“μενα</em></strong></span> <span class='ocrx_word' id='word_1_203' title='bbox 363 2356 807 2433; x_wconf 79' lang='grc' dir='ltr'><strong><em>ἀνατεινάμενοι,</em></strong></span> <span class='ocrx_word' id='word_1_204' title='bbox 849 2359 946 2416; x_wconf 88' lang='grc' dir='ltr'><strong><em>τὸν</em></strong></span> <span class='ocrx_word' id='word_1_205' title='bbox 979 2360 1039 2416; x_wconf 76' lang='grc' dir='ltr'><strong><em>δὲ</em></strong></span> <span class='ocrx_word' id='word_1_206' title='bbox 1078 2363 1176 2417; x_wconf 85' lang='grc' dir='ltr'><strong><em>τοῦ</em></strong></span> <span class='ocrx_word' id='word_1_207' title='bbox 1206 2358 1473 2432; x_wconf 83' lang='grc' dir='ltr'><strong><em>ἡμετέρου</em></strong></span> <span class='ocrx_word' id='word_1_208' title='bbox 1506 2358 1766 2416; x_wconf 76' lang='grc' dir='ltr'><strong><em>διδασκά-</em></strong></span> 
     </span>
     <span class='ocr_line' id='line_1_28' title="bbox 146 2441 1764 2517; baseline -0.001 -17"><span class='ocrx_word' id='word_1_209' title='bbox 146 2442 287 2502; x_wconf 75' lang='grc' dir='ltr'><strong><em>“λου</em></strong></span> <span class='ocrx_word' id='word_1_210' title='bbox 326 2442 575 2502; x_wconf 78' lang='grc' dir='ltr'><strong><em>θάνατον</em></strong></span> <span class='ocrx_word' id='word_1_211' title='bbox 616 2442 802 2516; x_wconf 81' lang='grc' dir='ltr'><strong><em>ῶσπερ</em></strong></span> <span class='ocrx_word' id='word_1_212' title='bbox 843 2469 894 2501; x_wconf 91' lang='grc' dir='ltr'><strong><em>τι</em></strong></span> <span class='ocrx_word' id='word_1_213' title='bbox 941 2443 1225 2517; x_wconf 87' lang='grc' dir='ltr'><strong><em>φόβητρον</em></strong></span> <span class='ocrx_word' id='word_1_214' title='bbox 1275 2442 1463 2508; x_wconf 83' lang='grc' dir='ltr'><strong><em>αὐτοῖς</em></strong></span> <span class='ocrx_word' id='word_1_215' title='bbox 1514 2441 1764 2500; x_wconf 86' lang='grc' dir='ltr'><strong><em>ἀντιτάτ-</em></strong></span> 
     </span>
     <span class='ocr_line' id='line_1_29' title="bbox 154 2525 1767 2601; baseline -0.001 -17"><span class='ocrx_word' id='word_1_216' title='bbox 154 2526 405 2601; x_wconf 82' lang='grc' dir='ltr'><strong><em>“τοντες,</em></strong></span> <span class='ocrx_word' id='word_1_217' title='bbox 460 2531 552 2586; x_wconf 84' lang='grc' dir='ltr'><strong><em>καὶ</em></strong></span> <span class='ocrx_word' id='word_1_218' title='bbox 592 2526 694 2600; x_wconf 87' lang='grc' dir='ltr'><strong><em>τὴν</em></strong></span> <span class='ocrx_word' id='word_1_219' title='bbox 734 2526 828 2586; x_wconf 85' lang='grc' dir='ltr'><strong><em>ἀπ’</em></strong></span> <span class='ocrx_word' id='word_1_220' title='bbox 880 2532 1079 2594; x_wconf 86' lang='grc' dir='ltr'><strong><em>αἰῶνος</em></strong></span> <span class='ocrx_word' id='word_1_221' title='bbox 1121 2532 1174 2596; x_wconf 82' lang='grc' dir='ltr'><strong><em>ἐξ</em></strong></span> <span class='ocrx_word' id='word_1_222' title='bbox 1215 2526 1400 2586; x_wconf 79' lang='grc' dir='ltr'><strong><em>αὐτῶν</em></strong></span> <span class='ocrx_word' id='word_1_223' title='bbox 1442 2532 1518 2592; x_wconf 88' lang='grc' dir='ltr'><strong><em>εἰς</em></strong></span> <span class='ocrx_word' id='word_1_224' title='bbox 1558 2525 1767 2593; x_wconf 74' lang='grc' dir='ltr'><strong><em>πάντας</em></strong></span> 
     </span>
     <span class='ocr_line' id='line_1_30' title="bbox 150 2607 1767 2687; baseline 0.001 -20"><span class='ocrx_word' id='word_1_225' title='bbox 150 2607 524 2684; x_wconf 73' lang='grc' dir='ltr'><strong><em>“ἀνθρω’πους</em></strong></span> <span class='ocrx_word' id='word_1_226' title='bbox 555 2617 947 2687; x_wconf 79' lang='grc' dir='ltr'><strong><em>προελθοῦσαν</em></strong></span> <span class='ocrx_word' id='word_1_227' title='bbox 978 2614 1105 2686; x_wconf 85' lang='grc' dir='ltr'><strong><em>περὶ</em></strong></span> <span class='ocrx_word' id='word_1_228' title='bbox 1146 2615 1299 2670; x_wconf 89' lang='grc' dir='ltr'><strong><em>θεῶν</em></strong></span> <span class='ocrx_word' id='word_1_229' title='bbox 1339 2609 1530 2684; x_wconf 83' lang='grc' dir='ltr'><strong><em>φήμην</em></strong></span> <span class='ocrx_word' id='word_1_230' title='bbox 1561 2609 1633 2684; x_wconf 79' lang='grc' dir='ltr'><strong><em>μὴ</em></strong></span> <span class='ocrx_word' id='word_1_231' title='bbox 1667 2615 1767 2684; x_wconf 78' lang='grc' dir='ltr'><strong><em>ῥη-</em></strong></span> 
     </span>
     <span class='ocr_line' id='line_1_31' title="bbox 97 2694 1766 2770; baseline 0.002 -21"><span class='ocrx_word' id='word_1_232' title='bbox 97 2694 403 2769; x_wconf 81' lang='grc' dir='ltr'><strong><em>3ο“ματίοις</em></strong></span> <span class='ocrx_word' id='word_1_233' title='bbox 446 2700 546 2754; x_wconf 69' lang='grc' dir='ltr'><strong><em>καὶ</em></strong></span> <span class='ocrx_word' id='word_1_234' title='bbox 569 2697 779 2770; x_wconf 83' lang='grc' dir='ltr'><strong><em>λόγοις,</em></strong></span> <span class='ocrx_word' id='word_1_235' title='bbox 826 2695 1059 2770; x_wconf 75' lang='grc' dir='ltr'><strong><em>δυνάμει</em></strong></span> <span class='ocrx_word' id='word_1_236' title='bbox 1101 2697 1161 2753; x_wconf 73' lang='grc' dir='ltr'><strong><em>δὲ</em></strong></span> <span class='ocrx_word' id='word_1_237' title='bbox 1200 2700 1300 2754; x_wconf 83' lang='grc' dir='ltr'><strong><em>τοῦ</em></strong></span> <span class='ocrx_word' id='word_1_238' title='bbox 1345 2698 1766 2768; x_wconf 83' lang='grc' dir='ltr'><strong><em>σταυρωθέντος</em></strong></span> 
     </span>
     <span class='ocr_line' id='line_1_32' title="bbox 152 2775 1767 2855; baseline 0 -19"><span class='ocrx_word' id='word_1_239' title='bbox 152 2775 533 2838; x_wconf 49' lang='grc' dir='ltr'><strong><em>ς’διδασκάλου</em></strong></span> <span class='ocrx_word' id='word_1_240' title='bbox 573 2780 961 2855; x_wconf 84' lang='grc' dir='ltr'><strong><em>καταλύωμεν,</em></strong></span> <span class='ocrx_word' id='word_1_241' title='bbox 1003 2778 1256 2854; x_wconf 87' lang='grc' dir='ltr'><strong><em>ἀπίωμεν</em></strong></span> <span class='ocrx_word' id='word_1_242' title='bbox 1294 2782 1385 2837; x_wconf 81' lang='grc' dir='ltr'><strong><em>καὶ</em></strong></span> <span class='ocrx_word' id='word_1_243' title='bbox 1420 2782 1508 2837; x_wconf 86' lang='grc' dir='ltr'><strong><em>ε’πὶ</em></strong></span> <span class='ocrx_word' id='word_1_244' title='bbox 1541 2778 1642 2853; x_wconf 88' lang='grc' dir='ltr'><strong><em>τὴν</em></strong></span> <span class='ocrx_word' id='word_1_245' title='bbox 1673 2778 1767 2837; x_wconf 77' lang='grc' dir='ltr'><strong><em>ἄλ-</em></strong></span> 
     </span>
     <span class='ocr_line' id='line_1_33' title="bbox 153 2859 1769 2940; baseline 0.001 -20"><span class='ocrx_word' id='word_1_246' title='bbox 153 2859 296 2937; x_wconf 73' lang='grc' dir='ltr'><strong><em>“λην</em></strong></span> <span class='ocrx_word' id='word_1_247' title='bbox 326 2863 612 2939; x_wconf 78' lang='grc' dir='ltr'><strong><em>βάρβαρον</em></strong></span> <span class='ocrx_word' id='word_1_248' title='bbox 640 2870 774 2938; x_wconf 75' lang='grc' dir='ltr'><strong><em>γῆν,</em></strong></span> <span class='ocrx_word' id='word_1_249' title='bbox 806 2868 896 2923; x_wconf 81' lang='grc' dir='ltr'><strong><em>καὶ</em></strong></span> <span class='ocrx_word' id='word_1_250' title='bbox 929 2863 994 2923; x_wconf 77' lang='grc' dir='ltr'><strong><em>τὰ</em></strong></span> <span class='ocrx_word' id='word_1_251' title='bbox 1025 2866 1174 2939; x_wconf 80' lang='grc' dir='ltr'><strong><em>παρὰ</em></strong></span> <span class='ocrx_word' id='word_1_252' title='bbox 1203 2879 1318 2933; x_wconf 90' lang='grc' dir='ltr'><strong><em>τοῖς</em></strong></span> <span class='ocrx_word' id='word_1_253' title='bbox 1337 2868 1506 2923; x_wconf 78' lang='grc' dir='ltr'><strong><em>πᾶσιν</em></strong></span> <span class='ocrx_word' id='word_1_254' title='bbox 1537 2863 1769 2940; x_wconf 82' lang='grc' dir='ltr'><strong><em>ἀνατρέ-</em></strong></span> 
     </span>
    </p>
   </div>
  </div>
 </body>
</html>
