1946 3158
581 115 889 157 DEMONST.
921 115 1140 157 EVANG.
1171 116 1231 155 11.
1267 118 1304 158 1.
1687 114 1751 166 73

596 281 884 337 ξΒΙΒΑΙοΝ
915 282 1261 324 AETTEPON.

285 399 394 459 Τέν
441 398 534 457 διὰ
578 403 672 472 τῆς
719 396 1076 472 εὐαγγελικῆς
1133 404 1493 466 διδασκαλίας
1546 396 1752 457 ἅπασιν

151 482 479 558 ἀνθρώποις
519 486 976 558 προβεβλημένον
1027 489 1123 556 τῆς
1177 481 1424 557 ἀληθοῦς
1470 481 1754 555 εὐσεβείας

108 595 128 627 5
152 568 359 645 τρόπον
390 571 482 626 καὶ
513 568 614 642 τὴν
647 571 706 626 ἐν
735 573 955 645 Χριστῷ
987 575 1272 626 πολιτείαν
1306 567 1550 626 διελθών
1585 571 1645 625 ἐν
1679 572 1756 644 τῷ

150 652 256 727 πρὸ
301 653 500 711 τούτου
546 651 929 727 συγγράμματι
982 652 1340 725 παραστήσας
1392 678 1450 711 τε
1500 655 1621 726 καὶ,
1682 650 1754 719 ῶς

150 739 322 812 οἶμαι,
369 745 584 810 πείσας,
644 736 727 795 ὅτι
785 738 923 810 μηδὲ
965 740 1324 810 βουλομένοις
1386 735 1627 795 δυνατὸν
1686 729 1756 809 ἦν

150 826 284 880 πᾶσι
315 838 427 890 τοῖς
453 829 644 880 ἔθνεσι
675 820 810 880 κατα
844 820 908 878 τὰ
932 820 1219 880 Ἰουδαίων
1251 822 1454 895 νόμιμα
1486 825 1611 894 ζῆν,
1658 814 1754 878 αὖ·

151 918 243 974 θις
277 909 365 964 ἐπὶ
404 912 501 964 τοῦ
541 906 813 982 παρόντος
857 904 1081 964 ἀνωθεν
1124 905 1491 978 ἐπαναλαβῶν
1531 905 1627 964 τὸν
1668 906 1755 963 λό-

88 1017 129 1048 10
151 1017 253 1065 γον
305 990 556 1065 ε’πανειμι
599 995 686 1048 ἐπὶ
735 990 829 1059 τὰς
876 995 935 1048 ἐκ
986 995 1099 1048 τῶν
1148 997 1508 1065 προφητικῶν
1548 995 1756 1064 φωνῶν

149 1082 474 1151 μαρτυρίας,
507 1074 642 1150 πρὸς
673 1076 799 1144 τοὺς
831 1075 987 1149 ἡμῶν
1029 1075 1371 1149 κατηγόρους
1410 1079 1522 1133 τῶν
1557 1079 1615 1132 ἐκ
1657 1099 1756 1132 πε-

153 1164 374 1235 ριτομῆς
429 1164 833 1233 δαψιλεστέραν
883 1163 984 1233 τὴν
1033 1157 1329 1233 απόκρισιν
1373 1158 1753 1234 ποιησόμενος,

155 1248 272 1303 ἐπεὶ
302 1250 567 1319 μηδαμῶς
604 1242 738 1319 ἡμῖν
782 1259 1029 1318 μετεῖναι
1060 1252 1277 1318 ἔφασαν
1324 1249 1436 1302 τῶν
1479 1242 1611 1317 παρ’
1655 1243 1755 1302 αὐ-

153 1344 266 1395 τοῖς
297 1326 666 1403 ἀναγράπτων
710 1333 1078 1403 ἐπαγγελιῶν·
1123 1326 1309 1387 αὐτῶν
1349 1331 1455 1403 γὰρ
1498 1333 1590 1387 καὶ
1630 1327 1757 1396 τούς

93 1437 133 1469 15
157 1411 442 1487 προφήτας
472 1416 781 1486 γεγονέναι,
815 1413 1003 1481 αὐτοῖς
1035 1416 1126 1471 καὶ
1156 1412 1252 1471 τὸν
1283 1413 1554 1489 Χριστὸν,
1587 1410 1655 1472 ὃν
1688 1414 1757 1485 δὴ

155 1504 322 1570 φίλον
353 1494 541 1565 αὐτοῖς
570 1495 873 1556 ἀποκαλεῖν
903 1502 1124 1572 σωτῆρα
1174 1501 1266 1555 καὶ
1296 1498 1610 1571 λυτρωτὴν,
1664 1523 1758 1571 κη-

156 1580 488 1657 ρύττεσθαι,
520 1581 710 1648 αὐτοῖς
741 1585 832 1639 καὶ
873 1607 968 1649 τας
1008 1580 1394 1656 ἆναγράπτους
1434 1581 1758 1656 υποσχέσεις

1778 296 1844 335 (43)

1778 422 1843 464 [29]

1779 506 1800 539 b

156 1670 480 1740 προσδοκᾶν
511 1663 999 1739 αποδοθήσεσθαι
1043 1664 1182 1740 ἡμᾶς
1217 1668 1278 1723 δε
1307 1690 1594 1740 περιττους
1635 1667 1759 1725 τού·
1794 1701 1799 1706 ·

155 1775 268 1808 των
307 1746 606 1824 υποῖρχειν,
652 1749 741 1809 οἷα
783 1750 843 1808 τὸ
875 1753 1032 1822 γένος
1063 1750 1411 1824 ἀλλοφύλους
1441 1749 1632 1824 όντας,
1676 1749 1759 1819 οἷς

93 1860 134 1892 20
157 1860 222 1893 τα
252 1842 499 1909 χείριστα
525 1834 616 1892 δια
639 1840 836 1893 πασῶν
860 1840 972 1893 τῶν
996 1839 1351 1910 προφητειῶν
1371 1843 1756 1905 θεσπίζεσθαι.

155 1925 204 1978 2.
228 1923 364 1994 πρὸς
383 1920 452 1994 δὴ
472 1944 577 1978 ουν
598 1923 959 2022 ταῦτα,φέρε,
986 1924 1038 1988 ἐξ
1070 1919 1258 1978 αὐτῶν
1274 1945 1391 1978 των
1407 1944 1517 1993 παο
1573 1920 1759 1988 αὐτοῖς

157 2009 519 2078 προφητικῶν
568 2011 784 2078 βίβλων
834 2004 936 2078 τὴν
994 2003 1130 2078 πρὸς
1189 2003 1392 2072 αὐτους
1450 2002 1761 2079 ἆπαντησιν

158 2087 535 2162 ποιησώμεθα.
610 2089 670 2147 τὸ
711 2090 814 2163 μὲν
854 2090 958 2147 οὐν
1010 2086 1147 2163 παρ’
1191 2090 1378 2156 αυτοῖς
1421 2092 1759 2163 ἐπηγγέλθαι

16 2249 18 2252 Ι
158 2172 255 2232 τὸν
296 2173 540 2248 Χριστὸν
582 2178 680 2232 τοῦ
722 2179 890 2247 θεοῦ,
932 2177 1023 2231 καὶ
1065 2199 1166 2247 την
1211 2173 1402 2247 α’φιξιν
1443 2171 1616 2232 αὐτοῦ
1658 2174 1759 2232 λύ-

95 2283 137 2315 25
158 2279 365 2331 τρωσιν
401 2263 477 2335 τῷ
512 2255 726 2332 Ἰσραὴλ
764 2257 1076 2333 κηρύττειν,
1118 2256 1244 2316 οὐδ’
1289 2256 1360 2316 ἂν
1399 2255 1553 2332 ἡμεῖς
1593 2258 1759 2331 ἀρνη-

9 2354 17 2366 “
160 2349 422 2416 θείημεν,
463 2341 915 2417 ὁμολογουμένως
957 2343 1050 2401 διὰ
1089 2342 1268 2416 πάσης
1309 2341 1494 2401 αὐτῶν
1545 2347 1760 2416 γραφῆς

159 2427 452 2502 προδήλως
495 2427 694 2485 τούτου
733 2430 1172 2501 παρισταμένου·
1237 2431 1339 2498 τοῦ
1378 2451 1440 2500 γε
1481 2426 1590 2501 μὴν
1629 2426 1761 2484 ἄπο-

161 2518 369 2570 κλείειν
397 2510 464 2569 τὰ
493 2519 633 2585 ἔθνη
663 2516 775 2571 τῶν
807 2515 896 2570 ἐπὶ
926 2516 1003 2590 τῷ
1031 2515 1254 2590 Χριστῷ
1283 2515 1763 2586 προσδοκωμένων

162 2593 425 2671 ἀγαθῶν,
470 2593 542 2664 ῶς
582 2593 652 2654 ἂν
693 2596 845 2674 μόνῳ
887 2603 961 2674 τῷ
986 2596 1221 2670 Ἰσραὴλ,
1263 2594 1388 2669 οὐχὶ
1422 2597 1482 2652 δὲ
1515 2599 1606 2652 καὶ
1647 2612 1761 2662 τοῖς

98 2705 140 2738 30
164 2687 390 2739 ἔθνεσιν
422 2684 873 2756 ἐπηγγελμένων,
914 2679 1099 2739 οὐκέτι
1142 2686 1359 2738 δίκαιον
1399 2678 1585 2747 αὐτοῖς
1625 2699 1762 2752 συγ-

164 2780 367 2839 χωρεῖν
396 2764 545 2838 παρά
575 2766 676 2840 τὴν
706 2770 816 2824 τῶν
834 2774 1008 2824 θείων
1038 2769 1270 2840 γραφῶν
1291 2769 1454 2824 τοῦτο
1484 2764 1762 2839 φάσκουσι

163 2856 492 2925 μαρτυρίαν.

1785 2112 1808 2144 d
