1946 3158
194 131 262 183 80
869 131 1120 173 EUSEBH

197 251 581 315 κατοικοῦντες
614 250 674 304 ἐν
703 245 856 322 χώρᾳ
886 247 976 302 καὶ
1009 249 1138 322 σκιᾷ
1158 245 1428 320 θανάτου,
1460 253 1577 320 φῶς
1601 247 1803 320 λάμψει

199 331 286 405 ἐφ’
324 328 528 405 ὑμᾶς.”

685 456 779 515 ια’.
836 454 968 514 Ἀπὸ
998 459 1100 513 τοῦ
1129 453 1315 515 αὐτοῦ.

570 565 668 618 Τῆς
690 565 783 607 τῶν
803 559 962 607 ἐθνῶν
984 561 1189 620 κλήσεως
1212 559 1426 620 δήλωσις.

1726 601 1743 621 t

450 664 506 686 Ν,

326 672 410 725 24.
499 666 792 725 Ακούσατέ
827 692 934 741 μου
974 670 1163 740 νῆσοι,
1197 670 1290 724 καὶ
1321 669 1617 742 προσέχετε
1649 674 1803 740 ἔθνη.
1831 690 1850 722 5

204 753 293 810 διὰ
327 751 531 826 χρόνου
563 756 770 809 πολλοῦ
802 751 1076 824 στήσεται,
1110 754 1256 824 λέγει
1288 751 1493 824 κύριος.
1507 749 1536 771 ”
1570 750 1655 819 οἷς
1687 755 1809 824 ἑξῆς

200 836 340 911 ὁμοῦ
370 839 496 910 περὶ
527 842 640 894 τῶν
672 840 859 894 ἐθνῶν
892 839 984 893 καὶ
1014 839 1139 910 περὶ
1170 841 1267 893 τοῦ
1299 839 1542 910 Χριστοῦ
1574 838 1810 909 ἐπιλέγει

159 921 360 979 ιῗςίδοῦ
404 919 622 979 δέδωκά
663 940 726 979 σε
759 927 836 987 είς
870 919 1151 994 διαθήκην
1181 923 1405 994 γένους,
1451 928 1528 988 εἰς
1568 925 1686 994 φῶς
1721 925 1811 979 ἐθ-

202 1010 319 1063 νῶν
349 1013 447 1063 τοῦ
480 1006 629 1064 εἷναί
655 1025 717 1062 σε
748 1012 827 1072 εἰς
851 1011 1128 1078 σωτηρίαν
1153 1008 1252 1071 ἕως
1278 1004 1509 1078 ἐσχάτου
1539 1011 1634 1078 τῆς
1663 1004 1809 1079 γῆς.”

330 1095 413 1149 25.
450 1096 647 1163 Μυρία
680 1088 731 1147 δ’
779 1086 850 1148 ἂν
881 1087 1064 1164 εὕροις
1095 1093 1187 1147 καὶ
1220 1088 1383 1157 αὐτὸς
1415 1089 1489 1147 δι’
1526 1089 1672 1148 ὅλων
1701 1094 1813 1148 τῶν
1836 1112 1876 1144 10

205 1179 507 1248 προφητῶν
537 1176 960 1248 κατεσπαρμένοι
992 1178 1053 1232 ἐν
1086 1177 1435 1247 ἐπαγγελίαις
1465 1178 1577 1232 τῶν
1609 1177 1813 1246 ἐθνῶν,

205 1257 345 1333 ἅπερ
387 1261 476 1316 ἐπὶ
515 1260 616 1316 τοῦ
654 1258 926 1333 παρόντος
967 1257 1094 1317 οὔτε
1133 1256 1426 1331 ἆναλέγειν
1472 1258 1602 1316 οὔτε
1648 1261 1816 1332 ἑρμη-

206 1343 393 1401 νεύειν
434 1343 653 1418 καιρὸς,
696 1342 843 1416 πλὴν
885 1342 1048 1401 ἱκανοὶ
1087 1342 1350 1417 τυγχάνει
1391 1346 1484 1401 καὶ
1523 1342 1590 1400 τὰ
1620 1366 1817 1416 προτε-

206 1431 381 1486 θέντα
412 1431 761 1502 παραστῆσαι
799 1426 859 1485 τό
892 1434 1273 1502 προκείμενον.
1344 1432 1428 1486 26.
1462 1431 1624 1486 τοῦτο
1658 1427 1709 1485 δ’
1747 1421 1816 1501 ῆν

206 1527 319 1578 τοῖς
352 1517 411 1570 ἐκ
451 1517 747 1586 περιτομῆς
786 1516 924 1586 μέγα
966 1511 1052 1586 ἐφ’
1090 1516 1307 1579 ἑαυτοῖς
1338 1510 1571 1586 αὐχοῦσι
1601 1514 1692 1570 καὶ
1725 1531 1815 1571 σε-
1841 1533 1881 1567 15

207 1600 591 1670 μνυνομένοις,
626 1596 698 1665 ῶς
721 1600 821 1655 τοῦ
835 1601 976 1655 θεοῦ
1000 1596 1203 1671 μόνους
1235 1594 1437 1664 αὐτοὺς
1467 1603 1578 1655 τῶν
1609 1601 1819 1656 λοιπῶν

211 1686 397 1739 ἐθνῶν
427 1681 865 1756 προτιμήσαντος
895 1684 987 1739 καὶ
1017 1681 1221 1755 μόνους
1247 1687 1359 1738 τῶν
1382 1688 1560 1740 θείων
1593 1684 1820 1754 ἐπαγγε-

162 1788 183 1819 <1
211 1769 345 1823 λιῶν
369 1765 781 1839 κατηξιωκότος,
815 1770 1081 1834 ἐπιδεῖξαι
1106 1765 1178 1833 ὠς
1203 1763 1371 1823 οὐδὲν
1394 1779 1643 1840 κρεῖττον
1673 1765 1821 1838 παρα

210 1850 337 1916 τοὺς
380 1848 605 1916 λοιποὺς
644 1848 890 1916 ἅπαντας
942 1857 1098 1918 ἰδίως
1146 1846 1336 1916 αὐτοῖς
1378 1853 1437 1908 ἐν
1477 1865 1597 1918 ταῖς
1638 1857 1822 1918 θείαις

214 1933 542 2007 ἐπήγγελται
571 1930 956 2007 υποσχέσεσιν
1016 1932 1107 1992 ότε
1136 1941 1330 1992 τοίνυν
1371 1931 1679 2009 απεδείχθη
1710 1939 1822 1993 τῶν
1844 1956 1886 1988 20

212 2025 390 2075 θείων
423 2022 765 2126 ἐπαγγελιῶν
803 2043 870 2075 τα
911 2024 1051 2093 ἐθνη
1093 2022 1496 2093 κατηξιωμένα,
1540 2023 1676 2093 φέρε
1707 2028 1821 2077 λοι-

214 2100 320 2161 πὸν
351 2101 458 2175 ἤδη
491 2105 581 2160 καὶ
612 2103 672 2160 τὸ
706 2101 778 2160 δι’
815 2095 884 2160 οὗ
914 2129 979 2160 τα
1011 2112 1151 2178 ἔθνη
1177 2107 1271 2176 τῆς
1294 2109 1392 2161 τοῦ
1414 2107 1557 2162 θεοῦ
1579 2103 1822 2179 κλήσεως

215 2189 305 2244 καὶ
344 2191 456 2244 τῶν
495 2193 672 2244 θείων
713 2191 1056 2260 ἐπαγγελιῶν
1095 2187 1392 2257 τεύξεσθαι
1433 2193 1650 2262 λέγεται
1691 2199 1820 2247 θεα-

215 2270 470 2345 σῶμεθα
517 2271 689 2329 καλὸν
711 2271 815 2346 γὰρ
834 2274 925 2329 καὶ
952 2273 1054 2345 τὴν
1079 2279 1263 2330 αἰτίαν
1295 2279 1548 2332 συνιδεῖν
1577 2271 1680 2347 τῆν
1710 2287 1823 2340 τοις

217 2363 407 2414 ἔθνεσι
438 2381 503 2412 τα
532 2354 720 2429 ἀγαθα
751 2356 1110 2430 προξενήσειν
1150 2360 1473 2431 λεγομένην.
1534 2362 1620 2415 27.
1653 2363 1735 2424 τίς
1769 2355 1817 2414 δ’
1847 2377 1888 2410 25

216 2466 287 2499 αν
319 2450 403 2515 εἴη
436 2438 573 2539 αὕτη
604 2437 637 2514 ἢ
676 2445 774 2499 τοῦ
806 2448 1048 2516 Χριστοῦ
1080 2447 1385 2515 παρουσία,
1431 2440 1503 2498 δι’
1541 2435 1608 2499 οὗ
1650 2444 1741 2499 καὶ
1774 2446 1832 2499 οἵ

219 2528 278 2582 ἐκ
303 2529 598 2601 περιτομῆς
621 2525 722 2598 τὴν
745 2528 961 2585 ἑαυτῶν
983 2523 1312 2600 ὁμολογουσι
1332 2524 1670 2599 γενήσεσθαι
1687 2524 1825 2584 ἀπο-

219 2608 525 2683 λύτρωσιν;
570 2612 814 2668 δεικτέον
844 2617 1037 2670 τοίνυν
1069 2607 1140 2678 ῶς
1179 2613 1270 2668 καὶ
1310 2607 1341 2683 ἡ
1373 2615 1467 2684 τῆς
1499 2613 1610 2668 τῶν
1643 2613 1828 2673 ἐθνῶν

128 2714 193 2754 (49)
219 2692 463 2766 κλήσεως
495 2700 802 2767 προσδοκία
832 2693 957 2754 οὐδ’
1003 2698 1158 2770 ἑτέρα
1199 2720 1279 2763 τις
1319 2694 1570 2769 ὑπῆρχεν
1599 2692 1632 2769 ἢ
1663 2693 1827 2761 αὐτὸς

335 2891 359 2929 5
393 2891 467 2930 Es.
490 2891 556 2939 49,
587 2892 605 2929 l
634 2894 678 2930 et
702 2891 741 2930 6.
