1946 3158
587 126 894 170 DEMONST.
928 126 1149 171 EVANG.
1180 127 1239 168 11.
1272 129 1310 168 3.
1659 125 1756 176 117

156 251 367 318 ρανιόις
396 249 738 318 φωστῆρσιν,
770 239 876 300 οἷοι
906 236 1049 316 ἦσαν
1080 247 1137 300 οὗ
1162 241 1331 298 πάλαι
1350 286 1364 314 ,
1397 245 1451 299 οἱ
1479 247 1758 315 προφῆται

154 330 245 387 καὶ
277 333 335 386 οἱ
360 334 460 386 τοῦ
491 333 736 402 σωτῆρος
765 326 925 435 ἡμῶν
954 325 1276 399 ἀπόστολοι,
1318 322 1400 393 οἷς
1431 325 1759 402 ’ἐμαρτύρη-

154 432 252 471 σεν
283 412 474 486 εἰπῶν,
505 411 663 487 ὑμεῖς
700 412 818 469 ἐστε
858 410 916 469 τὸ
960 418 1078 485 φῶς
1121 417 1220 468 τοῦ
1262 409 1496 485 κόσμου
1539 417 1651 469 τῶν
1698 413 1758 469 δὲ

154 503 407 572 γηγενῶν
421 499 512 555 καὶ
543 502 895 572 χαμαιπετῶν
912 494 1072 600 άμμῳ
1103 501 1204 569 γῆς
1228 499 1754 572 παραβαλλομένων.

110 611 130 642 5
156 587 271 640 105.
323 581 545 650 εἰκότως
578 586 638 640 ἐν
681 580 894 648 τούτοις
934 580 963 638 ὁ
1006 580 1343 657 προφητικός
1386 580 1574 655 λόγος,
1620 581 1759 639 ἐπὰν

151 667 210 725 τὸ
243 673 356 725 πᾶν
396 673 608 740 πλῆθος
649 672 762 724 τῶν
803 670 944 724 υἱῶν
978 660 1193 740 Ἰσραὴλ
1226 665 1633 740 ἐκπεσούμενον
1661 672 1810 739 τῆς
1783 690 1814 728 (ῑ
1818 689 1853 728 4)

152 749 308 820 ἀξίας
339 754 431 809 καὶ
461 758 558 810 τοῦ
588 756 974 825 μεγαλοφυοῦς
1005 755 1100 823 τῆς
1133 747 1329 823 ἀρετῆς
1353 748 1484 808 ὅλον
1517 747 1593 808 δι’
1626 748 1760 808 ὅλου

149 839 478 910 χαμαιπετὲς
507 834 811 910 γενόμενον
842 840 1180 909 παραβληθῇ
1222 841 1287 909 τῇ
1318 832 1478 912 ἅμμῳ
1521 839 1617 908 τῆς
1656 845 1760 892 θα-

151 919 376 994 λάσσης,
407 919 528 978 τότε
561 918 629 993 δὴ
660 918 718 977 τὸ
761 918 1099 993 κατάλειμμα
1141 915 1326 977 αὐτῶν
1364 919 1536 992 μόνον
1575 918 1760 993 σωθή-

89 1035 129 1066 10
153 1022 329 1063 σεται·
385 1007 512 1080 περὶ
555 997 623 1063 οὗ
663 1010 1098 1079 καταλείμματος
1152 1011 1382 1062 πλεῖστα
1422 1003 1559 1078 ἡμῖν
1599 1004 1760 1078 γεγύ-

150 1109 402 1164 μνασται.
468 1094 583 1148 106.
617 1095 789 1148 ταῦτα
822 1091 885 1147 δέ
913 1107 1086 1163 φησιν
1119 1095 1377 1162 ἔσεσθαι,
1413 1086 1552 1146 ε’πάν
1595 1087 1761 1156 αὐτὸς

149 1176 179 1232 ὁ
211 1173 398 1251 κύριος
440 1176 764 1248 συντέμνων
798 1176 889 1231 καὶ
932 1179 1215 1232 συντελῶν
1257 1172 1422 1246 λόγον
1463 1170 1598 1230 καθ’
1630 1171 1762 1276 ὅλης

150 1263 246 1332 τῆς
295 1260 622 1333 οἰκουμένης
684 1257 918 1332 ποιήσῃ,
975 1262 1219 1360 ἐναργῶς
1278 1258 1339 1315 τὸ
1402 1256 1762 1332 ευαγγελικὸν

154 1341 422 1418 παριστὰς
464 1342 747 1417 κήρυγμα,
805 1347 865 1401 ἐν
907 1335 971 1422 ῶ,
1013 1342 1193 1416 πάσης
1232 1347 1329 1416 τῆς
1368 1341 1506 1401 κατὰ
1545 1345 1760 1401 Μωσέα

91 1453 131 1484 15
155 1425 418 1502 περιόδου
463 1430 523 1485 ἐν
577 1426 749 1484 εἰκόσι
799 1430 890 1484 καὶ
931 1427 1229 1501 συμβόλοις
1281 1430 1374 1485 καὶ
1424 1440 1761 1502 σωματικαῖς

151 1517 478 1584 θρησκείαις
517 1509 1045 1586 περιαιρεθείσης,
1019 1537 1049 1569 ο
1082 1511 1354 1586 σύντομος
1393 1516 1494 1569 τοῦ
1535 1511 1758 1585 εὐαγγε-
1789 1531 1810 1561 ¹»

154 1601 277 1652 λίου
318 1595 478 1668 λόγος
522 1602 599 1662 είς
649 1596 858 1662 πάντας
899 1593 1236 1671 ἀνθρώπους
1279 1599 1624 1670 παραδοθεὶς
1664 1600 1760 1670 τῆς

152 1687 491 1753 προφητείας
522 1678 625 1752 τὴν
655 1678 930 1752 ἀλήθειαν
963 1679 1315 1739 ἐπιστώσατο.

283 1770 397 1822 107.
453 1763 484 1784 “
502 1766 614 1822 Καὶ
647 1771 798 1822 ἔσται
831 1768 891 1821 ἐν
921 1767 988 1839 τῇ
1019 1761 1194 1841 ’ἡμέρα
1228 1768 1411 1838 ἐκείνῃ
1443 1764 1477 1837 ἡ
1509 1770 1628 1840 ῥίζα
1658 1767 1763 1823 τοῦ

87 1876 128 1907 20
146 1845 343 1906 Ἰεσσαὶ
394 1850 487 1906 καὶ
537 1846 566 1906 ὁ
615 1846 979 1922 ἀνιστάμενος
1019 1848 1214 1925 ἄρχειν
1239 1852 1449 1907 ἐθνῶν·
1484 1847 1570 1906 ἐπ’
1606 1848 1758 1927 αὐτῷ

151 1938 292 2007 ἔθνη
333 1936 640 2005 ἐλπιοῦσιν,
674 1936 766 1991 mxl
807 1939 958 1991 ἔσται
988 1930 1022 2006 ἡ
1063 1931 1376 2002 ἀνάπαυσις
1407 1933 1580 1992 αὐτοῦ
1608 1932 1755 2007 τιμή.

151 2019 242 2074 καὶ
274 2024 426 2076 ἔσται
458 2022 518 2076 ἐν
548 2022 614 2092 τῇ
645 2015 820 2094 ἡμέρα
853 2022 1038 2093 ἐκείνῃ
1080 2019 1391 2093 προσθήσει
1431 2017 1621 2093 κύριος
1662 2043 1763 2077 του

152 2105 329 2170 δεῖξαι
360 2101 462 2175 τὴν
492 2117 648 2176 χεῖρα
681 2100 871 2176 αὐτοῦ,
903 2127 1002 2161 του
1034 2108 1273 2177 ζηλῶσαι
1300 2106 1391 2161 καὶ
1432 2108 1655 2177 ζητῆσαι
1699 2102 1762 2162 τὸ

150 2187 529 2261 καταλειφθεν
586 2184 895 2246 υπόλοιπον
951 2193 1049 2246 τοῦ
1110 2192 1248 2247 λαου
1301 2186 1504 2261 αὐτοῦ,
1564 2186 1595 2246 ὃ
1660 2186 1761 2246 εάν

89 2297 129 2329 25
152 2274 501 2346 καταλειφθῇ
532 2268 639 2329 ἀπὸ
668 2275 781 2331 τῶν
804 2270 1137 2347 Ἀσσυρίων,
1169 2275 1262 2331 καὶ
1292 2270 1399 2331 ἀπὸ
1443 2272 1755 2346 Αἰγύπτου,

150 2358 242 2413 καὶ
273 2355 385 2414 ἀπὸ
415 2362 800 2430 Βαβυλωνίας,
833 2359 924 2414 καὶ
956 2355 1063 2415 ἀπὸ
1096 2364 1429 2431 Αἰθιοπίας,
1471 2361 1562 2415 καὶ
1598 2354 1754 2415 Ἐλα-
1791 2387 1809 2405 c

150 2444 343 2513 μιτῶν,
375 2443 467 2501 καὶ
497 2439 604 2498 ἀπὸ
635 2437 796 2514 ἡλίου
826 2440 1141 2515 ἀνατολῶν,
1183 2445 1275 2500 mxl
1307 2440 1414 2500 ἀπὸ
1434 2447 1547 2500 τῶν
1569 2439 1758 2514 νήσων

150 2528 245 2596 τῆς
273 2524 576 2599 θαλάσσης.
646 2528 738 2583 καὶ
769 2524 897 2601 ἀρεῖ
932 2541 1162 2601 σημεῖον
1203 2534 1282 2595 εἰς
1326 2527 1391 2584 τὰ
1435 2532 1603 2599 ἔθνη,
1665 2527 1757 2582 καὶ

151 2607 278 2674 τούς
348 2613 786 2685 διεσπαρμένους
826 2609 1008 2669 Ἰούδα
1060 2610 1283 2680 συνάξει
1348 2614 1406 2669 ἐκ
1464 2613 1578 2668 τῶν
1637 2630 1759 2668 τεσ·

87 2720 128 2751 30
153 2690 340 2767 σάρων
370 2694 664 2768 πτερύγων
694 2699 790 2768 τῆς
820 2694 967 2769 γῆς.”

265 2887 315 2927 19
346 2887 423 2930 Es.
459 2889 523 2940 11,
559 2889 624 2931 10.
