1992 3186
272 144 378 195 404
948 145 1194 186 EUSEBH

273 265 363 318 καὶ
407 258 879 330 ἐπαναστήσονται
921 262 1086 316 τέκνα
1133 262 1220 316 ἐπὶ
1262 277 1444 331 γονεῖς
1495 266 1587 319 καὶ
1624 262 1879 320 θανατῶ-

272 365 467 402 σουσιν
492 339 745 409 αὐτούς.”
793 346 871 399 15.
887 345 978 399 καὶ
1005 336 1169 408 αὖθις
1187 341 1296 417 “μὴ
1319 353 1580 419 νομίσητε
1601 345 1684 404 ὅτι
1701 341 1879 419 ’ἦλθον

274 428 502 500 εἰρήνην
547 431 742 484 δοῦναι
785 431 845 484 ἐν
885 434 951 501 τῇ
989 433 1090 501 γῇ,
1135 425 1259 502 ούχὶ
1300 432 1439 502 λέγω
1479 430 1643 504 ὑμῖν,
1686 429 1810 488 ἀλλ’
1844 428 1879 504 ἢ

275 511 648 584 διαμερισμόν.
692 518 908 569 ἔσονται
932 511 1036 584 γὰρ
1067 510 1296 570 ἀπὸτοῦ
1325 517 1432 570 νῦν
1461 516 1623 572 πέντε
1656 520 1714 573 ἐν
1745 526 1880 593 οἴκῳ

276 599 360 653 ἑνὶ
405 597 911 669 διαμεμερισμένοι,
965 610 1111 670 τρεῖς
1159 600 1247 653 ἐπὶ
1300 601 1465 655 δυσὶν
1510 601 1602 655 καὶ
1648 598 1749 657 δύο
1793 603 1925 665 ἐπὶς,

270 686 441 751 τρισί·
499 680 1027 754 διαμερισθήσονται
1051 679 1230 755 πατὴρ
1264 684 1351 738 ἐπὶ
1381 686 1487 757 υἰῷ
1520 686 1610 739 καὶ
1640 682 1760 750 υίὸς
1794 687 1882 741 ἐπὶ

271 767 466 838 πατρὶ,
509 763 686 838 μήτηρ
738 767 826 821 ἐπὶ
865 763 967 836 τὴν
1015 768 1324 838 θυγατέρα,
1367 769 1459 822 καὶ
1498 765 1752 839 θυγάτηρ
1795 770 1884 824 ἐπὶ

271 847 372 920 τὴν
411 851 648 922 μητέρα,
686 850 949 921 ’πενθερὰ
991 852 1079 906 ἐπὶ
1119 849 1222 921 τὴν
1258 849 1513 923 νύμφην,
1560 854 1651 907 καὶ
1691 850 1882 925 νύμφη

225 961 247 989 (ι
275 935 361 990 ἐπὶ
393 932 494 1005 τὴν
523 930 863 1005 πενθεράν.”
908 939 988 989 16.
1024 940 1082 990 τί
1106 934 1210 1006 γὰρ
1234 938 1405 991 ταῦτα
1425 939 1520 1007 τῆς
1543 939 1885 1009 προφητικῆς

275 1019 530 1092 διαφέροι
561 1015 632 1074 ἂν
662 1022 852 1090 φωνῆς
900 1021 988 1074 ἐπὶ
1028 1023 1094 1091 τῇ
1125 1022 1221 1074 τοῦ
1253 1025 1451 1091 κυρίου
1485 1025 1561 1085 εἰς
1594 1030 1882 1091 Αἴγυπτον
1904 1052 1945 1084 10

273 1109 555 1176 παρουσία
587 1100 854 1174 λεγούσης
883 1101 1362 1175 ἐπεγερθήσεσθαι
1387 1110 1730 1175 Αἰγυπτίους
1754 1102 1877 1161 κατ’

276 1193 603 1258 Αἰγυπτίων
647 1188 738 1242 καὶ
770 1185 1104 1259 πολεμήσειν
1144 1185 1448 1258 ἄνθρωπον
1491 1185 1588 1244 τὸν
1638 1185 1887 1259 ἀδελφὸν
1950 1254 1955 1261 ,

275 1270 473 1339 αὑτοῦ;
507 1272 598 1326 καὶ
630 1269 796 1342 νόμος
829 1271 888 1327 δὲ
918 1269 946 1327 ὃ
977 1274 1071 1343 τῆς
1102 1274 1294 1340 καινῆς
1326 1271 1598 1344 διαθήκης
1629 1277 1727 1328 τοῦ
1749 1281 1884 1344 Χρι-

275 1358 409 1411 στοῦ
435 1357 519 1410 ἐπὶ
545 1353 717 1426 νόμον
739 1355 836 1410 τὸν
857 1358 952 1425 τῆς
978 1356 1261 1412 πολυθέου
1283 1360 1714 1428 δεισιδαιμονίας
1737 1355 1884 1428 ἠγεί-

275 1462 428 1510 ρετο,
470 1436 559 1495 ὅτε
601 1441 714 1495 τῶν
746 1444 1165 1511 εἰδωλολατρῶν
1208 1443 1395 1496 ἐθνῶν
1426 1439 1591 1512 νόμος
1620 1439 1722 1512 τὴν
1752 1449 1883 1512 Χρι-
1907 1470 1948 1503 15

275 1528 407 1580 στοῦ
439 1527 695 1595 πολεμῶν
728 1528 1111 1593 διδασκαλίαν,
1143 1521 1299 1589 πόλις
1323 1548 1381 1580 τε
1405 1526 1496 1579 καὶ
1520 1531 1767 1581 πολιτεία
1789 1527 1885 1596 τῆς

278 1611 336 1664 ἐν
369 1610 588 1683 Χριστῷ
621 1611 908 1678 ἐκκλησίας
938 1623 1051 1673 τοῖς
1081 1611 1193 1664 τῶν
1232 1606 1481 1664 ἀπίστων
1513 1611 1698 1665 ἐθνῶν
1728 1617 1886 1664 πολι-

272 1689 539 1764 τεύμασιν
583 1695 926 1748 ἐπανίστατο.
1015 1696 1094 1748 17.
1145 1691 1228 1747 διὸ
1281 1696 1527 1748 λέλεκται
1560 1688 1756 1758 “πόλις
1798 1695 1886 1748 ἐπὶ

274 1774 435 1832 πόλιν
467 1778 556 1832 καὶ
590 1774 755 1848 νόμος
788 1778 875 1832 ἐπὶ
901 1773 1130 1848 νόμον.”
1187 1782 1300 1831 ἔστι
1326 1776 1387 1831 δὲ
1413 1779 1500 1831 ἐπὶ
1523 1775 1734 1842 τούτοις
1757 1774 1885 1845 τορς

277 1866 619 1931 Αἰγυπτίους
661 1859 870 1924 πάντας
911 1859 1037 1925 τοὺς
1071 1857 1502 1931 εἰδωλολάτρας,
1545 1858 1606 1915 τό
1637 1883 1695 1915 τε
1730 1864 1884 1934 ἐνερ-
1906 1890 1948 1922 20

275 1948 413 2015 γοῦν
445 1947 505 2000 ἐν
536 1941 722 2008 αὐτοῖς
753 1947 848 2014 τῆς
882 1948 1306 2014 εἰδωλολατρίας
1343 1946 1589 2014 πνεῦμα,
1631 1949 1887 2002 συνιδεῖν

161 2051 255 2092 (299)
280 2029 712 2100 ταραττομένους
745 2029 909 2083 εἰσέτι
939 2031 1073 2098 νῦν,
1105 2028 1196 2082 καὶ
1229 2026 1402 2097 πολλὰ
1427 2028 1526 2099 μὲν
1556 2030 1886 2101 βουλευομέ-

277 2135 412 2183 μους
443 2110 578 2167 κατὰ
608 2114 701 2183 τῆς
731 2114 831 2167 τοῦ
859 2114 1100 2180 Χριστοῦ
1134 2115 1523 2181 διδασκαλίας,
1558 2110 1629 2178 ῶς
1661 2108 1730 2168 ἂν
1762 2113 1886 2183 σβέ-

279 2213 428 2251 σοιεν
470 2192 645 2265 αὐτὴν
688 2197 780 2250 καὶ
823 2198 874 2260 ἐξ
915 2193 1238 2264 ἀνθρώπων
1267 2193 1621 2266 ἆφανίσοιεν,
1670 2201 1886 2252 διασκε-

282 2281 662 2351 δαννυμένους
698 2279 757 2334 δὲ
785 2276 895 2333 ὑπὸ
925 2282 1023 2333 τοῦ
1053 2282 1223 2347 θεοῦ,
1257 2277 1535 2348 φήσαντος
1571 2282 1629 2334 ἐν
1658 2283 1727 2351 τῇ
1755 2302 1886 2349 προ·
1909 2307 1950 2340 25

280 2368 480 2437 φητεία
503 2358 631 2418 ((καὶ
663 2360 1069 2434 ταραχθήσεται
1099 2355 1158 2416 τὸ
1190 2366 1407 2433 πνεῦμα
1429 2364 1540 2417 τῶν
1560 2369 1888 2432 Αἰγυπτίων

282 2451 342 2503 ἐν
374 2443 587 2517 αὐτοῖς,
621 2449 713 2502 καὶ
743 2443 847 2517 τὴν
877 2444 1088 2516 βουλὴν
1118 2441 1303 2500 αὐτῶν
1337 2443 1741 2502 διασκεδάσω.”
1806 2450 1886 2502 18.

281 2537 453 2603 μυρία
495 2532 556 2587 δὲ
595 2529 698 2586 ὅσα
740 2527 1158 2600 πυνθανόμενοι
1200 2531 1291 2584 καὶ
1336 2532 1717 2601 ἐπερωτῶντες
1749 2529 1886 2599 καθ’,

281 2610 438 2687 ἡμῶν
470 2621 529 2670 ἕν
550 2637 609 2670 τε
639 2628 900 2688 χρησμοῖς
923 2615 1013 2670 καὶ
1036 2619 1318 2685 μαντείαις
1342 2613 1466 2679 τοὺς
1491 2613 1658 2679 θεοὺς
1683 2613 1888 2685 αὑτῶν,

284 2701 375 2754 καὶ
406 2697 532 2764 τοὺς
575 2702 632 2754 ἐν
663 2712 774 2764 τοῖς
805 2695 1117 2770 ἀγάλμασιν
1150 2696 1567 2768 ἐμφωλεύοντας
1603 2704 1886 2770 δαίμονας,
1911 2725 1952 2757 30

399 2891 423 2928 2
453 2890 565 2929 Luc.
591 2893 655 2940 12,
681 2894 745 2930 51.
782 2891 882 2930 coll.
905 2891 1066 2931 Matth.
1095 2893 1160 2939 10,
1183 2892 1250 2930 34.
