1992 3186
536 132 840 174 DEMONST.
871 132 1092 174 EVANG.
1127 134 1180 175 V.
1215 134 1394 174 13—15.
1649 133 1753 185 333

141 252 202 306 ἐν
239 246 425 324 στύλῳ
465 245 667 321 πυρὸς,
709 251 807 304 τοῦ
859 254 1086 319 φαίνειν
1128 244 1369 315 αὐτοῖς.”
1454 250 1546 305 καὶ
1585 248 1754 307 πάλιν

132 329 374 405 “nat-{13²7
414 332 604 404 κύριος
647 335 707 388 ἐν
751 331 933 408 στύλςο
973 328 1263 405 νεφέλης.”
1348 336 1397 390 2.
1442 335 1534 389 καὶ
1586 325 1753 400 αὖθις

133 413 337 489 “ἡνίκα
373 414 423 472 δ’
454 412 524 473 ἂν
551 419 816 487 εἰσῆλθεν
847 422 1062 488 Μωσῆς
1094 422 1171 483 εἰς
1205 415 1307 489 τὴν
1326 416 1561 489 σκηνὴν,
1593 420 1755 474 κατέ-

141 508 336 573 βαινεν
366 499 395 557 6
428 505 626 566 στῦλος
656 503 752 571 τῆς
783 502 1038 572 νεφέλης,
1071 502 1162 557 καὶ
1187 506 1373 558 ἵστατο
1407 503 1494 558 ἐπὶ
1525 499 1620 567 τὰς
1650 500 1754 558 θύ-

93 608 119 642 5
142 609 241 657 ρας
270 590 366 656 τῆς
397 589 623 656 σκηνῆς,
656 585 746 640 καὶ
774 582 951 640 ἐλάλει
982 587 1060 660 τῷ
1097 594 1316 657 Μωσεῖ,
1349 587 1442 641 καὶ
1472 584 1618 657 ἑώρα
1647 591 1753 651 πᾶς

141 668 169 725 6
201 666 328 734 λαός
358 667 455 725 τὸν
496 672 701 725 στῦλον
741 673 837 740 τῆς
877 672 1113 740 νεφέλης
1144 671 1350 726 ἑστῶτα
1381 670 1472 725 ἐπὶ
1503 672 1614 726 τῶν
1642 679 1753 726 θυ-

141 756 257 827 ρῶν
297 757 391 825 τῆς
431 757 652 825 σκηνῆς.
722 754 814 808 καὶ
845 751 1070 819 στάντες
1101 757 1206 819 πᾶς
1247 752 1276 809 6
1318 751 1447 818 λαός
1477 752 1755 824 προσεκύ-
1783 785 1799 808 e

139 856 346 910 νησαν,
381 841 605 904 ἕκαστος
640 833 748 892 ἀπὸ
779 839 874 907 τῆς
904 835 1086 910 θύρας
1116 840 1211 909 τῆς
1243 843 1449 910 σκηνῆς
1479 836 1668 895 αὐτοῦ.
1677 834 1707 855 ”

267 925 314 978 3.
341 919 400 978 ‘0
430 945 532 993 μεν
562 945 669 977 ουν
687 918 816 985 λαός
850 918 995 991 ἑώρα
1026 919 1122 977 τὸν
1153 925 1356 978 στῦλον
1379 925 1474 992 τῆς
1496 924 1752 995 νεφέλης,

78 1029 119 1061 10
142 1012 344 1061 Μωσεῖ
373 1004 424 1060 δ’
461 1003 656 1061 ἐλάλει.
709 1010 790 1069 τίς
818 1001 868 1059 δ’
907 1002 1114 1074 ἐλάλει;
1145 997 1180 1076 ἦ
1207 1009 1378 1076 δῆλον
1400 1003 1481 1061 ὅτι
1504 1004 1532 1062 6
1557 1010 1754 1072 στῦλος

139 1094 234 1160 τῆς
265 1091 528 1161 νεφέλης,
560 1085 587 1144 6
620 1086 892 1161 πρότερον
915 1102 1027 1153 τοῖς
1051 1087 1326 1160 πατράσιν
1358 1092 1417 1145 ἐν
1447 1087 1754 1161 ἀνθρώπου

141 1175 338 1245 φανεὶς
379 1171 626 1245 σχήματι.
691 1174 1190 1276 προαποδέδεικται
1241 1173 1304 1229 δε
1353 1197 1436 1229 οτι
1478 1172 1552 1245 μὴ
1593 1168 1622 1229 6
1665 1176 1755 1229 ε’πὶ

141 1255 367 1314 πάντων
388 1257 519 1323 θεὸς
543 1281 702 1322 ουτος
726 1257 815 1328 ἦν,
848 1258 1030 1328 ε’τερος
1050 1254 1156 1313 δε
1140 1281 1206 1313 ov
1228 1261 1368 1314 θεοῦ
1392 1255 1558 1328 λόγον
1580 1251 1755 1330 ὑπάρ-

143 1364 308 1412 χοντα
352 1340 590 1411 Χριστὸν
631 1339 789 1413 ἡμεῖς
829 1339 1348 1415 προσαγορεύομεν,
1402 1337 1460 1407 ὸς
1501 1343 1594 1397 καὶ
1633 1339 1755 1399 τότε

79 1449 120 1480 15
143 1428 238 1480 τοῦ
279 1423 532 1495 πλήθους
574 1426 764 1481 ἕνεκεν
795 1431 998 1482 Μωσεῖ
1033 1449 1091 1482 τε
1137 1423 1286 1501 αὐτῷ
1318 1427 1410 1482 καὶ
1440 1429 1515 1501 τῷ
1548 1429 1662 1501 λαῷ
1696 1429 1756 1483 ἐν

142 1506 326 1583 στόλῳ
358 1512 594 1579 νεφέλης
627 1512 948 1579 έθεωρεῖτο,
991 1507 1083 1564 δια
1124 1507 1182 1565 τὸ
1214 1509 1288 1581 μὴ
1320 1524 1523 1582 χωρεῖν
1552 1507 1755 1575 αὐτοὺς
1779 1530 1802 1562 d

142 1590 343 1664 ὁμοίως
383 1605 496 1656 τοῖς
548 1590 822 1663 πατράσιν
880 1595 940 1649 ἐν
979 1588 1286 1693 άνθροόπου
1339 1591 1572 1689 σχήματι
1617 1591 1754 1665 ὁραν

143 1672 330 1732 αὐτόν.
392 1679 441 1732 4.
474 1682 701 1732 τελείων
731 1674 836 1746 γάρ
866 1699 951 1733 τοι
979 1678 1051 1748 ἠν
1095 1675 1154 1732 τὸ
1194 1680 1440 1750 προορᾶν
1472 1675 1755 1734 δύνασθαι

141 1759 243 1830 τὴν
273 1761 585 1832 μέλλουσαν
615 1765 852 1817 ἔσεσθαί
875 1783 1006 1817 ποτε
1032 1766 1108 1824 εἰς
1129 1758 1466 1830 ἀνθρώπους
1484 1765 1754 1831 ἔνσαρκον

79 1869 122 1901 20
146 1843 475 1915 ἐπιφάνειαν
515 1840 715 1914 αυτοῦ,
761 1841 832 1915 ἣν
873 1846 991 1901 ε’πεὶ
1041 1844 1182 1916 μηδε
1223 1843 1345 1901 τότε
1384 1841 1497 1910 οἷός
1536 1867 1596 1900 τε
1622 1870 1695 1916 ην
1724 1846 1753 1901 6

144 1932 249 1994 πᾶς
280 1927 407 1994 λαός
438 1941 671 1999 χωρεῖν,
706 1927 927 1995 εἰκότως
957 1952 1075 1984 τοτε
1105 1952 1207 2000 μεν
1238 1927 1427 1993 αὐτοῖς
1461 1926 1552 1984 δια
1582 1928 1755 1996 πυρὸς

145 2011 327 2083 φόβου
357 2010 519 2084 χάριν
551 2014 643 2068 καὶ
682 2012 1098 2084 καταπλήξεως,
1130 2015 1251 2068 τοτὲ
1283 2012 1345 2068 δὲ
1377 2011 1469 2068 διὰ
1499 2014 1752 2084 νεφέλης,

145 2094 218 2160 ὦς
248 2092 317 2151 ἂν
358 2097 797 2168 έπεσκιασμένως
836 2099 928 2153 καὶ
967 2098 1390 2170 κεκαλυμμένως
1429 2102 1754 2169 νομοθετῶν
1779 2116 1866 2158 [152]

145 2176 347 2245 αὐτοὺς
377 2177 578 2254 ὁρῷτο,
621 2175 820 2252 ὁμοίως
853 2181 916 2237 δὲ
946 2182 1037 2237 καὶ
1069 2185 1145 2256 τῷ
1180 2189 1381 2238 Μωσεῖ
1420 2178 1496 2237 δι’
1535 2179 1751 2248 αὐτούς.

82 2287 124 2320 25
271 2275 371 2324 XV.
413 2261 594 2320 “Eine
624 2262 844 2336 κύριος,
889 2263 1013 2322 ἰδού
1046 2262 1152 2336 ἐγώ
1182 2261 1500 2322 ἀποστέλλω
1530 2262 1627 2321 τὸν
1657 2263 1750 2335 ἅγ-
1777 2289 1866 2329 (242)

145 2346 310 2417 γελόν
339 2371 446 2418 μου
477 2345 582 2418 πρὸ
613 2347 913 2421 προσώπου
943 2373 1078 2421 μου,
1120 2353 1213 2405 ἵνα
1253 2346 1471 2422 φυλάξῃ
1505 2367 1566 2405 σε
1598 2352 1658 2405 έν
1687 2352 1754 2421 τῇ

145 2426 277 2504 ὁδῷ,
309 2429 456 2496 ὅπως
489 2430 753 2504 εἰσαγάγῃ
784 2450 846 2489 σε
878 2439 955 2499 εἰς
977 2431 1079 2504 τὴν
1108 2435 1232 2504 γῆν,
1263 2428 1334 2503 ἣν
1357 2430 1625 2504 ἡτοίμασά
1649 2450 1750 2488 σοι.

147 2512 381 2585 πρόσεχε
411 2520 595 2590 σαυτῷ
637 2518 727 2572 καὶ
761 2515 1017 2574 εἰσάκουε
1049 2512 1248 2586 αὐτοῦ,
1291 2517 1383 2572 καὶ
1421 2514 1495 2587 μὴ
1527 2513 1752 2572 άπείθει

149 2593 312 2669 αὐτῷ.
375 2596 440 2653 οὐ
471 2598 577 2672 γὰρ
607 2597 681 2672 μὴ
711 2596 1107 2672 ὑποστείληταί
1127 2615 1213 2655 σε·
1244 2597 1304 2655 τὸ
1323 2622 1427 2671 γαρ
1451 2596 1624 2671 ὄνομά
1646 2622 1753 2671 μου

1293 2678 1384 2704 “¹⁸

83 2704 127 2735 30
152 2681 301 2735 ἐστὶν
334 2677 419 2735 ἐπ’
454 2679 654 2758 αὐτῷ.”
715 2686 807 2740 καὶ
840 2687 898 2740 ἐν
931 2687 1097 2758 ἑτέρω
1121 2681 1270 2739 τόπω
1333 2690 1451 2737 εἰπε
1483 2683 1543 2738 δε
1567 2681 1754 2755 κύριος

262 2873 286 2910 2
319 2872 448 2913 Num.
474 2874 538 2921 12,
561 2875 599 2912 5.
772 2878 797 2916 3
828 2875 971 2919 Exod.
996 2879 1063 2926 33,
1088 2878 1126 2917 9.
1300 2876 1354 2915 ‘25
1384 2875 1466 2916 Ex.
1491 2876 1557 2927 23,
1583 2877 1650 2915 20.
