1946 3158
223 129 326 180 194
893 117 1146 172 EUSEB'H

220 243 668 327 ἀνατεθείκασιν,
693 242 926 317 ἁγνείαν
948 248 1189 317 παντελῆ
1213 247 1304 303 καὶ
1328 252 1642 320 παρθενίαν
1658 237 1833 320 άσκήωΔ

220 348 401 387 σασαι.
463 335 547 387 22.
582 333 680 387 ἕνα
711 353 812 402 μεν
843 330 947 387 οὐν
985 327 1293 402 μηλόβοτον
1323 329 1692 388 καταλιπόντα
1721 330 1825 404 τὴν

220 417 419 472 ἑαυτοῦ
449 413 635 488 χώραν
665 412 940 488 προφάσει
970 420 1301 486 φιλοσοφίας
1331 413 1565 484 ἄγουσιν
1596 407 1706 472 ωδε
1729 413 1823 472 κά.-

172 533 188 555 c
220 512 369 556 κεῖσε
421 502 814 599 περιφέροντες
859 493 1136 570 Ἑλλήνων
1187 504 1411 565 παῖδες
1478 498 1823 579 Δημόκριτος

221 581 406 648 αὐτοῖς
435 605 595 648 ουτος
625 583 711 655 ἠν.
786 583 879 638 καὶ
909 581 1131 656 Κράτης
1175 578 1253 648 εἷς
1283 580 1415 656 παρ’
1460 583 1646 652 αὐτοῖς
1675 594 1868 642 θαυ-5

218 665 468 739 ιιάζεται,
499 663 582 723 ὅτι
625 665 692 738 δὴ
725 664 827 737 τὴν
857 663 1058 723 οὐσίαν
1088 665 1407 732 καταλιπων
1439 682 1552 734 τοῖς
1578 674 1826 736 πολίταις

219 748 383 817 αὐτὸς
417 750 616 808 ἑαυτὸν
647 749 867 824 Κράτης
898 749 1155 823 Κράτητα
1179 749 1491 827 ἠλευθέρου
1515 751 1821 825 κομπάζων.

217 839 301 892 23.
336 839 392 892 οί
431 836 491 892 δε
532 859 645 892 των
669 833 847 907 Ἰησοῦ
876 834 1058 907 λόγων
1103 837 1333 907 ζηλωταὶ
1364 841 1552 908 μυρίοι
1581 834 1679 894 τὸν
1708 835 1824 910 ἀρι-

218 919 394 992 θμὸν,
436 916 560 976 ἀλλ’
605 943 709 992 ουχ
742 917 818 986 εἷς
860 917 993 976 οὐδε
1025 918 1154 992 δύο,
1195 943 1290 986 τας
1321 919 1536 993 κτήσεις
1576 918 1823 993 ἀπεμπο-

218 1003 486 1075 λη’σαντες
524 1006 722 1076 πένησι
756 1006 847 1060 καὶ
873 1007 1085 1061 ἐνδεέσι
1107 1002 1588 1076 μεταδεδώκασιν,
1621 1029 1700 1062 ων
1730 1007 1822 1061 καὶ
1849 1030 1889 1062 ιο

219 1085 376 1145 αὐτοὶ
407 1087 752 1161 τυγχάνομεν
789 1086 1062 1161 μάρτυρες
1103 1087 1499 1161 συγγενόμενοι
1538 1087 1823 1162 τοιούτοις,

220 1175 311 1229 καὶ
343 1171 530 1238 αὐτοῖς
563 1178 760 1245 ἔργοις,
795 1169 915 1228 ἀλλ’
953 1171 1019 1229 οὐ
1050 1170 1231 1244 λόγοις
1262 1171 1450 1245 μόνοις
1481 1176 1575 1245 τῆς
1595 1176 1696 1230 τοῦ
1719 1171 1824 1246 Ἰη-

219 1260 322 1313 σοῦ
350 1262 654 1329 μαθητείας
699 1255 1022 1322 συνιδόντες
1060 1254 1125 1312 τά
1166 1256 1582 1330 κατορθώματα.
1655 1261 1739 1314 24.
1772 1264 1829 1314 τί

171 1368 190 1399 ,ι
218 1340 320 1414 χρὴ
365 1343 548 1413 λέγειν
591 1338 790 1398 ὁπόσαι
834 1339 1102 1414 μυριάδες
1146 1344 1239 1397 καὶ
1278 1339 1463 1398 αὐτῶν
1503 1339 1823 1415 βαρβάρων,

218 1422 340 1497 οὐχὶ
374 1426 434 1482 δὲ
463 1423 635 1499 μόνον
658 1423 964 1498 Ἑλλήνων,
1000 1428 1057 1481 ἐκ
1086 1428 1198 1482 τῶν
1220 1423 1402 1498 Ἰησοῦ
1430 1423 1611 1498 λόγων
1641 1430 1824 1483 πᾶσαν
1847 1449 1888 1482 15

217 1510 318 1582 μὲν
356 1508 740 1582 ὑπερεκκῦψαι
781 1509 1062 1566 πολύθεον
1093 1507 1338 1582 πλάνην,
1378 1510 1473 1566 τὸν
1515 1511 1576 1567 δὲ
1616 1512 1824 1582 πατέρα

218 1596 308 1650 καὶ
343 1593 683 1668 δημιουργὸν
705 1598 871 1650 τοῦδε
893 1597 990 1650 τοῦ
1019 1592 1223 1660 παντὸς
1245 1592 1418 1667 μόνον
1448 1595 1658 1652 εἰδέναι
1688 1594 1826 1652 θεὸν

219 1677 632 1752 ἐμαρτύρησαν;
663 1674 730 1735 δν
760 1675 928 1734 πάλαι
958 1676 1283 1750 φιλοσόφων
1315 1676 1392 1743 εἷς
1422 1676 1588 1750 μόνος
1619 1677 1648 1735 ὁ
1671 1676 1822 1735 Πλά-

216 1786 328 1819 των
360 1762 522 1829 είδώς
565 1769 642 1828 εἰς
673 1760 879 1829 πάντας
914 1765 1166 1836 ἐκφέρειν
1204 1761 1471 1834 ωμολόγει
1498 1761 1572 1834 μὴ
1596 1765 1821 1835 τολμᾶν,

219 1845 528 1921 διαρρήδην
558 1846 792 1919 φάσκων
806 1844 942 1902 “τὸν
963 1870 1066 1918 μεν
1089 1870 1191 1902 ουν
1213 1847 1419 1919 πατέρα
1443 1848 1534 1902 καὶ
1561 1851 1821 1920 δημιουρ-
1844 1869 1887 1902 20

217 1929 320 2003 γὸν
347 1933 511 1988 τοῦδε
540 1937 640 1988 τοῦ
684 1927 888 1995 παντὸς
929 1928 1116 2003 εὑρεῖν
1147 1953 1205 1986 τε
1245 1936 1409 2003 ἔργον
1452 1931 1544 1987 καὶ
1588 1926 1822 2005 ευρόντα

219 2021 296 2080 εἰς
343 2013 551 2081 πάντας
583 2012 863 2071 ἀδύνατον
908 2015 1103 2085 λέγειν.
1120 2010 1150 2031 ”
1210 2017 1293 2071 25.
1329 2011 1467 2071 αλλα
1498 2018 1691 2091 ἐκείνω
1721 2016 1824 2087 μὲν

217 2100 309 2154 καὶ
341 2104 504 2171 ἔργον
536 2094 721 2171 εὑρεῖν
754 2095 930 2154 ἐδόκει
961 2097 1020 2155 τὸ
1061 2120 1311 2171 πραγμα,
1355 2100 1447 2156 καὶ
1487 2090 1557 2170 ἦν
1589 2097 1660 2165 ὡς
1691 2097 1820 2171 άλη-

103 2212 157 2252 (10
147 2212 191 2251 υ)
217 2185 335 2249 θῶς
365 2184 650 2254 μέγιστον,
682 2179 962 2240 άδύνατον
994 2182 1056 2239 δε
1085 2185 1154 2255 ἠν
1187 2180 1337 2258 αὐτῷ
1365 2186 1547 2255 λέγειν
1573 2189 1650 2248 εἰς
1679 2180 1820 2240 πάν-

215 2291 330 2338 τας,
362 2264 444 2323 ὅτι
473 2264 546 2339 μὴ
577 2270 762 2340 παρῆν
792 2263 941 2342 αὐτῷ
971 2265 1209 2339 τοσαύτη
1233 2292 1314 2333 τις
1335 2264 1621 2340 εὐσεβείας
1654 2267 1820 2324 δυ’να-
1842 2290 1886 2323 25

216 2376 305 2424 μις
346 2347 448 2423 ὅση
488 2365 600 2417 τοῖς
626 2350 802 2424 Ἰησοῦ
831 2360 1137 2423 μαθηταῖς,
1181 2348 1262 2417 οἷς
1297 2351 1387 2407 διὰ
1416 2354 1512 2423 τῆς
1537 2354 1636 2407 τοῦ
1667 2356 1820 2407 διδα-

217 2434 424 2492 σκάλου
468 2441 763 2509 συνεργίας
804 2435 900 2492 τὸν
944 2438 1152 2508 πατέρα
1198 2437 1290 2492 καὶ
1333 2432 1671 2508 δημιουργὸν
1707 2438 1820 2492 τῶν

216 2518 363 2577 ὅλων
395 2518 579 2593 εὑρεῖν
618 2543 676 2576 τε
719 2521 810 2576 καὶ
855 2522 1065 2591 γνῶναι
1105 2517 1302 2594 ῥᾴδιον
1330 2520 1551 2590 γέγονε,
1598 2521 1690 2575 καὶ
1727 2517 1820 2575 εὑ-

217 2608 411 2676 ροῦσιν
444 2609 520 2671 εἰς
559 2607 672 2661 πᾶν
709 2605 867 2676 γένος
897 2600 1218 2675 ἀνθρώπων
1263 2605 1567 2675 ἐξενεγκεῖν
1611 2600 1821 2661 άνακα-

216 2687 387 2757 λύψαι
410 2712 469 2745 τε
485 2691 576 2746 καὶ
600 2692 888 2762 πληρώσαι
911 2689 1001 2744 καὶ
1027 2689 1258 2761 κηρῦξαι
1281 2686 1383 2759 τὴν
1406 2693 1615 2760 γνῶσιν
1627 2689 1815 2759 πᾶσιν,
1838 2709 1880 2742 30

218 2771 356 2829 ὥστε
401 2776 459 2830 ἐκ
497 2776 590 2845 τῆς
631 2772 816 2830 αὐτῶν
857 2775 1086 2829 ἐκείνων
1118 2776 1475 2839 διδασκαλίας
1518 2772 1682 2829 εἰσέτι
1711 2774 1818 2828 νῦν

216 2854 478 2913 κατακτὸν
508 2857 754 2932 παρόντα
778 2857 971 2931 καιρὸν
997 2859 1055 2914 ἐν
1077 2852 1222 2922 ὅλοις
1246 2871 1358 2922 τοῖς
1385 2858 1469 2913 ἐπὶ
1496 2857 1595 2928 γῆς
1626 2861 1817 2912 ἔθνεσι
