1946 3158
580 121 888 165 DEMONST.
911 123 1135 165 EVANG.
1168 125 1230 166 11.
1262 127 1302 165 3.
1447 144 1459 147 ,
1676 123 1744 174 89

647 236 658 251 r
727 237 740 256 ‚
840 239 851 256 x
970 241 991 252 -
1206 245 1219 261 ,

583 245 672 307 κζ.
738 248 860 296 Απο
890 262 989 296 του
1034 246 1298 313 Μιχαιου.
1767 264 1834 303 (55)

139 347 415 416 Κατηγορία
438 346 531 389 τῶν
562 341 720 401 ἀρχῶν
743 346 835 388 τῶν
852 347 936 389 τοῦ
954 341 1201 390 Ἰουδαίων
1223 343 1414 399 ἔθνους,
1439 346 1522 389 καὶ
1544 340 1746 402 δήλωσις

142 398 412 475 ἐρημώσεως
435 403 518 456 τῆς
539 397 869 472 μητροπόλεως
887 398 1061 469 αὐτῶν,
1084 397 1346 469 ἐπιφάνεια
1367 417 1416 445 τε
1433 404 1642 469 Χριστοῦ
1664 403 1746 446 καὶ

142 459 277 502 οἴκου
298 459 421 501 θεοῦ
444 459 528 511 τῆς
553 453 815 530 ἐκκλησίας
838 453 1017 525 αὐτοῦ,
1041 455 1186 525 λόγου
1213 474 1263 502 τε
1287 459 1369 502 καὶ
1396 455 1546 514 νόμου
1576 456 1747 513 πρόσο-

98 526 118 557 5
442 515 542 569 δος,
574 514 658 557 καὶ
681 515 772 558 τῶν
794 510 970 570 ἐθνῶν
974 492 1202 559 απάντων
1225 514 1441 571 δήλωσις.

282 600 366 663 ‘if‘
381 601 686 662 Ἀκούσατε
720 604 787 676 δὴ
799 607 970 661 ταῦτα
983 608 1040 662 οὗ
1049 603 1348 678 ἡγούμενοι
1363 604 1746 681 οἴκουῑἸακώβ,

143 692 234 747 καὶ
274 694 331 747 οἱ
367 687 688 747 κατάλοιποι
727 697 885 746 οἴκου
920 687 1164 762 Ἰσραὴλ,
1200 694 1256 747 οἱ
1311 688 1747 763 βδελυσσόμενοι

143 781 329 847 κρίμα,
362 778 453 831 καὶ
484 773 663 831 πάντα
693 772 758 830 τὰ
787 773 934 845 ὀρθὰ
966 776 1421 846 διαστρέφοντες,
1453 779 1510 832 oc
1534 780 1746 832 οἰκοδο-

142 863 376 932 μοῦντες
416 857 574 917 Σιών
625 863 685 915 ἐν
736 862 927 931 αἵμασι
989 861 1082 915 καὶ
1113 856 1470 932 Ἰερουσαλὴμ
1519 862 1578 916 ἐν
1629 857 1747 916 ἄδι-

79 962 120 994 10
142 949 300 1009 κίαις.
375 948 434 1000 οἱ
458 941 756 1016 ἡγούμενοι
786 941 954 1015 αὐτῆς
984 940 1120 1015 μετὰ
1154 942 1351 1014 δώρων
1382 951 1621 1016 ἔκρινον,
1653 946 1746 1000 καὶ
1771 950 1794 982 b

143 1032 200 1086 οἱ
238 1033 402 1101 ἱερεῖς
442 1025 615 1100 αὐτῆς
669 1027 802 1100 μετὰ
853 1031 1062 1100 μισθοῦ
1111 1026 1508 1100 ἆπεκρίναντθ,
1552 1030 1644 1084 καὶ
1696 1033 1754 1086 οἱ

143 1118 422 1186 προφῆται
452 1108 622 1185 αὐτῆς
650 1111 786 1184 μετὰ
816 1110 1088 1183 ἀργυρίου
1122 1111 1504 1184 ἐμαντεύοντο,
1536 1118 1629 1169 καὶ
1662 1114 1751 1170 ἐπὶ

142 1197 239 1254 τὸν
262 1195 459 1269 κύριον
491 1194 923 1268 ἐπανεπαύοντο,
956 1200 1227 1269 λέγοντες,
1253 1193 1375 1270 οὐχὶ
1406 1195 1595 1268 κύριος
1616 1195 1743 1270 μεθ’

146 1278 305 1354 ἡμῶν
320 1285 495 1351 ἐστιν;
528 1280 595 1338 οὐ
608 1280 682 1354 μὴ
698 1283 906 1355 ἐπέλθῃ
933 1280 1019 1354 ἐφ’
1057 1278 1197 1355 ἡμᾶς
1221 1281 1376 1338 κακοί.
1412 1287 1458 1338 8.
1478 1280 1568 1338 διὰ
1588 1287 1750 1339 τοῦτο

83 1382 124 1412 15
148 1362 223 1422 δι’
257 1364 399 1438 ὑμᾶς
429 1364 585 1423 Σιών
616 1364 688 1431 ὥς
717 1363 882 1438 ἀγρὸς
912 1364 1404 1439 ἀροτριαθήσεται,
1438 1370 1531 1424 καὶ
1554 1365 1750 1439 Ἰερου-

148 1448 327 1522 σαλὴμ
382 1445 455 1516 ὥς
502 1448 966 1522 ὀπωροφυλοὲκιον
1011 1456 1190 1523 ἔσται,
1232 1453 1324 1508 καὶ
1368 1449 1428 1508 τὸ
1476 1449 1603 1523 ὅρος
1654 1454 1753 1509 τοῦ

148 1544 305 1592 οἴκου
337 1540 414 1600 εἰς
437 1532 603 1600 ἄλσος
635 1539 866 1606 δρυμοῦ.
921 1536 1013 1590 καὶ
1046 1540 1197 1592 ἔσται
1240 1532 1328 1592 ἐπ’
1365 1534 1598 1608 ἐσχάτου
1638 1539 1752 1592 τῶν

146 1614 370 1692 ἡμερῶν
403 1619 641 1691 ἐμφανὲς
670 1619 731 1675 τὸ
761 1616 888 1693 ὅρος
918 1625 1138 1690 κυρίου,
1170 1623 1389 1692 ἕτοιμον
1421 1621 1504 1676 ἐπὶ
1538 1618 1634 1686 τὰς
1657 1643 1753 1676 κο-

148 1702 331 1774 ρυφὰς
388 1709 503 1760 τῶν
554 1700 757 1774 ὀρέων·
803 1705 896 1759 καὶ
947 1702 1453 1775 μετεωρισθήσεται
1484 1700 1747 1776 ὑπεράνω

85 1801 126 1834 20
148 1790 260 1844 τοῖν
290 1791 532 1860 βουνῶν,
574 1789 667 1844 καὶ
697 1786 1042 1845 σπεύσουσιυ
1074 1785 1162 1844 ἐπ’
1195 1785 1330 1845 αὐτὸ
1360 1791 1502 1858 λαοὶ,
1534 1790 1626 1845 καὶ
1655 1811 1752 1845 πο-

148 1870 442 1944 ρεύσονται
466 1879 607 1945 ε”θνη
637 1869 811 1929 πολλὰ
843 1873 934 1929 καὶ
968 1875 1182 1943 ἐροῦσι,
1217 1875 1378 1930 δεῦτε
1407 1875 1498 1930 καὶ
1530 1869 1753 1945 ἆναβῶ-
1776 1896 1793 1919 0

148 1978 250 2028 μεν
282 1962 359 2024 εἰς
389 1954 449 2013 τὸ
479 1954 606 2030 ὅρος
647 1962 875 2029 κυρίου,
908 1960 1001 2014 καὶ
1032 1963 1109 2024 εἰς
1149 1955 1247 2015 τὸν
1286 1957 1440 2014 οἷκον
1479 1959 1578 2014 τοῦ
1614 1959 1756 2015 θεοῦ

146 2037 368 2113 Ἰακώβ,
400 2042 493 2098 καὶ
519 2044 801 2109 δείξουσιν
830 2038 964 2114 ἡμῖν
992 2039 1094 2113 τὴν
1123 2039 1259 2099 ὁδὸν
1289 2039 1488 2114 αὐτοῦ,
1530 2043 1622 2099 καὶ
1652 2064 1755 2099 πο-

150 2123 465 2198 ρευσόμεθα
498 2128 556 2183 ἐν
586 2139 706 2192 ταῖς
729 2131 938 2198 τρίβοις
970 2121 1166 2199 αὐτοῦ,
1210 2125 1291 2184 ὅτι
1340 2130 1400 2184 ἐκ
1442 2124 1599 2184 Σιών
1641 2130 1756 2195 ἐξε-

87 2240 129 2272 25
153 2208 406 2268 λεύσεται
436 2209 621 2284 νόμος,
653 2213 746 2267 καὶ
776 2209 936 2283 λόγος
965 2218 1164 2286 κυρίου
1187 2214 1239 2279 ἐξ
1262 2209 1670 2286 Ἱερουσαλήμ.”

644 2363 657 2382 Ι
727 2361 741 2382 5

572 2390 670 2438 κη.
735 2366 858 2423 Από
889 2369 989 2423 τοῦ
1034 2372 1329 2440 Ζαχαριᾞου

151 2469 364 2527 Δήλωσις
385 2472 491 2528 περὶ
513 2473 715 2528 Χριστοῦ
719 2477 1024 2545 παρουσίας,
1056 2474 1139 2517 καὶ
1168 2475 1253 2529 τῆς
1283 2473 1374 2517 τῶν
1390 2468 1640 2517 Ἰουδαίων
1670 2487 1756 2514 πο-

153 2529 348 2584 λεμικῆς
379 2531 684 2598 παρασκευῆς
713 2522 936 2585 ὄλεθρος,
963 2526 1122 2574 ἐθνῶν
1150 2545 1199 2573 τε
1230 2527 1393 2597 εἰρήνη
1422 2528 1504 2572 καὶ
1536 2529 1756 2584 βασιλεία

382 2587 550 2640 κυρίου
571 2584 706 2641 μέχρι
728 2588 821 2631 τῶν
842 2602 1058 2641 περατων
1079 2587 1163 2641 τῆς
1184 2583 1485 2640 οἰκουμένης.

89 2705 130 2737 30
280 2675 347 2730 9‘
351 2670 555 2749 Χαῖρε
585 2674 830 2750 σφόδρα,
869 2674 1115 2749 θύγατερ
1140 2673 1323 2748 Σιών,
1354 2671 1615 2748 κήρυσσε,
1646 2671 1783 2732 θύ-ιι

154 2782 317 2831 γατερ
344 2754 724 2835 Ἰερουσαλῂμ,
758 2758 883 2818 ἰδοῦ
927 2759 956 2817 ὁ
988 2757 1250 2833 βασιλεῦς
1281 2777 1383 2817 σου
1416 2763 1635 2835 ἔρχεταί
1670 2778 1756 2815 σοι

268 2885 292 2922 6
324 2883 429 2924 Mic.
461 2886 502 2935 3,
535 2885 573 2924 9.
749 2886 804 2925 30
826 2884 964 2925 Zach.
996 2885 1036 2935 9,
1069 2885 1110 2926 9.
