1992 3186
255 103 359 156 652
935 103 1186 146 EUSEBII

776 273 908 333 Ἀπὸ
939 277 1038 332 τοῦ
1059 270 1340 348 Ἱερεμίου.

383 388 452 445 V.
489 383 795 462 “Ἁμαρτία
829 383 1010 445 Ἰούδα
1048 390 1353 462 γέγραπται
1395 391 1455 445 ἐν
1493 396 1743 467 γραφείῳ
1779 411 1866 449 σι-

257 476 436 550 δηρῷ,
471 474 530 529 ἐν
551 469 710 545 ὄνυχι
738 469 1131 548 ἀδαμαντίνῳ,
1169 475 1609 546 ἐγκεκολαμμένη
1649 476 1738 532 ἐπὶ
1767 479 1867 533 τοῦ

210 557 499 631 ἀστήθους
550 560 646 628 τῆς
697 561 930 630 καρδίας
970 554 1170 629 αὐτοῦ,
1222 559 1316 613 καὶ
1365 571 1478 623 τοῖς
1523 560 1712 631 κέρασι
1753 563 1867 617 τῶν

254 648 673 715 θυσιαστηρίων
716 640 889 714 ἡμῶν.
971 637 1137 713 ἡνίκα
1176 639 1618 715 ἀναμνησθῶσιν
1661 647 1719 700 οὗ
1752 646 1909 701 υἰοὶῡ

256 725 443 784 αὐτῶν
485 725 551 783 τά
589 724 964 799 θυσιαστήρια
1006 724 1226 797 αὐτῶν,
1269 729 1361 783 καὶ
1402 724 1468 783 τά
1498 723 1638 800 ἄλση
1679 724 1869 787 αὐτῶν

257 814 344 868 ἐπὶ
377 810 546 880 ξύλου
579 813 802 883 δασέος,
842 812 934 867 καὶ
967 813 1055 868 ἐπὶ
1087 815 1312 883 βουνῶν
1340 810 1663 885 μετεώρων,
1708 811 1869 886 ἰσχύν

255 914 357 954 σου
397 898 489 953 καὶ
529 895 738 962 πάντας
777 893 906 963 τούς
950 894 1273 968 θησαυρούς
1312 913 1415 953 σου
1467 902 1543 963 εἰς
1583 896 1869 970 προνομὴν

258 980 451 1053 δώσω,
494 983 586 1038 καὶ
629 978 694 1037 τά
733 976 922 1053 ὑψηλά
962 997 1064 1037 σου
1109 983 1169 1038 ἐν
1209 976 1449 1057 ἁμαρτία
1491 984 1550 1038 ἐν
1590 987 1724 1038 πᾶσι
1754 997 1868 1048 τοῖς

254 1064 426 1137 ὁρίοις
457 1083 575 1122 σου.
634 1067 729 1122 καὶ
773 1063 1158 1166 ἀφαιρεθησῃ,
1200 1068 1292 1123 καὶ
1332 1064 1728 1140 ταπεινωθήσῃ
1759 1063 1868 1124 ἀπὸ
1888 1088 1932 1120 ιο

254 1154 350 1222 τῆς
393 1156 758 1223 κληρονομίας
799 1150 863 1222 ἧς
905 1148 1086 1206 ἔδωκά
1117 1169 1231 1222 σοι,
1274 1151 1367 1207 καὶ
1409 1148 1662 1222 ἀναβιβω
1703 1169 1766 1208 σε
1807 1154 1868 1208 ε’ν

255 1248 370 1301 τοῖς
413 1237 630 1308 ἐχθροῖς
673 1252 802 1305 σου,
848 1237 907 1291 ἐν
947 1239 1014 1308 τῇ
1055 1237 1129 1309 γῇ
1167 1225 1205 1308 ᾗ
1234 1231 1337 1292 οὐκ
1379 1240 1583 1307 ἔγνως,
1626 1233 1710 1292 ότι
1752 1240 1866 1309 πῦρ

257 1321 580 1376 ἐκκέκαυται
634 1322 693 1375 ἐν
743 1321 820 1394 τῷ
859 1322 1026 1396 θυμῷ
1078 1342 1214 1391 μου,
1268 1323 1370 1385 ε’ως
1411 1323 1611 1386 αἰῶνος
1651 1318 1871 1393 καυθή-

257 1400 448 1460 σεταιῘ

381 1492 432 1543 2.
475 1493 549 1545 Εἰ
584 1489 676 1544 καὶ
716 1486 791 1561 μὴ
831 1509 980 1561 παρα
1021 1501 1135 1554 τοῖς
1174 1486 1228 1545 0'
1231 1531 1246 1559 ,
1287 1484 1408 1544 ἀλλ’
1446 1480 1549 1546 οὖν
1586 1513 1649 1561 γε
1690 1492 1751 1546 ἐν
1790 1494 1868 1566 τῷ
1893 1510 1934 1543 15

246 1570 517 1650 Ἑβραϊκω
539 1578 712 1630 ταῦτα
736 1567 991 1678 εὑρόντες
1016 1574 1107 1628 καὶ
1135 1575 1195 1629 ἐν
1209 1586 1327 1639 ταῖς
1343 1597 1454 1630 των
1470 1576 1679 1631 λοιπων
1702 1568 1870 1647 ἕρμη-

253 1681 470 1714 νευτων
512 1656 831 1730 ἐκδόσεσιν,
874 1663 950 1713 ἔτι
991 1655 1102 1729 μὴν
1140 1657 1276 1730 μετά
1307 1660 1670 1731 παραθέσεως
1709 1655 1871 1716 ἀστε-

256 1747 466 1815 ρίσκων
497 1744 588 1799 καὶ
622 1746 680 1800 ἐν
711 1756 824 1810 τοϊς
865 1738 1116 1815 ἀκριβέσι
1154 1745 1269 1799 τῶν
1307 1741 1457 1814 παρὰ
1487 1756 1600 1809 τοῖς
1634 1741 1869 1815 ἑβδομή-

143 1846 232 1888 (485)
257 1849 423 1883 κοντα
447 1824 827 1900 ἀντιγράφοις,
857 1822 1171 1898 ἀναγκαίως
1193 1825 1336 1883 αὐτοὶ
1359 1828 1740 1899 παρεθέμεθα,
1774 1822 1868 1882 ἅτε

257 1912 348 1966 καὶ
380 1907 643 1983 ὀνομαστὶ
671 1910 768 1968 τὸν
798 1910 1077 1983 προδότην
1100 1907 1277 1967 Ἰούδα
1305 1912 1609 1982 δηλοῦντα,
1642 1911 1734 1966 καὶ
1764 1910 1866 1983 τὴν
1889 1935 1930 1968 20

257 1998 653 2067 πεπραγμένην
683 1992 830 2070 αὐτῷ
872 1990 1145 2066 ἁμαρτίαν
1184 1990 1578 2061 ἀνεξάλειπτον
1610 1993 1752 2051 εἶναι
1785 1999 1870 2051 δι-

260 2076 550 2136 δάσκοντα.
591 2081 751 2135 τοῦτο
781 2075 884 2150 γάρ
917 2083 1267 2135 αἰνίττεσθαί
1284 2101 1375 2151 μοι
1401 2083 1559 2136 δοκει
1582 2103 1641 2135 το
1625 2075 1868 2153 “02an-

254 2167 344 2218 τία
369 2158 550 2219 Ἰούδα
584 2165 947 2236 ἐγγέγραπται
981 2165 1039 2218 έν
1069 2169 1321 2239 γραφείω
1354 2166 1586 2239 σιδηρῷ,
1619 2167 1680 2220 ἐν
1708 2161 1871 2237 όνυχι

256 2243 671 2324 ἀδαμαντίνω.”
733 2251 779 2303 3.
817 2256 900 2318 εἴη
935 2245 985 2302 δ’
1010 2243 1079 2302 ἂν
1110 2249 1202 2302 καὶ
1235 2248 1324 2303 ἐπὶ
1356 2252 1467 2303 πᾶν
1497 2246 1556 2303 τὸ
1582 2243 1871 2304 Ἰουδαίων

257 2335 422 2396 ἔθνος
452 2327 859 2404 ἀναφερόμενα,
892 2327 973 2397 οἷς
999 2333 1118 2403 ἑξῆς
1143 2332 1233 2387 καὶ
1258 2329 1581 2398 ἀκολούθως
1604 2329 1739 2404 μετά
1764 2329 1868 2403 τὴν
1888 2355 1930 2387 25

146 2436 231 2480 [302]
257 2412 649 2482 ἀνεξάλειπτον
678 2414 864 2473 αὐτῶν
890 2414 1150 2488 ἀσέβειαν
1178 2412 1275 2472 τὸν
1303 2413 1644 2487 μετελθόντα
1667 2414 1868 2482 αὐτοὺς

258 2503 487 2572 ἔσχατον
517 2498 756 2573 ὄλεθρον
787 2498 1030 2573 ἀπειλεῖ,
1077 2497 1216 2571 ἅπερ
1248 2497 1385 2556 κατά
1418 2501 1565 2568 λέξιν
1596 2498 1867 2576 ἑρμηνεύ-

259 2605 342 2640 ειν
373 2583 438 2641 οὐ
469 2588 566 2642 τοῦ
597 2583 867 2659 παρόντος
897 2583 1157 2658 τυγχάνει
1187 2588 1401 2657 καιροῦ.

208 2694 231 2726 b
376 2666 540 2725 Ἀλλὰ
569 2669 674 2743 γὰρ
703 2668 984 2727 τοσούτων
1014 2671 1139 2743 περὶ
1169 2672 1267 2725 τοῦ
1298 2667 1611 2743 προδώσειν
1639 2670 1865 2742 μέλλον-

372 2862 396 2899 2
427 2861 521 2900 Jer.
547 2863 613 2914 17,
642 2864 676 2904 1.
739 2861 871 2902 Conf.
898 2874 1029 2914 supra
1053 2876 1093 2915 p.
1118 2862 1225 2902 54b.
