1992 3186
258 112 365 165 624
866 152 869 153 γ
944 112 1194 154 EUSEBII

257 230 630 303 γεγραμμένος
683 228 959 291 συνέσεως
1007 229 1084 282 τῶ
1127 224 1307 299 Ἀσάφ
1348 224 1548 285 “ίνατί
1594 226 1799 285 ἀπώσω
1841 223 1870 284 ὁ

215 312 387 380 οθεὸς
430 320 507 379 εἰς
549 315 729 383 τέλος,
771 309 1024 384 ὠργίσθη
1063 306 1091 367 ὃ
1131 309 1312 383 θυμός
1351 331 1455 369 σου
1496 314 1584 370 ἐπὶ
1624 311 1873 386 πρόβατα

256 402 427 471 νομῆς
459 415 589 466 σου;
621 394 902 468 μνήσθητι
930 399 1025 468 τῆς
1056 399 1385 468 συναγωγῆς
1414 416 1536 470 σου,
1566 389 1630 469 ῆς
1662 395 1872 469 ἐκτήσω

257 479 353 539 ἀπ’
425 478 626 554 ἀρχῆς,
677 478 980 582 ἐλυτρώσω
1050 479 1263 554 ῥάβδον
1332 487 1695 554 κληρονομίας
1752 500 1869 538 σου.

256 564 382 637 ὅρος
414 562 572 623 Σιων
600 569 791 636 τοῦτο
821 560 851 620 ὃ
882 562 1306 636 κατεσκήνωσας
1351 568 1411 622 ἐν
1442 563 1620 640 αὐτῷ,
1665 571 1873 638 ἔπαρον
1894 591 1915 624 5

256 649 352 715 τὰς
383 647 567 723 χεῖράς
600 666 702 706 σου
734 649 823 705 ἐπὶ
854 648 948 714 τὰς
977 646 1364 722 ὑπερηφανίας
1395 646 1580 706 αὐτῶν
1604 655 1682 716 εἰς
1703 652 1870 716 τέλος.

256 730 360 791 ὅσα
393 733 804 805 ἐπονηρεύσατο
845 731 873 789 ὁ
917 732 1116 806 ἐχθρὸς
1158 735 1218 790 ἐν
1250 746 1364 799 τοῖς
1403 728 1579 805 ἁγίοις
1609 752 1742 806 σου,
1784 735 1876 790 καὶ

261 816 700 891 ἐνεκαυχήσαντο
741 822 798 874 οἱ
822 819 1114 890 μισοῦντές
1154 836 1217 874 σε
1260 820 1319 875 ἐν
1360 819 1509 894 μέσῳ
1549 820 1644 890 τῆς
1687 819 1876 891 ἑορτῆς

260 921 380 960 σου.
463 907 509 959 7.
569 907 764 959 ἔθεντο
796 900 869 958 ’τὰ
910 915 1108 974 σημεῖα
1148 900 1333 959 αὐτῶν
1373 915 1600 975 σημεῖα,
1643 903 1734 959 καὶ
1774 900 1878 959 οὐκ

261 993 514 1060 ἔγνωσαν
546 984 618 1053 ὡς
651 992 727 1053 εἰς
757 983 860 1058 τὴν
892 990 1113 1043 εἴσοδον
1142 984 1419 1059 ὑπεράνω.
1483 982 1555 1054 ὥς
1588 989 1648 1043 ἐν
1680 988 1875 1063 δρυμῷ
1897 1013 1937 1044 10

213 1091 238 1124 d
263 1071 445 1139 ξύλων
475 1069 685 1139 ἀξίναις
718 1073 984 1139 ἐξέκοψαν
1013 1070 1108 1137 τὰς
1131 1069 1311 1143 θύρας
1337 1067 1502 1144 αὐτῆς
1530 1072 1617 1128 ἐπὶ
1639 1069 1699 1128 τὸ
1723 1068 1876 1143 αὐτὸ,

265 1160 325 1213 ἐν
357 1158 573 1213 πελέκει
615 1157 706 1212 καὶ
746 1158 1084 1231 λαξευτηρίῳ
1115 1157 1456 1229 κατέρραξαν
1497 1153 1686 1227 αὐτήν.
1765 1157 1878 1212 ἐνε·

263 1239 508 1313 πύρισαν
549 1244 609 1296 ἐν
649 1242 785 1312 πυρὶ
823 1237 884 1296 τὸ
927 1235 1287 1313 ἆγιαστήριόν
1328 1257 1460 1311 σου,
1509 1245 1586 1306 εἰς
1626 1238 1730 1311 τὴν
1772 1244 1878 1312 γῆν

266 1323 626 1396 ἐβεβήλωσαν
656 1322 715 1381 τὸ
758 1322 1024 1396 σκήνωμα
1062 1326 1161 1380 τοῦ
1189 1322 1454 1396 ὀνόματός
1494 1321 1643 1381 σου.”
1707 1327 1879 1380 ταῦτα

264 1405 423 1482 μὲνὸ
458 1407 862 1481 ἑβδομηκοστὸς
891 1414 1072 1481 τρίτος
1112 1406 1351 1480 Ψαλμός.
1419 1413 1464 1465 8.
1513 1410 1606 1465 καὶ
1645 1406 1674 1464 ὁ
1719 1409 1876 1509 ἑβδο-
1900 1432 1942 1465 15

263 1490 532 1566 μηκοστός
573 1493 634 1549 δὲ
673 1490 868 1564 ὄγδοος
907 1495 1006 1550 τοῦ
1040 1491 1216 1565 Ἀσὰφ
1258 1494 1350 1549 καὶ
1381 1490 1543 1558 αὐτὸς
1587 1490 1880 1565 τυγχάνων

263 1576 396 1634 τάδε
462 1579 701 1650 περιέχει
772 1573 844 1634 “ὁ
895 1575 1027 1643 θεὸς
1074 1577 1412 1678 εἰσήλθοσαν
1463 1583 1604 1649 ἔθνη
1658 1582 1735 1643 εἰς
1779 1574 1881 1649 τὴν

265 1668 640 1734 κληρονομίαν
671 1682 802 1733 σου,
850 1664 1082 1734 ἐμίαναν
1119 1660 1216 1719 τὸν
1257 1659 1396 1719 ναὸν
1425 1659 1522 1719 τὸν
1562 1657 1721 1733 αγιόν
1761 1678 1877 1718 σου.

267 1753 464 1803 ἔθεντο
498 1742 851 1819 Ἰερουσαλὴμ
903 1770 977 1813 ως
1018 1744 1513 1819 ὀπωροφυλάκιον,
1570 1752 1764 1803 ἔθεντο
1815 1768 1881 1800 τα

266 1840 577 1903 θνησιμαῖα
607 1835 719 1887 τῶν
752 1829 970 1888 δούλων
1010 1850 1112 1887 σου
1151 1829 1415 1902 βρώματα
1457 1840 1580 1894 τοῖς
1610 1842 1879 1896 πετεινοῖς
1901 1854 1943 1887 20

154 1931 242 1974 [289]
267 1917 367 1972 τοῦ
395 1912 656 1988 ούρανοῦ,
687 1913 782 1980 τὰς
813 1913 1019 1986 σάρκας
1041 1918 1155 1970 τῶν
1183 1913 1356 1970 ὁσίων
1386 1931 1488 1970 σου
1517 1927 1630 1980 τοῖς
1660 1918 1881 1986 θηρίοις

267 2005 364 2070 τῆς
417 1995 566 2070 γῆς.”
646 2004 691 2055 9.
746 1997 962 2055 τούτων
1005 1998 1065 2054 δὲ
1104 1995 1170 2053 τὰ
1208 1997 1309 2069 μὲν
1360 2001 1578 2070 πρῶτα,
1635 2000 1778 2070 λέγω
1821 1997 1882 2054 δὲ

265 2081 332 2138 τὰ
371 2081 478 2138 ἀπὸ
530 2086 629 2139 τοῦ
684 2084 1095 2154 ἑβδομηκοστοῦ
1147 2087 1335 2154 τρίτου
1377 2085 1636 2154 Ψαλμοῦ,
1698 2090 1880 2154 εἴρητο

270 2164 660 2238 βασιλεύοντος
700 2173 777 2222 ἔτι
820 2170 917 2222 τοῦ
948 2167 1138 2237 Δαβὶδ
1176 2163 1282 2238 πρὸ
1325 2168 1423 2223 τοῦ
1468 2164 1566 2223 τὸν
1604 2164 1743 2223 ναὸν
1771 2162 1881 2223 ’ἱπό

157 2259 248 2304 (465)
275 2254 606 2323 Σολομῶνος
637 2254 1186 2322 κατασκευασθῆναι·
1235 2252 1425 2316 τέλους
1458 2251 1517 2307 δὲ
1549 2255 1743 2323 ἔτυχεν
1777 2248 1880 2307 οὐκ
1901 2275 1945 2308 25

270 2332 463 2392 ἄλλοτε
502 2331 535 2407 ἢ
579 2338 798 2407 πρῶτον
840 2335 941 2406 μὲν
982 2336 1069 2391 ἐπὶ
1106 2338 1201 2407 τῆς
1240 2340 1623 2406 Βαβυλωνίων
1660 2343 1880 2407 πολιορ-

270 2427 410 2490 κίας,
445 2417 706 2492 δεύτερον
739 2420 800 2476 δὲ
833 2421 917 2475 ἐπὶ
950 2423 1047 2477 τοῦ
1070 2415 1369 2492 Ῥωμαϊκοῦ
1409 2417 1543 2490 πρὸς
1580 2415 1882 2485 Ἰουδαίους

269 2506 527 2577 πολέμου.
606 2508 685 2561 10.
736 2506 936 2560 ε’καστα
967 2503 1069 2577 γὰρ
1100 2508 1211 2561 τῶν
1244 2505 1548 2576 εἰρημένων
1580 2505 1881 2575 ἐπληροῦτο

273 2590 368 2644 ἐπί
393 2610 453 2644 τε
482 2590 577 2660 τῆς
607 2586 824 2660 πρώτης
856 2590 948 2645 καὶ
993 2591 1252 2660 δευτέρας
1282 2592 1381 2645 τοῦ
1423 2593 1575 2661 ιεροῦ
1607 2605 1882 2644 κατασκα-

273 2675 381 2743 φῆς
411 2676 848 2744 προγνωσθέντα
879 2674 971 2729 καὶ
1002 2669 1449 2746 ἆναφωνηθέντα
1491 2675 1551 2729 ἐν
1589 2685 1702 2737 τοῖς
1735 2677 1881 2745 εἰρη-
1903 2698 1944 2731 30

391 2867 411 2904 1
443 2866 519 2906 Ps.
555 2867 620 2917 73,
657 2868 694 2910 1,
891 2867 941 2906 17
972 2867 1047 2906 Ps.
1084 2868 1150 2914 78,
1185 2867 1221 2907 1.
