1992 3186
561 100 867 142 DEMONST.
899 99 1117 142 EVANG.
1140 99 1220 140 IX.
1246 101 1311 139 11.
1337 100 1402 139 12.
1662 96 1761 148 601

752 326 881 385 Ἀπό
912 333 1009 385 τοῦ
1036 325 1172 400 Ἰώβ.
1786 349 1875 390 (με)

283 452 383 502 XII.
417 436 515 498 “‘0
545 444 723 513 λέγων
753 443 830 518 τῷ
858 436 1015 516 ἡλίῳ,
1049 442 1139 497 καὶ
1162 437 1266 496 οὐκ
1290 437 1595 510 ἀνατέλλει,
1628 439 1765 497 κατὰ

155 527 214 583 δὲ
254 524 473 599 ἄστρων
523 531 981 598 κατασφραγίζει,
1029 521 1058 581 ὁ
1096 522 1339 591 τανύσας
1383 523 1479 581 τὸν
1522 522 1766 597 οὐρανὸν

152 609 336 684 μόνος,
369 616 460 666 καὶ
484 613 802 682 περιπατῶν
827 611 916 666 ἐπὶ
940 607 1228 680 θαλάσσης
1254 605 1326 675 ὥς
1351 606 1442 665 ἐπ’
1472 607 1760 682 ἐδάφους.”

112 720 130 750 5
280 699 327 751 2.
363 697 473 752 Καὶ
512 699 685 761 ταῦτα
713 692 866 770 μόνῳ
905 696 983 769 τῷ
1012 698 1218 766 σωτῆρι
1248 695 1339 750 και
1380 699 1556 769 κυρίω
1587 689 1810 766 ἡμῶν,ϋ

155 803 226 845 ως
258 775 327 835 ἂν
365 781 507 836 θεοῦ
544 777 690 878 λόγω
723 783 1042 853 δημιουργῷ
1082 781 1192 834 τῶν
1233 775 1381 834 όλων
1411 776 1762 851 τυγχάνοντι,

151 862 373 936 ἁρμόζοι
402 860 496 920 ἄν·
550 860 717 936 μόνος
756 865 896 934 γοῦν
935 886 1049 919 των
1086 859 1309 919 πώποτε
1348 861 1486 919 κατὰ
1514 860 1641 929 τούς
1670 866 1766 934 τῆς

155 945 632 1020 ἐνανθρωπήσεως
669 946 931 1020 χρόνους,
977 951 1133 1020 σῶμα
1183 948 1275 1004 καὶ
1318 951 1498 1020 σχῆμα
1538 945 1767 1019 ἀνθρώ-

153 1055 318 1090 πινον
348 1025 676 1104 ἀναλαβών,
711 1033 799 1087 ἐπὶ
829 1037 925 1105 τῆς
956 1030 1243 1104 θαλάσσης
1274 1035 1643 1105 περιπατῆσαι
1672 1034 1765 1088 λέ-

92 1141 131 1172 10
155 1141 308 1189 γεται
330 1113 458 1173 “gn
488 1115 616 1184 τοὺς
649 1117 852 1173 ἑαυτοῦ
889 1114 1142 1189 μαθητάς
1182 1114 1501 1188 ἠνάγκασεν
1533 1119 1767 1188 ἐμβῆναι

154 1207 232 1267 εἰς
263 1209 488 1272 πλοῖον,
520 1203 613 1257 καὶ
644 1199 911 1273 προάγειν
941 1199 1114 1258 αὐτὸν
1139 1207 1216 1266 εἰς
1246 1198 1308 1257 τὸ
1339 1205 1534 1273 πέραν,
1567 1202 1669 1267 ἕως
1700 1191 1768 1257 οὗ

154 1282 316 1351 αὐτὸς
339 1282 593 1360 ἀπολύσῃ
609 1284 738 1352 τοὺς
752 1283 964 1358 ὄχλους.
1011 1287 1103 1342 καὶ
1119 1282 1402 1351 ἀπολύσας
1418 1283 1546 1352 τούς
1569 1282 1767 1357 ὄχλους

154 1367 327 1442 ἀνέβη
370 1375 450 1436 εἰς
489 1369 547 1426 τὸ
589 1367 715 1443 ὅρος
755 1366 876 1426 κατ’
913 1374 1065 1426 ἰδίαν
1110 1368 1544 1442 προσεύξασθαι.
1603 1367 1767 1436 ὀψίας

158 1455 216 1510 δὲ
247 1457 546 1526 γενομένης
577 1453 744 1527 μόνος
776 1446 846 1525 ἧν
878 1456 1012 1511 ἐκεῖ·
1059 1453 1120 1511 τὸ
1152 1455 1214 1511 δὲ
1245 1461 1442 1511 πλοῖον
1471 1451 1581 1525 ἤδη
1612 1445 1682 1525 ἦν
1707 1456 1767 1509 ἐν

93 1562 131 1593 15
154 1540 303 1614 μέσῳ
333 1541 428 1610 τῆς
458 1537 761 1610 θαλάσσης.
809 1537 1020 1604 ἰδόντες
1045 1539 1106 1595 δὲ
1127 1535 1297 1595 αὐτὸν
1322 1540 1411 1595 ἐπὶ
1433 1541 1530 1609 τῆς
1551 1536 1768 1594 θαλάσ-
1791 1567 1808 1588 e

156 1643 253 1695 σης
287 1620 702 1695 ἐταράχθησαν,
734 1625 987 1694 λέγοντες
1017 1620 1100 1680 ὅτι
1130 1621 1426 1695 φάντασμά
1458 1624 1634 1693 ἐστιν,
1676 1623 1768 1678 καὶ

155 1704 261 1764 άπὸ
285 1711 383 1764 τοῦ
408 1706 590 1779 φόβου
616 1710 865 1780 ἔκραξαν.
880 1703 908 1724 ”
967 1703 1178 1772 εὐθέως
1206 1707 1267 1763 δὲ
1291 1704 1558 1778 ἐλάλησεν
1581 1702 1770 1772 αὐτοῖς

155 1794 332 1862 λέγων
355 1789 685 1863 “θαρσεϊτε,
720 1789 829 1862 ἐγώ
861 1797 998 1864 εἰμι,
1030 1789 1104 1864 μὴ
1128 1787 1458 1864 φοβεῖσθε.”
1506 1795 1554 1848 3.
1588 1788 1768 1855 ἄλλως

159 1876 218 1932 δὲ
250 1873 353 1932 οὐκ
383 1873 454 1934 ἂν
484 1879 698 1948 γένοιτο
728 1873 1033 1948 άξιοπρεπῆ
1056 1882 1358 1948 θεολογίαν
1382 1878 1587 1932 δοκοῦν
1618 1897 1768 1947 περι-

95 1983 135 2014 20
162 1962 323 2033 έχειν,
358 1966 410 2017 εἰ
438 1962 528 2016 ἐπὶ
557 1963 658 2017 τοῦ
680 1957 943 2017 άνωτάτω
967 1964 1109 2018 θεοῦ
1133 1963 1226 2017 καὶ
1249 1958 1451 2032 πατρὸς
1475 1963 1588 2017 τῶν
1619 1957 1771 2015 ὅλων

160 2043 493 2117 ἐκλαμβάνοι
523 2069 606 2112 τις
635 2043 695 2102 τὸ
726 2043 930 2117 λόγιον.
991 2049 1039 2102 4.
1074 2051 1133 2101 τί
1165 2044 1269 2119 γὰρ
1302 2051 1411 2117 ἔχει
1443 2042 1648 2117 σεμνὸν
1678 2045 1770 2100 καὶ

157 2125 442 2201 ἀξιόλογον
489 2131 577 2186 ἐπὶ
615 2132 715 2186 τοῦ
753 2132 896 2186 θεοῦ
932 2133 1046 2187 τῶν
1073 2127 1222 2186 ὅλων
1263 2142 1587 2202 περιπατεῖν
1617 2130 1770 2200 λέγε-

158 2222 294 2270 σθαι
326 2216 417 2270 ἐπὶ
445 2216 541 2286 τῆς
570 2212 889 2286 θαλάσσης,
922 2217 1037 2280 πῶς
1064 2214 1124 2270 δὲ
1148 2215 1240 2270 καὶ
1263 2219 1498 2286 νοηθείη
1522 2209 1592 2277 ἂν
1615 2219 1774 2285 περί-

89 2322 111 2336 ·
157 2319 324 2363 πατος
366 2299 454 2354 ἐπὶ
492 2303 587 2370 τῆς
630 2296 917 2370 θαλάσσης
958 2301 1060 2355 τοῦ
1087 2296 1154 2354 τά
1195 2297 1374 2354 πάντα
1404 2300 1770 2369 περιέχοντος,
1797 2316 1819 2347 d

92 2402 132 2434 25
158 2383 250 2436 καὶ
283 2380 381 2437 τὸν
412 2378 655 2453 οὐρανὸν
684 2384 775 2438 καὶ
806 2380 907 2453 τὴν
937 2386 1044 2454 γῆν
1074 2387 1417 2454 πληροῦντος
1448 2383 1540 2437 καὶ
1569 2402 1768 2452 μονον·
1795 2398 1882 2442 [278]

159 2466 282 2536 ουχὶ
323 2466 576 2536 λέγοντος
609 2461 674 2522 “ὁ
705 2463 942 2537 οὐρανός
981 2489 1072 2537 μοι
1102 2463 1335 2537 θρόνος,
1379 2460 1411 2535 ἡ
1446 2465 1507 2520 δὲ
1536 2467 1606 2536 γῆ
1636 2459 1770 2520 ὑπο-

160 2546 358 2604 πόδιον
387 2551 500 2604 τῶν
544 2553 736 2606 ποδῶν
765 2545 942 2621 μου;”
989 2551 1080 2605 καὶ
1103 2547 1240 2605 “z-bv
1270 2546 1515 2621 οὐρανὸν
1544 2549 1637 2604 καὶ
1668 2546 1770 2620 τὴν

160 2635 267 2703 γῆν
312 2629 420 2703 ἐγώ
460 2635 679 2706 πληρῶ,
721 2635 866 2705 λέγει
897 2629 1152 2705 κύριος;”
1201 2628 1228 2687 ὁ
1271 2635 1337 2689 δέ
1372 2656 1435 2705 γε
1465 2630 1647 2706 σωτὴρ
1679 2634 1770 2688 καὶ

275 2798 298 2836 -2
331 2797 435 2839 Job.
460 2798 498 2843 9,
522 2799 561 2837 7.
797 2799 847 2838 10
878 2797 1043 2839 Matth.
1069 2799 1133 2845 14,
1157 2798 1223 2837 -2-2.
1456 2798 1509 2837 26
1541 2797 1615 2840 ΡΞ.
1640 2775 1710 2847 66,
1734 2799 1769 2837 1.

162 2855 213 2893 27
247 2853 340 2893 Jer.
364 2851 431 2903 23,
454 2854 522 2894 24.
