1992 3186
486 139 788 182 DEMONST.
820 140 1037 182 EVANG.
1061 142 1115 183 V.
1139 141 1350 180 Pnooffl.
1628 138 1732 191 293

127 258 614 329 συμβαλλομένων.
685 261 767 313 31.
818 262 869 313 εί
898 259 963 313 δέ
991 253 1113 314 ποτ’
1162 253 1350 322 αὐτοῖς
1382 262 1538 322 σκιᾶς
1571 261 1735 329 δίκην

128 339 496 413 ἐπηκολούθει
525 338 585 397 τὸ
617 343 710 398 καὶ
739 340 806 398 τὰ
836 339 1084 414 παρόντα
1114 346 1226 398 τῶν
1246 343 1431 413 μέσων
1455 343 1546 397 καὶ
1579 338 1732 397 ἀδια-
1761 363 1781 395 b

126 424 321 499 φόρων
373 432 694 499 γνωρίζειν,
755 427 844 482 καὶ
890 428 1183 499 προλέγειν
1245 425 1380 482 κατὰ
1426 423 1620 496 καιρὸν
1668 424 1733 483 τὰ

126 507 476 583 ἀγνοούμενα
506 523 621 576 τοῖς
653 515 948 583 ἐρωτῶσιν,
981 508 1295 582 ἀναγκαίως
1322 513 1415 567 καὶ
1435 514 1596 567 τοῦτο
1617 525 1738 575 τοῖς·
1759 525 1845 568 [133]

83 593 294 651 ὅπάλαι
337 592 526 661 αὐτοῖς
566 593 925 667 πλησιάζουσι
966 608 1261 668 παρεῖχον,
1307 592 1379 662 ὡς
1419 589 1488 651 ἂν
1527 593 1600 668 μὴ
1641 600 1735 651 δο-

125 693 276 736 κοῖεν
321 683 377 736 οἱ
414 685 592 752 λίχνοι
632 681 759 750 περὶ
801 678 896 745 τὰς
935 679 1275 751 προγνώσεις
1320 676 1559 751 εὐλόγως
1603 677 1734 736 ἀπο-

125 770 337 820 κλίνειν
383 765 471 820 ἐπὶ
514 761 580 820 τά
625 767 726 831 ἔξω
767 766 878 821 των
919 761 1253 835 ἀλλοφύλων
1287 767 1472 820 ἐθνῶν
1505 778 1733 836 μαντεῖα

124 845 320 905 σπάνει
359 852 663 920 προφητῶν
694 853 931 904 οἰκείων.

247 936 330 988 32.
377 929 537 989 Ἀλλὰ
580 935 755 988 ταῦτα
797 932 900 1004 μὲν
943 922 1054 987 οἶδε
1094 935 1247 998 τέλος
1291 934 1483 1004 ἐχέτω,
1538 936 1632 1004 τῆς
1676 935 1734 988 ἐν

58 1032 99 1064 10
122 1028 234 1082 τοῖς
268 1013 542 1088 Ἑβραίων
581 1014 889 1089 προφήταις
927 1022 1092 1082 θείας
1135 1015 1422 1088 δυνάμεως
1462 1014 1593 1073 ὄντα
1628 1040 1735 1072 πα-
1759 1049 1776 1072 c

125 1099 443 1173 ραστατικά.
508 1097 623 1173 ὥρα
656 1099 724 1172 δὴ
757 1093 862 1158 οὖν
894 1098 1112 1172 αὐτοῖς,
1155 1097 1246 1157 οἷα
1289 1101 1356 1172 δὴ
1399 1102 1613 1166 ἐνθέοις
1644 1099 1737 1157 ἆν-

130 1183 289 1258 δράσι
321 1186 412 1242 καὶ
443 1198 638 1258 σοφοῖς
669 1183 733 1242 οὐ
766 1183 884 1242 κατ’
922 1182 1227 1254 ἄνθρωπον
1251 1188 1585 1258 γενομένοις,
1614 1183 1731 1241 κατ’

130 1271 422 1326 ἐπίπνοιαν
476 1270 536 1326 δὲ
587 1276 755 1328 θείου
808 1268 1148 1342 πνεύματος,
1210 1276 1515 1327 πείθεσθαι
1578 1269 1738 1325 διδά-

132 1370 360 1423 σκουσι,
391 1352 768 1410 παιδεύεσθαί
792 1377 852 1410 τε
883 1353 948 1410 τὰ
980 1352 1109 1423 παρ’
1149 1351 1336 1419 αὐτοῖς
1370 1352 1614 1427 δόγματα
1645 1357 1736 1410 καὶ

60 1451 100 1484 15
126 1460 221 1502 τας
255 1435 504 1508 εὐσεβεῖς
535 1440 628 1494 καὶ
658 1436 1039 1505 ἀδιαπτώτους
1070 1445 1383 1510 θεολογίας,
1418 1434 1604 1495 οὐκεμτ
1638 1437 1736 1510 ἆμ-

126 1527 392 1592 φιβολίαν
433 1527 656 1621 έχοντα,
701 1520 774 1594 μή
816 1545 891 1592 πη
942 1520 1140 1593 αρετῆς
1186 1524 1278 1577 και
1330 1519 1596 1593 ἀληθείας
1645 1519 1736 1578 άλ-

127 1603 346 1677 λότριον
377 1605 698 1677 ἐπάγονται
768 1602 895 1677 φέρ’
928 1607 1031 1662 οὐν
1058 1604 1168 1702 ἤδη
1201 1606 1395 1662 λοιπὸν
1425 1602 1739 1677 ἀναλαβόν-

130 1711 216 1754 τες
252 1692 302 1756 ἐξ
342 1687 595 1763 ὑπαρχῆς
634 1690 731 1747 τὸν
775 1689 941 1762 λόγον
989 1689 1090 1762 τὴν
1133 1694 1190 1747 ἐν
1230 1705 1343 1755 τοῖς
1396 1687 1736 1761 εὐαγγελίοις

127 1775 254 1843 περὶ
305 1771 406 1846 τὴν
469 1778 568 1830 τοῦ
618 1777 863 1847 σωτῆρος
915 1771 1072 1847 ἡμων
1119 1772 1298 1845 Ἰησοῦ
1348 1777 1444 1830 τοῦ
1496 1780 1736 1847 Χριστου

58 1872 99 1905 20
126 1865 426 1930 θεολογίαν
457 1854 564 1914 άπὸ
594 1863 689 1931 τῆς
730 1865 1073 1932 προφητικῆς
1113 1865 1416 1932 μαρτυρίας
1448 1857 1736 1915 πιστωσοό-

131 1951 294 2012 μεθα.
365 1945 448 1999 33.
501 1940 534 2014 ἡ
567 1967 669 2016 μεν
699 1943 804 2000 οὐν
836 1941 1164 2016 ευαγγελικὴ
1196 1949 1472 2015 μαρτυρία
1505 1943 1613 1999 ωδε
1642 1941 1736 2000 τὸν
1762 1971 1785 2004 d

126 2025 369 2098 Χριστὸν
398 2035 661 2099 θεολογει
698 2025 728 2046 “
750 2031 809 2084 ἐν
850 2026 992 2102 ἀρχῇ
1021 2052 1092 2099 ην
1123 2026 1150 2084 6
1183 2026 1362 2099 λόγος,
1395 2025 1540 2083 καὶ
1518 2051 1546 2083 ο
1577 2025 1735 2099 λόγος

120 2109 194 2179 ἦν
225 2108 365 2216 πρὸς
405 2111 502 2169 τὸν
545 2110 704 2183 θεὸν,
745 2114 838 2168 καὶ
877 2113 1008 2179 θεὸς
1039 2136 1108 2184 ην
1149 2109 1177 2168 6
1209 2110 1383 2183 λόγος.
1446 2110 1625 2168 πάντα
1668 2108 1731 2167 δι’

125 2216 298 2250 αυτου
340 2199 573 2268 ἐγενετο,
615 2199 707 2254 καὶ
758 2199 924 2270 χωρὶς
968 2194 1137 2254 αυτοῦ
1194 2199 1408 2268 ἐγένετο
1450 2193 1574 2252 ουδ’
1628 2191 1735 2252 ἕν.”

58 2291 99 2324 25
125 2285 286 2335 καλεῖ
313 2277 365 2335 δ’
403 2279 573 2337 αὐτὸν
605 2283 697 2338 καὶ
728 2284 847 2353 φῶς
878 2281 1094 2352 νοερὸν,
1120 2289 1279 2338 καλεῖ
1301 2280 1362 2337 δὲ
1395 2281 1485 2336 καὶ
1521 2277 1732 2351 κύριον,

123 2358 308 2434 ὥσπερ
339 2355 443 2421 οὖν
474 2366 566 2421 καὶ
607 2363 761 2423 θεόν.
832 2370 914 2421 34.
963 2367 1054 2422 καὶ
1086 2363 1114 2422 6
1145 2368 1441 2429 θεσπέσιος
1481 2364 1542 2421 δὲ
1572 2368 1733 2420 Παῦ-

117 2451 241 2516 λος,
296 2444 392 2504 οἷα
434 2452 533 2505 τοῦ
585 2454 829 2521 Χριστοῦ
861 2447 1114 2523 μαθητὴς
1158 2446 1236 2506 ὢν
1277 2449 1367 2504 καὶ
1412 2445 1730 2517 ἀπόστολος,

116 2527 347 2602 συνᾴδει
391 2535 459 2604 τῇ
489 2541 785 2609 θεολογιά,
827 2540 998 2591 ταῦτα
1030 2535 1158 2605 περὶ
1190 2530 1363 2589 αὐτοῦ
1395 2529 1614 2598 διεξιών
1639 2525 1733 2596 “69

118 2614 270 2668 ἐστιν
303 2614 469 2672 εἰκών
502 2623 601 2674 τοῦ
632 2621 773 2674 θεοῦ
811 2624 908 2675 τοῦ
951 2615 1216 2690 ἀοράτου,
1259 2613 1602 2686 πρωτότοκος
1633 2613 1733 2670 πά-

54 2730 94 2763 30
121 2713 220 2766 σης
262 2704 517 2771 κτίσεως,
556 2699 638 2758 ὅτι
682 2705 741 2760 ἐν
782 2701 930 2778 αὐτῷ
975 2706 1204 2772 ἐκτίσθη
1244 2698 1308 2756 τά
1348 2696 1527 2755 πάντα
1571 2695 1636 2755 τὰ
1672 2701 1729 2754 ἐν

223 2891 275 2928 ‘22
307 2890 369 2929 Io.
395 2892 431 2941 1,
470 2893 502 2929 1.
760 2894 813 2932 28
847 2894 942 2934 Col.
973 2896 1009 2945 1,
1047 2897 1111 2938 15.
