1946 3158
184 112 286 164 168
867 112 1115 155 EUSEBII

182 232 394 288 πολλοῦ
423 232 713 302 προτιμᾶν,
747 228 1002 287 κάτωθεν
1026 232 1085 287 ἐκ
1109 228 1323 302 βάθους
1347 228 1516 304 αὐτῆς
1543 236 1793 302 διανοίας

184 314 369 388 ὥσπερ
410 312 516 371 ἀπὸ
558 318 722 387 ῥιζῶν
760 313 826 371 τὰ
864 318 959 387 τῆς
999 321 1192 381 κακίας
1223 311 1628 389 ἀποτέμνοντας
1660 323 1790 388 βλα-

138 424 160 456 b
185 398 428 473 στήματα
450 444 464 471 ,
507 400 600 455 καὶ
631 413 854 471 κρατεῖν
893 399 994 472 μὲν
1033 396 1200 472 ὀργῆς
1231 403 1323 458 καὶ
1353 398 1530 473 πάσης
1563 406 1789 476 αἰσχρᾶς

186 487 486 556 ἐπιθυμίας
517 486 842 554 πειρᾶσθαι,
873 487 1084 556 μᾶλλον
1109 485 1169 540 δὲ
1192 485 1331 557 μηδὲ
1364 483 1682 558 ὀργίζεσθαι
1715 483 1788 544 δι’

182 566 360 643 ἄκραν
391 571 567 640 ψυχῆς
607 565 919 638 ἀπάθειαν,
960 568 1102 641 μηδὲ
1140 571 1515 641 προσβλέπειν
1553 584 1790 643 γυναῖκα
1814 594 1840 628 5

184 652 319 725 μετὰ
354 654 650 724 ἐπιθυμίας
682 650 1018 725 ἀκολάστου,
1051 656 1149 709 τοῦ
1182 653 1242 710 δὲ
1273 655 1527 711 κλέπτειν
1555 653 1818 713 τούναν-·

180 744 300 794 τίον
340 739 432 793 καὶ
483 734 548 792 τά
589 742 766 794 οἰκεῖα
806 743 1102 810 προΐεσθαι
1141 751 1254 803 τοῖς
1296 741 1601 812 δεομένοις,
1655 738 1794 796 ἀλλά

94 847 159 888 172]
184 823 323 895 μηδὲ
363 820 742 894 σεμνύνεσθαι
783 823 872 879 ἐπὶ
912 824 989 898 τῷ
1027 819 1101 895 μὴ
1143 818 1472 896 ἀποστερεῖν
1502 819 1792 896 ἀλλήλους,

183 903 302 962 ἀλλ’
354 908 442 963 ἐπὶ
494 908 571 982 τῷ
609 905 737 972 τοὺς
777 909 921 979 σφᾶς
962 903 1294 979 ἀποστερεῖν
1343 911 1793 981 προηγουμένους

183 988 570 1064 ἀμνησικάκως
610 994 782 1063 φέρει.
866 994 947 1048 35.
992 993 1084 1047 καὶ
1125 997 1182 1048 τί
1217 1015 1284 1064 με
1326 996 1412 1049 δεῖ
1454 1007 1793 1065 συναγαγεῖν
1820 1019 1863 1050 ιο

183 1072 359 1133 πάνθ’
394 1074 497 1132 ὅσα
528 1074 555 1132 ὁ
580 1075 683 1149 μὲν
708 1079 1030 1147 ἐδίδασκεν,
1062 1079 1117 1133 οἱ
1146 1072 1200 1132 δ’
1236 1075 1581 1148 ἐμάνθανον,
1615 1076 1796 1152 παρῄ-

135 1195 152 1217 c
185 1183 270 1217 νει
317 1159 367 1217 δ’
419 1157 608 1225 αὐτοῖς
649 1158 785 1232 πρὸς
828 1173 942 1226 τοῖς
972 1158 1157 1227 ἄλλοις
1198 1164 1293 1233 τῆς
1323 1158 1589 1234 ἀληθείας
1621 1160 1796 1229 οὕτως

185 1251 412 1318 ἔχεσθαι
445 1243 517 1313 ὡς
558 1243 688 1318 μηδ’
735 1243 994 1316 εὐορκίας
1026 1250 1278 1316 δεῖσθαι,
1320 1250 1527 1303 πολλοῦ
1562 1251 1652 1304 δεῖ
1683 1250 1795 1304 ἐπι-

185 1344 403 1403 ορκεῖν,
450 1329 889 1403 παρασκευάζειν
931 1331 992 1387 δὲ
1031 1329 1128 1386 τὸν
1156 1328 1363 1403 τρόπον
1394 1329 1597 1398 παντὸς
1627 1329 1795 1405 ὅρκου

183 1413 509 1487 πιστότερον
539 1419 873 1486 φαίνεσθαι,
906 1416 1064 1487 μέχρι
1094 1417 1192 1471 τοῦ
1222 1420 1322 1471 ναί
1347 1417 1438 1472 καὶ
1468 1417 1568 1472 τοῦ
1590 1413 1656 1472 οὔ
1686 1440 1795 1489 χω·
1821 1438 1864 1471 15

186 1503 452 1573 ροῦντας,
497 1517 605 1556 συν
647 1497 886 1574 ἀληθεία
925 1511 1037 1564 τοῖς
1069 1497 1272 1572 ρημασι
1313 1503 1647 1573 χρωμένους.
1709 1504 1793 1558 36.

186 1585 461 1641 πευστέον
491 1589 684 1640 τοίνυν
714 1590 840 1640 τίνα
865 1579 935 1640 ἀν
962 1589 1072 1656 ἔχοι
1098 1581 1264 1656 λόγον
1285 1582 1414 1651 τοὺς
1438 1589 1549 1641 τῶν
1571 1586 1796 1642 τοιωνδὶ

185 1665 486 1743 ἀκροατάς,
521 1666 629 1741 ἤδη
664 1669 723 1724 δὲ
755 1670 846 1725 καὶ
879 1667 1250 1734 διδασκάλους
1280 1671 1391 1725 τῶν
1433 1665 1619 1726 αὐτῶν
1649 1667 1796 1742 φύν-

184 1777 281 1820 τας
321 1752 697 1826 μαθημάτων,
740 1751 1060 1810 πεπλάσθαι
1109 1750 1376 1810 ὑπονοεῖν
1415 1751 1517 1810 ὅσα
1562 1752 1797 1827 διαπρά-

185 1844 388 1906 ξασθαι
431 1836 527 1895 τὸν
569 1836 908 1895 διδάσκαλον
949 1835 1353 1938 ἐμαρτύρησαν.
1427 1842 1509 1894 37.
1551 1843 1608 1893 τί
1644 1838 1704 1894 δὲ
1735 1837 1794 1895 τὸ
1820 1862 1864 1895 ‘20

141 1951 162 1982 d
186 1920 431 1980 πιθανὸν
454 1925 552 1980 τοῦ
573 1929 816 1995 νομίζειν
840 1919 1156 1995 συμφώνως
1188 1919 1434 1988 ἅπαντας
1459 1919 1794 1995 ψεύσασθαι,

188 2006 405 2064 δώδεκα
434 2032 536 2080 μεν
566 2004 728 2075 όντας
758 2005 855 2064 τὸν
885 2005 1128 2108 ἀριθμὸν
1150 2005 1276 2074 τούς
1303 2009 1603 2080 ἐκκρίτους,
1639 2008 1795 2079 ἑβδο-
1835 2053 1842 2060 ,

184 2089 430 2162 μήκοντα
464 2092 525 2147 δε
554 2115 680 2158 τους
713 2090 958 2164 λοιποὺς,
992 2115 1088 2158 ους
1113 2093 1204 2148 καὶ
1231 2089 1549 2149 ἀποστεῖλαι
1580 2094 1794 2164 λέγεται

186 2172 291 2232 ἀνα
334 2174 433 2231 δύο
474 2174 579 2248 πρὸ
620 2174 921 2246 προσώπου
961 2172 1137 2233 αὐτου
1181 2181 1257 2243 εἰς
1297 2174 1474 2232 πάντα
1502 2173 1673 2232 τόπον
1702 2178 1795 2232 καὶ

186 2257 371 2333 χώραν
402 2251 468 2315 οὗ
492 2264 720 2332 ε’μελλεν
751 2256 913 2326 αυτὸς
945 2266 1234 2333 ἔρχεσθαι,
1276 2255 1397 2316 ἀλλ’
1430 2257 1619 2324 οὐδεὶς
1649 2263 1799 2333 αιρεῖ
1818 2282 1864 2316 25

187 2342 346 2417 λόγος
389 2340 746 2401 ἀπιστεῖσθαι
784 2346 1012 2400 τοσοῦτο
1052 2347 1267 2417 πλῆθος
1314 2340 1540 2416 ἀνδρῶν
1590 2341 1795 2416 εὐσεβῆ

186 2431 278 2486 καὶ
311 2425 515 2502 σεμνὸν
546 2434 671 2501 βίον
701 2424 1138 2501 ἀσπασαμένων,
1180 2429 1267 2484 καὶ
1297 2425 1522 2484 πάντων
1550 2428 1653 2500 μὲν
1682 2433 1798 2487 τῶν

186 2519 410 2571 οἰκείων
434 2510 887 2586 ὠλιγωρηκότων,
912 2510 1035 2569 ἀντὶ
1063 2512 1122 2568 δὲ
1143 2518 1250 2569 τῶν
1274 2510 1571 2584 φιλτάτων,
1596 2536 1793 2584 γυναι-

189 2601 281 2666 κὸς
312 2599 452 2670 λέγω
494 2600 587 2655 καὶ
627 2602 846 2661 παίδων
885 2598 977 2654 καὶ
1009 2595 1207 2660 παντὸς
1238 2597 1462 2668 γένους,
1504 2594 1600 2653 τὸν
1630 2593 1792 2670 ἀκτή·

187 2707 329 2753 μονα
369 2680 575 2755 τρόπον
617 2684 920 2756 ἑλομένων,
962 2683 1055 2738 καὶ
1094 2679 1193 2750 τήν
1231 2681 1357 2750 περὶ
1398 2684 1497 2737 τοῦ
1530 2681 1790 2739 διδασκά-
1815 2705 1859 2738 30

189 2774 291 2823 λου
321 2773 632 2839 μαρτυρίαν
665 2765 969 2840 σύμφωνον
1000 2763 1074 2832 ὡς
1097 2758 1195 2835 ἀφ’
1244 2762 1366 2831 ἑνὸς
1408 2763 1672 2838 στόματος
1714 2773 1790 2833 είς

188 2849 398 2916 πάντας
428 2849 763 2925 ἀνθρώπους
799 2845 1206 2924 ἐξενηνοχότων.
1263 2852 1344 2905 38.
1378 2844 1406 2905 6
1430 2849 1531 2922 μὲν
1555 2841 1659 2907 ov'v
1689 2851 1788 2908 κύ-
