1946 3158
194 153 293 206 176
894 153 1141 196 EUSEBH

191 273 314 338 θεὶς
355 269 661 344 ἀναιρεῖται
705 270 1022 343 Στέφανος,
1066 272 1153 327 ἐπὶ
1197 275 1294 328 τοῦ
1329 266 1615 328 Ἰουδαίων
1663 269 1804 344 πλή-

191 366 332 422 θους
385 352 933 429 παρρησιασάμενος,
976 355 1068 411 καὶ
1114 352 1351 428 διωγμὸς
1406 351 1507 428 οὐχ
1550 353 1578 412 5
1618 356 1802 429 τυχών

145 464 168 496 b
195 443 552 498 ἐπανίσταται
590 453 703 506 τοῖς
753 436 1127 513 πρεσβεύουσι
1167 437 1226 496 τὸ
1267 443 1366 496 τοῦ
1398 437 1577 512 Ἰησοῦ
1612 438 1800 514 ὄνομα.

193 529 275 582 63.
309 526 400 581 καὶ
431 522 599 581 πάλιν
629 521 822 581 ἄλλοτε
844 518 1095 597 Ἡρώδης
1126 521 1153 580 5
1194 527 1305 581 τῶν
1327 521 1614 582 Ἰουδαίων
1645 531 1806 597 βασι-

194 608 322 676 λεῦς
351 605 572 666 άνεῖλεν
601 606 698 666 τὸν
720 605 983 680 Ἰάκωβον
1011 607 1109 665 τὸν
1138 605 1385 681 ἀδελφὸν
1409 606 1668 667 Ἰωάννου
1698 634 1804 683 μα-
1829 632 1849 665 5

194 700 389 768 χαίροι,
432 691 529 750 τόν
567 715 627 749 τε
666 695 885 766 Πέτρον
924 690 952 749 ὁ
985 690 1150 759 αὐτὸς
1192 698 1415 765 δεσμοῖς
1455 694 1805 766 περιέβαλεν,

195 777 267 844 ὡς
302 780 360 834 ἐν
389 791 509 844 ταῖς
539 775 785 852 Πράξεσι
814 780 927 834 τῶν
952 773 1296 835 Ἀποστόλων
1337 779 1654 850 γέγραπται.
1716 780 1809 835 καὶ

193 860 407 920 τούτων
438 864 611 919 ταῦτα
641 860 1042 935 πεπονθότων,
1075 865 1132 919 οἱ
1157 863 1338 919 λοιποὶ
1367 865 1613 935 μαθηταὶ
1643 859 1807 935 άπρὶξ

197 946 445 1021 ἐχόμενοι
474 950 573 1004 τοῦ
599 944 778 1019 Ἰησοῦ
801 948 1116 1020 παρέμενον
1140 953 1219 1004 ἔτι
1250 948 1460 1019 μᾶλλον
1491 953 1569 1013 εἰς
1598 946 1808 1013 πάντας

195 1028 365 1090 αὐτόν
394 1054 454 1088 τε
484 1033 575 1088 καὶ
605 1030 701 1097 τὰς
724 1034 1188 1105 παραδοξοποιίας
1213 1028 1386 1088 αὐτοῦ
1407 1033 1809 1104 καταγγέλλον-
1832 1056 1871 1087 10

195 1140 299 1183 τες.
363 1119 447 1173 64.
484 1118 574 1173 ἐπὶ
603 1115 818 1183 τούτοις
841 1114 1098 1188 Ἰάκωβος
1128 1114 1157 1172 ὁ
1190 1114 1431 1188 ἀδελφὸς
1461 1121 1559 1173 τοῦ
1588 1122 1808 1189 κυρίου,

196 1196 262 1259 ὃν
294 1205 351 1258 οἱ
370 1198 539 1257 πάλαι
562 1198 627 1257 τὰ
650 1199 1002 1275 Ἱεροσόλυμα
1026 1203 1307 1267 οἰκοῦντες
1333 1199 1568 1257 ἐκάλουν
1593 1206 1811 1258 δίκαιον

145 1322 165 1344 c
202 1283 292 1342 διὰ
331 1285 396 1342 τὰ
437 1287 532 1357 τῆς
571 1282 767 1359 άρετῆς
810 1283 1283 1358 πλεονεκτήματα,
1336 1287 1635 1357 ἐρωτηθεὶς
1676 1284 1812 1356 πρὸς

198 1375 309 1427 τῶν
339 1367 643 1443 ἀρχιερέων
673 1372 765 1426 καὶ
799 1368 1151 1427 διδασκάλων
1174 1373 1273 1427 τοῦ
1297 1367 1584 1427 Ἰουδαίων
1607 1375 1811 1435 ἔθνους

198 1459 323 1512 τίνα
354 1455 480 1528 περὶ
511 1458 609 1511 τοῦ
640 1457 885 1529 Χριστοῦ
929 1461 1041 1527 ἔχοι
1082 1453 1276 1526 δόξαν,
1320 1451 1551 1511 κᾶπειτα
1580 1452 1812 1527 ἀποκρι-
1837 1476 1876 1508 15

198 1537 433 1611 νάμενος
471 1535 555 1595 ὅτι
599 1536 719 1605 υίὸς
758 1541 899 1596 θεοῦ
942 1547 1056 1611 εἴη,
1096 1545 1278 1605 λίθοις
1329 1540 1420 1595 καὶ
1472 1536 1635 1605 αὐτὸς
1677 1538 1813 1612 πρὸς

201 1619 385 1680 αὐτῶν
415 1622 690 1695 βάλλεται.
754 1627 836 1681 65.
871 1625 964 1680 καὶ
992 1625 1205 1699 Πέτρος
1237 1624 1296 1681 δὲ
1329 1626 1419 1680 ἐπὶ
1441 1621 1646 1696 Ῥώμης
1677 1622 1814 1680 κατὰ

200 1710 443 1781 κεφαλῆς
474 1711 842 1783 σταυροῦται,
873 1707 1098 1775 Παῦλός
1128 1731 1187 1766 τε
1217 1706 1604 1781 ἀποτέμνεται,
1633 1704 1812 1765 Ἰωάν-

199 1816 299 1865 νης
329 1815 387 1850 τε
417 1790 570 1870 νήσῳ
603 1797 988 1865 παραδίδοται.
1042 1795 1134 1850 καὶ
1154 1790 1368 1849 τούτων
1398 1794 1571 1848 ταῦτα
1601 1790 1813 1849 παθόν-

200 1901 314 1935 των
350 1873 537 1944 οὐδεὶς
577 1881 689 1935 τῶν
728 1880 937 1934 λοιπῶν
980 1879 1165 1949 ἐξέστη
1207 1878 1303 1949 τῆς
1342 1877 1690 1949 προθέσεως,
1733 1872 1809 1933 δι’
1835 1899 1876 1931 20

158 1989 179 2019 d
205 1958 368 2034 εὐχῆς
401 1962 461 2018 δὲ
490 1963 771 2034 τιθέμενοι
803 1963 894 2017 καὶ
917 1958 1075 2018 αὐτοὶ
1105 1963 1218 2018 τῶν
1243 1970 1380 2018 ι”σων
1410 1974 1524 2027 τοῖς
1555 1984 1815 2033 προειρη-

113 2071 181 2113 [76]
206 2047 391 2118 μένοις
421 2049 518 2117 τῆς
551 2052 628 2111 εἰς
658 2045 719 2102 τὸ
748 2054 910 2102 θεῖον
953 2043 1244 2117 εὐσεβείας
1285 2048 1446 2103 ἕνεκα
1476 2058 1692 2118 τυχεῖν,
1727 2047 1815 2103 ἐπὶ

203 2132 413 2202 μᾶλλον
453 2133 527 2204 τῷ
556 2125 736 2201 Ἰησοῦ
779 2130 870 2186 καὶ
911 2142 1025 2195 τοῖς
1068 2127 1399 2204 παραδόξοις
1431 2137 1612 2204 ἔργοις
1643 2126 1815 2186 αὐτοῦ

203 2238 338 2286 μετα
389 2220 700 2287 παρρησίας
747 2212 1106 2287 ἐμαρτύρουν.
1198 2219 1280 2272 66.
1329 2217 1421 2272 καὶ
1465 2213 1608 2287 μὴν,
1658 2221 1814 2287 εἴπερ

204 2297 493 2371 ψεύσματα
506 2299 584 2371 ἡν
600 2321 736 2355 κατα
755 2296 1051 2371 συνθήκην
1075 2295 1263 2365 αὐτοῖς
1279 2300 1655 2371 πεπλασμένα,
1674 2307 1813 2355 θαυ-
1837 2319 1879 2352 25

204 2381 392 2455 μάζειν
431 2379 585 2451 ἄξιον
624 2380 772 2449 ὅπως
812 2385 1041 2440 τοσοῦτο
1081 2387 1296 2456 πλῆθος
1336 2380 1439 2455 τὴν
1480 2388 1815 2454 συμφωνίαν

206 2469 294 2524 ἐπὶ
340 2482 453 2534 τοῖς
498 2464 778 2540 πλάσμασι
823 2469 913 2524 καὶ
958 2468 1115 2541 μέχρι
1159 2466 1412 2525 θανάτου
1461 2464 1813 2539 διεφύλαξεν,

206 2549 392 2618 οὐδείς
422 2574 480 2608 τε
523 2550 707 2610 αὐτῶν
748 2550 968 2608 πώποτε
1009 2551 1074 2608 τὰ
1106 2550 1395 2624 συμβάντα
1425 2566 1537 2616 τοῖς
1568 2573 1817 2626 προανῃ-

206 2639 467 2709 ρημένοις
506 2638 702 2708 τρέσας
745 2637 929 2709 ἐξέστη
969 2640 1065 2708 τῆς
1098 2638 1366 2709 ἑταιρίας,
1409 2632 1537 2693 οὐδ’
1585 2634 1818 2709 ἀντεκή-

207 2724 336 2791 ρυξε
376 2733 491 2787 τοῖς
531 2719 716 2788 άλλοις
757 2727 835 2787 εἰς
873 2745 992 2793 φως
1032 2717 1258 2793 άγαγων
1297 2746 1362 2778 τα
1394 2721 1814 2793 συντεθειμένα,
1841 2740 1880 2773 30

206 2802 344 2860 ἀλλα
386 2806 476 2860 καὶ
518 2801 545 2861 ὁ
587 2808 761 2874 ζωντα
792 2809 1098 2879 προδοῦναι
1138 2804 1411 2879 τολμήσας
1450 2798 1622 2862 αὐτον
1652 2800 1815 2861 αὐτο-

207 2895 386 2964 χειρια
428 2885 564 2946 καθ’
610 2892 811 2947 ἑαυτοῦ
852 2892 1182 2965 παραχρῆμα
1230 2890 1330 2964 τὴν
1379 2895 1540 2963 δίκην
1583 2886 1815 2946 ε’τιέσπάῃ
