1946 3158
193 133 260 185 93
861 134 1111 177 EUsEssn

194 249 399 308 δοῦλόν
430 267 560 322 σου,
596 252 862 322 δέσποτα,
905 248 1041 306 κατὰ
1079 247 1140 308 τὸ
1172 248 1317 325 ρ’ἧμοὲ
1348 269 1450 308 σου
1482 254 1543 309 ἐν
1574 251 1797 328 εἰρήνῃ·

99 354 167 394 (61)
193 331 275 392 ὅτι
310 331 464 392 εἶδον
494 340 552 392 οἱ
577 331 867 407 ὀφθαλμοί
901 358 1008 407 μου
1038 331 1097 391 τὸ
1128 333 1403 410 σωτήριόν
1433 354 1554 409 σου,
1585 333 1614 393 ὃ
1645 335 1798 408 ἡτοί-

191 437 368 493 μασας
410 418 547 476 κατὰ
588 416 889 493 πρόσωπον
929 416 1155 477 πάντων
1195 423 1307 476 τῶν
1346 423 1528 493 λαῶν,
1569 426 1688 494 φῶς
1719 425 1798 489 εἰς

191 501 546 573 ἀποκάλυψιν
588 505 788 561 ἐθνῶν.
871 499 1002 560 αὐτὸ
1044 506 1185 575 γοῦν
1222 502 1282 560 τὸ
1324 503 1596 578 σωτήριον
1634 506 1726 562 καὶ
1767 502 1797 562 ὁ

194 587 491 665 ψαλμῳδὸς
538 585 739 660 ἐδήλου
789 588 971 660 λέγων
1002 582 1308 661 “ε’γνω’ρισε
1350 587 1539 663 κύριος
1583 587 1643 647 τὸ
1685 608 1794 647 σω-
1820 613 1842 646 5

191 671 382 746 τήριον
423 670 626 744 αὐτοῦ,
675 674 928 730 ἐναντίον
966 675 1079 730 τῶν
1120 674 1307 730 ἐθνῶν
1346 669 1669 742 ἆπεκάλυψε
1697 674 1801 746 τὴν

195 754 557 830 δικαιοσύνην
587 754 772 814 αὐτοῦ.
781 753 814 775 ”
855 760 939 814 38.
973 759 1064 813 καὶ
1088 756 1225 814 κατὰ
1254 756 1351 815 τὸν
1375 753 1609 816 Ἡσαΐαν
1639 755 1793 815 τοῦτ’

192 839 327 899 αὐτὸ
358 841 417 898 τὸ
450 839 722 914 σωτήριον
754 839 967 907 ἰδόντες
997 839 1198 908 πάντες
1229 839 1521 916 ἅνθρωποι
1551 863 1801 916 προσκυ-

190 925 385 999 νήσειν
415 928 668 998 λέγονται
696 929 772 1003 τῷ
795 929 908 983 τῶν
936 924 1083 983 ὅλων
1104 928 1227 1003 θεῷ
1247 924 1307 984 τὸ
1331 924 1604 1001 σωτήριον
1626 922 1798 984 αὐτοῦ

190 1024 302 1078 τοῖς
330 1014 500 1068 πᾶσιν
529 1007 797 1083 ἀφθόνως
827 1011 1230 1088 κεχαρισμένῳ·
1272 1012 1364 1068 καὶ
1387 1009 1800 1084 προσκυνήσειν
1822 1034 1865 1067 ιο

190 1120 252 1167 γε
284 1092 432 1172 αὐτῶ
464 1091 566 1153 οὐκ
598 1097 687 1152 ἐπὶ
716 1097 811 1168 τῆς
851 1093 997 1152 κάτω
1021 1090 1379 1170 Ἰερουσαλὴμ
1407 1099 1503 1168 τῆς
1533 1096 1669 1154 κατὰ
1698 1095 1800 1169 τὴν

191 1186 610 1253 Παλαιστίνην,
640 1178 761 1236 ἀλλ’
801 1181 1031 1237 ἕκαστον
1064 1182 1123 1238 ἐκ
1152 1182 1253 1237 τοῦ
1281 1178 1453 1237 τόπου
1484 1177 1675 1254 αὐτοῦ,
1707 1182 1800 1237 καὶ

146 1286 166 1317 b
192 1263 401 1330 πάντας
452 1263 580 1331 τούς
634 1267 693 1321 ἐν
744 1277 862 1330 ταῖς
907 1262 1096 1337 νήσοις
1145 1267 1257 1322 τῶν
1299 1267 1511 1322 ἐθνῶν”
1571 1263 1662 1322 ὅτε
1703 1266 1797 1322 καὶ

191 1347 622 1423 πληρωθήσεται
661 1346 721 1406 τό
763 1347 979 1422 φάσκον
1019 1347 1208 1421 λόγιον
1241 1351 1627 1406 ἐπικαλεῖσθαι
1657 1347 1800 1406 πάν-

189 1458 284 1500 τας
316 1430 653 1506 ἀνθρώπους
693 1431 795 1491 οὐκ
836 1439 912 1490 ἔτι
957 1433 1086 1500 τοὺς
1116 1431 1404 1510 πατρῴους
1433 1432 1632 1506 θεοὺς,
1663 1429 1798 1491 οὐδὲ
1821 1454 1862 1488 15

189 1517 254 1575 τὰ
288 1523 492 1575 εἴδωλα
523 1520 614 1575 καὶ
646 1515 773 1584 τούς
799 1523 1083 1591 δαίμονας,
1116 1514 1255 1575 ἀλλὰ
1288 1515 1347 1576 τὸ
1371 1515 1547 1591 ὄνομα
1577 1524 1798 1594 κυρίου,

190 1605 282 1660 καὶ
314 1600 605 1661 δουλεύειν
643 1598 797 1680 αὐτῷ
832 1600 941 1660 ὑπὸ
980 1601 1144 1676 ζυγὸν
1185 1605 1312 1676 ἕνα,
1356 1604 1415 1660 ἐκ
1453 1601 1709 1678 περάτων
1737 1625 1798 1660 τε

189 1691 450 1760 ποταμῶν
480 1692 785 1755 Αἰθιοπίας
817 1692 1214 1762 προσοίσουσιν
1253 1685 1404 1763 αὐτῷ
1441 1685 1535 1753 τὰς
1575 1685 1797 1759 λογικὰς

190 1774 281 1829 καὶ
312 1769 581 1845 ἆναίμους
604 1777 810 1838 θυσίας
835 1769 926 1828 διὰ
948 1774 1043 1843 τῆς
1067 1776 1165 1828 τοῦ
1187 1773 1432 1844 Χριστοῦ
1453 1774 1647 1843 καινῆς
1679 1776 1796 1828 δια-

188 1855 400 1930 θήκης,
443 1854 543 1914 οὐκ
586 1859 675 1913 ἐπὶ
719 1859 815 1929 τῆς
855 1854 1000 1913 κάτω
1024 1854 1415 1929 Ἰερουσαλὴμ,
1457 1851 1581 1912 οὐδ’
1629 1858 1688 1912 ἐν
1718 1858 1794 1933 τῷ
1818 1877 1862 1910 20

189 1939 325 2012 πρὸς
354 1939 527 2016 ταύτῃ
569 1945 982 2016 θυσιαστηρίῳ,
1027 1937 1148 1996 ἀλλ’
1194 1942 1253 1996 ἐν
1283 1954 1396 2006 τοῖς
1437 1941 1796 2013 δηλουμένοις

141 2055 157 2076 c
189 2027 390 2099 πέρασι
429 2029 523 2097 τῆς
563 2030 866 2091 Αἰθιοπίας
911 2021 1442 2098 ἄνενεχθησομένας.
1514 2028 1597 2082 39.
1643 2030 1694 2081 εἰ
1734 2023 1796 2081 δὲ

189 2111 281 2167 καὶ
310 2111 449 2182 μέγα
478 2115 537 2166 τί
563 2111 710 2166 ἐστιν
734 2107 868 2166 λαὸν
900 2109 1050 2166 εἷναί
1067 2133 1124 2166 τε
1147 2111 1239 2165 καὶ
1263 2114 1612 2183 χρηματίζειν
1635 2111 1796 2183 θεοῦ,

188 2195 279 2251 καὶ
313 2196 373 2252 ἕν
402 2218 466 2266 γε
495 2197 657 2251 τοῦτο
678 2197 789 2251 τῶν
808 2199 1083 2267 μεγίστων
1097 2199 1274 2252 θείων
1300 2196 1641 2267 ἐπαγγελιῶν
1669 2217 1797 2266 τυγ-

188 2277 370 2352 χάνει,
402 2276 461 2336 τὸ
492 2274 594 2336 ὑπ’
629 2275 799 2336 αὐτοῦ
829 2280 1092 2351 λέγεσθαι
1122 2280 1248 2353 περὶ
1279 2281 1391 2335 τῶν
1421 2277 1594 2349 ἀξίων
1623 2274 1794 2335 αὑτοῦ
1816 2296 1861 2330 25

177 2362 411 2437 “ἐ’σομαι
450 2359 637 2420 αὐτῶν
676 2361 837 2435 θεὸς,
878 2365 970 2420 καὶ
1010 2358 1168 2420 αὐτοὶ
1199 2369 1417 2420 ἔσονται
1448 2360 1576 2430 λαός
1615 2359 1789 2436 μου·”

190 2446 522 2522 ἐσεμνύνετό
544 2472 603 2506 τε
621 2450 756 2523 πρὶν
780 2445 1003 2514 εἰκότως
1025 2445 1054 2504 ὁ
1082 2443 1295 2521 Ἰσραὴλ
1321 2449 1408 2505 ἐπὶ
1433 2451 1507 2523 τῷ
1534 2442 1606 2512 ῶς
1628 2444 1794 2520 μόνος

189 2533 316 2600 λαός
348 2527 427 2590 ῶν
456 2536 555 2590 τοῦ
584 2537 755 2606 θεοῦ,
787 2530 926 2589 ἀλλὰ
955 2533 1046 2588 καὶ
1077 2537 1237 2589 τοῦτο
1268 2530 1327 2589 τὸ
1358 2528 1577 2604 ἄγαθόν
1602 2533 1795 2604 ἐπιδη-

188 2617 364 2690 μήσας
405 2616 434 2674 ὁ
475 2616 664 2692 κύριος
704 2630 816 2685 τοῖς
858 2624 1047 2674 ἔθνεσι
1087 2625 1406 2691 χαριεῖσθαι
1446 2614 1793 2689 ὑπισχνεῖται

190 2703 367 2774 λέγων
392 2697 557 2760 “ἰδού
589 2700 694 2775 ἐγῶ
727 2709 951 2777 ἔρχομαι
982 2702 1072 2758 καὶ
1105 2698 1512 2773 κατασκηνῶσω
1555 2703 1614 2757 ἐν
1643 2701 1791 2776 μέσῳ
1815 2718 1859 2750 30

302 2896 327 2936 5
359 2887 430 2934 P's.
456 2897 524 2949 97,
548 2897 588 2936 2.
763 2899 815 2938 26
847 2896 942 2937 Jer.
967 2898 1034 2947 31,
1058 2898 1127 2937 33.
1302 2896 1355 2936 30
1385 2895 1521 2936 Zaeh.
1545 2896 1584 2947 2,
1609 2895 1676 2937 10.
