1992 3186
560 105 868 147 DEMONST.
899 105 1119 148 EVANG
1152 106 1230 148 1x.
1262 107 1302 146 6
1326 106 1365 147 7.
1658 103 1762 156 583

154 227 352 299 κυρίῳ,
382 217 733 294 ἄντιλήπτωρ
761 246 868 329 μου
900 221 950 277 εἶ
978 223 1070 278 καὶ
1094 220 1385 295 καταφυγή
1408 245 1545 322 μου,
1578 217 1606 277 ὁ
1630 219 1763 287 θεός

153 331 260 381 μου
291 304 498 379 βοηθός
528 329 655 379 μου,
688 308 778 362 καὶ
803 308 972 363 ἐλπιω
997 301 1083 362 ἐπ’
1116 302 1318 378 αὐτὸν,
1349 330 1432 363 οτι
1470 302 1632 370 αὐτὸς
1663 303 1763 376 ῥύ-

154 397 313 449 σεταί
336 413 404 464 με
437 394 496 447 ἐκ
527 395 759 462 παγίδος
788 395 1085 464 θηρευτῶν
1124 392 1217 447 καὶ
1257 389 1364 447 ἀπὸ
1395 388 1562 463 λόγου
1593 414 1760 462 ταρα-

153 474 381 549 χιι-ὁδους.
446 479 506 532 έν
549 488 663 541 τοῖς
702 476 1064 575 μεταφρένοις
1106 473 1280 531 αὑτοῦ
1319 472 1624 532 ἐπισκιάσει
1656 475 1763 544 σοὶ,
1792 501 1811 532 z>

110 588 131 620 5
154 562 247 617 καὶ
275 556 385 617 ὑπὸ
415 559 510 625 τὰς
540 561 814 633 πτέρυγας
838 555 1009 616 αὐτοῦ
1031 561 1248 625 ε’λπιεῖς.
1290 564 1337 615 2.
1370 556 1522 634 οπλῳ
1554 556 1764 615 κυκλώ-

154 665 238 702 σει
284 664 346 701 σε
384 640 419 716 ἡ
459 642 696 715 ἀλήθεια
737 641 1051 716 αὐτοῦ,οὐ
1091 641 1393 716 φοβηθήσῃ
1434 640 1540 700 ἀπὸ
1582 640 1764 715 φόβου

152 732 510 801 νυκτερινοῦ,
541 724 648 784 άπὸ
679 730 876 800 βέλους
900 730 1204 800 πετομένου
1235 723 1458 800 ἡμέρας,
1491 723 1597 783 άπὸ
1629 725 1765 800 πρά-

152 836 354 885 γματος
388 815 860 885 διαπορευομένου
894 814 953 868 ἐν
983 810 1194 884 σκότει,
1226 810 1334 869 ἀπὸ
1365 809 1765 884 συμπτώματος

153 899 244 953 καὶ
278 902 569 970 δαιμονίου
597 899 992 968 μεσημβρινοῦ.
1054 909 1300 953 πεσεῖται
1334 898 1393 952 ἐκ
1416 901 1516 953 τοῦ
1548 900 1766 961 κλίτους

90 1008 131 1039 10
154 1001 257 1038 σου
287 979 482 1054 χιλιὰς,
514 981 604 1037 καὶ
635 979 835 1052 μυριὰς
861 982 919 1036 ἐκ
945 982 1140 1047 δεξιῶν
1165 999 1284 1052 σου,
1318 978 1453 1053 πρὸς
1485 980 1546 1037 σε
1579 981 1638 1036 δὲ
1662 977 1766 1036 οὐκ

154 1069 338 1138 ε’γγιεῑ.
409 1063 554 1137 πλὴν
594 1077 707 1129 τοῖς
746 1063 1058 1137 ὀφθαλμοῖς
1098 1083 1199 1121 σου
1240 1062 1626 1136 κατανοήσεις,
1674 1066 1765 1120 καὶ

153 1147 529 1206 ἀνταπόδοσιν
552 1143 893 1221 ἁμαρτωλῶν
914 1145 1054 1215 ὄψει.
1117 1147 1199 1206 ὅτι
1224 1147 1312 1221 σύ,
1345 1147 1522 1222 κύριε,
1552 1147 1587 1219 ἡ
1614 1149 1767 1214 ἐλπίς
1790 1187 1807 1208 e

153 1258 289 1306 μου,
335 1230 433 1290 τὸν
470 1229 706 1300 ὕψιστον
748 1239 886 1290 ἔθου
925 1231 1253 1306 καταφυγήν
1284 1252 1402 1290 σου.
1466 1229 1532 1290 οῦ
1563 1253 1766 1306 προσε-

155 1315 406 1374 λεύσεται
451 1315 586 1389 πρὸς
632 1318 693 1374 σε
738 1317 906 1390 κακὰ,
953 1319 1046 1374 καὶ
1091 1316 1283 1390 μάστιξ
1330 1315 1434 1374 οὐκ
1481 1320 1655 1389 ε’γγιεῖ
1689 1322 1765 1393 τῷ

91 1427 132 1459 15
155 1400 476 1474 σκηνώματί
494 1420 612 1458 σου.
667 1406 714 1459 3.
749 1398 830 1458 ὅτι
861 1414 974 1468 τοῖς
996 1398 1247 1474 ἀγγέλοις
1271 1400 1445 1459 αὑτοῦ
1471 1404 1765 1459 ἐντελεῖται

155 1488 283 1559 περὶ
328 1491 458 1556 σοῦ,
503 1487 603 1542 τοῦ
647 1483 982 1558 διαφυλάξαι
1029 1505 1091 1543 σε
1133 1489 1194 1543 ἐν
1232 1484 1433 1553 πάσαις
1463 1500 1583 1550 ταῖς
1613 1485 1766 1550 ὁδοῖς

155 1590 272 1627 σου.
336 1572 425 1626 ἐπὶ
456 1575 657 1643 χειρῶν
686 1566 884 1644 ἄροῦσί
907 1591 996 1642 σε,
1027 1568 1102 1643 μή
1120 1593 1251 1627 ποτε
1281 1567 1600 1643 προσκόψῃς
1630 1566 1767 1641 πρὸς

155 1661 320 1712 λίθον
350 1653 447 1712 τὸν
476 1652 620 1710 πόδα
652 1673 769 1711 σου.
834 1656 923 1711 ἐπὶ
951 1652 1162 1711 ἀσπίδα
1186 1656 1278 1711 καὶ
1302 1659 1628 1726 βασιλίσκον
1653 1656 1765 1710 ε’πι-

156 1737 331 1812 βήσῃ,
364 1740 454 1795 καὶ
486 1737 885 1811 καταπατήσεις
915 1740 1109 1796 λέοντα
1139 1741 1231 1796 καὶ
1263 1736 1552 1812 δράκοντα.
1564 1734 1593 1755 ”

92 1848 134 1880 20
285 1827 333 1878 4.
376 1818 432 1880 Ο
476 1823 657 1924 σωτὴρ
689 1824 780 1879 καὶ
826 1821 1013 1896 κύριος
1044 1819 1202 1896 ἡμῶν
1226 1820 1437 1895 Ἰησοῦς
1467 1818 1495 1879 ὁ
1528 1819 1764 1896 Χριστὸς

156 1912 253 1963 τοῦ
297 1909 466 1978 θεοῦ,
509 1905 640 1964 καθ’
687 1904 716 1963 ὃ
751 1906 1102 1980 ε’νηνθρωπει
1138 1906 1564 1980 ε’πινοούμενος,
1610 1901 1639 1963 ὅ
1671 1930 1765 1963 κα·

155 1995 356 2048 τοικῶν
396 1993 611 2063 λέγεται
655 1994 716 2048 έν
747 1997 984 2067 βοηθεια
1026 1994 1126 2048 τοῦ
1165 1987 1439 2063 υψίστου,
1485 1993 1544 2048 έν
1585 1992 1764 2064 σκέπῃ
1790 2017 1813 2050 d

155 2077 258 2132 τοῦ
284 2080 424 2132 θεοῦ
454 2077 546 2131 καὶ
577 2074 782 2150 πατρὸς
815 2074 1182 2181 αὐλιζόμενος.
1244 2068 1402 2142 οὗτος
1431 2075 1499 2147 δὴ
1532 2065 1636 2132 οῦν
1666 2073 1767 2148 μό-

158 2183 260 2216 νον
298 2157 394 2216 τόν
431 2160 640 2234 πατέρα
679 2162 771 2216 καὶ
811 2156 940 2216 οὐδ’
985 2183 1174 2233 ετερον
1215 2157 1547 2233 καταφυγὴν
1592 2161 1652 2216 ἐν
1691 2162 1767 2236 τῷ

93 2269 136 2301 25
159 2248 332 2319 καιρῷ
361 2246 461 2300 τοῦ
492 2243 629 2300 κατὰ
659 2243 756 2302 τὸν
790 2243 1054 2316 διάβολον
1083 2247 1396 2318 πειρασμοῦ
1437 2245 1768 2316 κεκτημένος

160 2326 409 2402 ἐρρύσθη
452 2328 583 2385 ποτὲ
629 2330 688 2384 ἐκ
739 2331 853 2386 τῶν
906 2333 1163 2400 παγίδων
1215 2333 1326 2384 τῶν
1369 2326 1768 2399 ἀντικειμένων

160 2410 482 2483 δυνάμεων,
523 2415 818 2485 θηρευτῶν
857 2418 965 2468 νῦν
1004 2410 1452 2484 ὀνομαζομένων,
1506 2407 1765 2482 ὁπηνίκα,

160 2490 250 2550 οἷά
286 2518 367 2560 τις
408 2493 589 2560 κοινὸς
628 2492 927 2569 ἅνθρωπος
961 2492 1220 2568 “ἆνήχθη
1274 2501 1352 2560 εἰς
1394 2492 1493 2566 τὴν
1542 2500 1768 2567 ἔρημον,

162 2580 536 2650 πειρασθῆναι
566 2574 674 2635 ῦπό
705 2581 806 2635 τοῦ
838 2577 1133 2650 διαβόλου,
1166 2579 1257 2634 καὶ
1290 2569 1361 2650 ἦν
1394 2580 1454 2636 έν
1483 2581 1550 2650 τῇ
1585 2575 1767 2654 ἐρήμῳ

99 2687 140 2719 30
163 2660 571 2733 τεσσαράκοντα
602 2658 804 2734 ἡμέρας
848 2664 939 2718 καὶ
973 2660 1383 2734 τεσσαράκοντα
1414 2660 1619 2728 νύκτας
1651 2684 1766 2720 πει-

272 2856 326 2896 28
358 2855 523 2913 Matph.
548 2857 589 2907 4,
618 2858 651 2897 l.
714 2855 855 2896 Marc.
884 2858 921 2905 1,
948 2857 1013 2896 13.
