1946 3158
252 156 286 206 4
927 158 1177 198 EUSEBII

253 270 447 343 βολὰς,
488 276 855 344 συκοφαντῶν
884 279 1241 346 κατηγορίας,
1283 277 1558 330 δικαστῶν
1597 280 1854 347 κατακρί-

253 375 385 426 σεις,
416 354 605 429 ὕβρεις
638 355 886 430 ἀτίμους,
917 355 1183 429 μάστιγας
1216 355 1495 429 ἐκτόπους,
1531 355 1856 430 δυσφήμους

254 447 551 512 λοιδορίας,
584 443 671 497 ἐπὶ
703 445 835 498 πᾶσι
856 438 951 497 τὸν
985 443 1363 498 ἐπονείδιστον
1386 439 1652 512 θάνατον,
1685 440 1856 500 αὐτοῦ

252 547 311 581 τε
355 527 444 581 ἐπὶ
483 524 696 591 τούτοις
737 523 952 596 σιωπὴν
982 522 1328 597 θαυμάσιον,
1370 524 1647 597 πραότητα
1677 548 1735 582 τε
1765 528 1857 583 καὶ

253 616 578 683 καρτερίαν,
610 607 896 682 ἀμήχανόν
925 631 983 665 τε
1011 606 1150 682 ὅσην
1170 608 1459 682 ὑπομονὴν
1489 612 1579 666 καὶ
1610 607 1855 677 ἆνεξικα·
1880 634 1900 666 5

252 701 396 750 κίαν.
486 697 533 749 6.
575 697 748 750 ταῦτα
801 694 860 749 δὲ
909 691 1087 751 πάντα
1135 691 1393 765 ἄντικρυς
1443 695 1569 765 περὶ
1623 691 1747 759 ἐνὸς
1799 697 1858 751 ἐν

251 773 509 843 ὑστάτοις
550 778 681 834 ποτε
721 775 936 850 χρόνοις
986 776 1207 848 ἥξοντος
1258 780 1350 834 καὶ
1393 783 1618 834 τοιαῦτα
1659 781 1719 834 ἐν
1757 776 1858 835 ἄν·

253 859 502 934 θρώποις
543 865 875 934 πεισομένου
926 865 1115 935 σαφῶς
1157 858 1233 918 δι’
1268 854 1347 919 ῶν
1388 861 1754 934 προειλήφασι
1794 861 1859 918 τὰ

254 951 558 1002 παλαίτατα
581 942 852 1018 Ἐβραίων
892 952 1186 1019 παρίστησι
1226 945 1409 1018 λόγια,
1454 944 1859 1019 ἐπιμαρτυρού-

253 1054 394 1102 μενα
430 1029 532 1101 τὴν
570 1031 704 1103 μετὰ
744 1028 992 1087 θάνατον
1043 1033 1100 1086 ἐκ
1139 1035 1354 1103 νεκρῶν
1403 1027 1710 1101 ἀναβίωσιν
1760 1033 1858 1088 τοῦ
1881 1056 1920 1087 10

257 1117 629 1187 δηλουμένου,
678 1114 780 1187 τὴν
822 1129 934 1180 τοῖς
984 1113 1158 1171 αὐτοῦ
1195 1125 1468 1188 μαθηταῖς
1519 1116 1856 1188 φανέρωσιν,

253 1197 353 1269 τὴν
384 1203 480 1255 τοῦ
510 1206 673 1256 θείου
714 1197 1024 1271 πνεύματος
1056 1205 1133 1265 εἰς
1165 1191 1368 1264 αύτοῦς
1397 1198 1722 1272 μετάδοσιν,
1755 1197 1856 1271 τὴν

253 1288 329 1347 είς
359 1281 629 1357 οὐρανοὺς
672 1281 878 1341 ἄνοδον
930 1280 1133 1355 αὐτοῦ,
1187 1281 1288 1356 τὴν
1339 1283 1543 1355 πατρὸς
1583 1290 1857 1356 ἔνθρονον

251 1374 539 1438 βασιλείας
569 1373 822 1441 ἵδρυσιν,
866 1366 967 1440 τὴν
999 1370 1086 1424 ἐπὶ
1118 1375 1408 1442 συντελείᾳ
1437 1373 1536 1424 τοῦ
1566 1373 1694 1439 βίου
1728 1371 1858 1424 δευ-

250 1454 415 1526 τέραν
468 1443 635 1518 αὖθις
696 1454 964 1524 ἐσομένην
1025 1455 1250 1519 ἔνδοξον
1303 1448 1472 1509 αὐτοῦ
1524 1457 1852 1525 παρουσίαν.
1882 1474 1920 1506 15

254 1541 298 1592 7.
335 1538 422 1592 ἐπὶ
455 1539 589 1592 πᾶσι
619 1535 832 1603 τούτοις
864 1535 1112 1609 θρήνους
1144 1533 1352 1609 ἀκούσῃ
1386 1537 1477 1592 καὶ
1507 1532 1856 1609 ὀλοφυρμοὺς

250 1619 483 1677 ἑκάστου
513 1625 625 1678 τῶν
665 1625 966 1694 προφητῶν
1007 1620 1284 1693 διαφόρως
1315 1618 1733 1692 ὀλοφυρομένου
1764 1622 1856 1676 καὶ

249 1701 689 1777 ἆποκλαιομένου
730 1702 832 1762 ὅσα
875 1703 935 1762 τὸ
974 1703 1262 1764 Ἰουδαίων
1307 1710 1472 1769 ἔθνος
1513 1706 1608 1774 τῆς
1652 1708 1729 1770 εἰς
1758 1701 1856 1761 τὸν

250 1791 710 1862 προκηρυχθέντα
733 1793 1060 1859 δυσσεβείας
1085 1791 1246 1844 ἕνεκα
1267 1786 1702 1860 μετελεύσεσθαι
1714 1786 1856 1844 κακοὶ

251 1879 506 1944 ἔμελλεν,
540 1868 612 1938 ῶς
643 1870 701 1928 τὸ
732 1877 1015 1943 βασίλειον
1045 1869 1229 1928 αὐτῶν
1254 1869 1479 1929 ἄνωθεν
1511 1875 1570 1928 ἐκ
1601 1875 1856 1947 πατέρων
1878 1895 1920 1928 20

180 1975 226 2014 (6)
254 1961 330 2022 εἰς
363 1958 608 2021 ἐκείνους
642 1958 939 2029 διαρκέσαν
967 1953 1094 2021 τούς
1124 1953 1348 2026 καιροὺς
1379 1960 1620 2028 παντελῆ
1651 1962 1855 2014 καθαίι

251 2059 406 2112 ρεσιν
435 2038 571 2112 ’μετὰ
601 2040 704 2111 τὴν
745 2039 882 2096 κατὰ
912 2043 1157 2112 Χριστοῦ
1197 2038 1402 2112 τόλμαν
1434 2038 1618 2097 αὐτῶν
1647 2039 1857 2114 ὑπομε-

250 2137 339 2182 νεῖ
347 2170 362 2197 ,
397 2120 469 2190 ῶς
500 2128 559 2181 015
586 2123 803 2198 πάτριοι
834 2122 1020 2181 αὐτῶν
1059 2121 1217 2196 νόμοι
1248 2123 1748 2198 καταλυθήσονται,
1782 2123 1855 2192 ῶς

251 2212 344 2280 τῆς
385 2212 619 2275 παλαιᾶς
658 2214 959 2281 θρησκείας
1005 2206 1190 2265 αὐτῶν
1241 2206 1739 2282 ἀποστερήσονται,
1782 2207 1855 2277 ῶς

251 2296 345 2364 τῆς
379 2296 436 2349 ἐκ
475 2292 767 2366 προγόνων
809 2291 1138 2365 αὐτονομίας
1180 2296 1570 2364 ἐκπεσοῦνται,
1614 2292 1687 2360 ῶς
1727 2291 1848 2350 ἄντ’
1877 2315 1919 2347 25

255 2380 567 2450 ἐλευθέρων
599 2380 785 2434 δοῦλοι
816 2380 929 2433 τῶν
960 2380 1180 2450 ἐχθρῶν
1210 2375 1670 2448 καταστήσονται,
1715 2373 1787 2443 ῶς
1818 2373 1851 2449 ἡ

200 2478 205 2484 ”
253 2459 509 2533 βασιλικὴ
541 2460 870 2534 μητρόπολις
914 2460 1099 2518 αὐτῶν
1128 2468 1502 2533 πυρίκαυστος
1543 2460 1852 2532 γενήσεται,

254 2545 324 2611 ὠς
355 2544 414 2603 τὸ
445 2545 648 2619 σεμνὸν
681 2543 866 2602 αὐτῶν
897 2548 987 2602 καὶ
1018 2542 1190 2617 ἁγνὸν
1224 2544 1372 2617 ἱερὸν
1414 2543 1732 2617 ἐμπρησμὸν
1764 2548 1854 2601 καὶ

256 2629 486 2702 ἐσχάτην
518 2635 749 2702 ἐρημίαν
778 2628 1075 2703 ὑπομενεῖ,
1108 2625 1180 2694 ῶς
1211 2626 1331 2685 ἀντὶ
1365 2633 1477 2685 τῶν
1508 2628 1675 2685 πάλαι
1706 2635 1854 2701 οἰκη-

253 2713 431 2787 τόρων
459 2710 566 2770 ὑπὸ
598 2713 930 2787 ἀλλοφύλων
974 2716 1156 2771 ἐθνῶν
1187 2710 1221 2784 ἡ
1262 2712 1417 2779 πόλις
1459 2711 1644 2770 αὐτῶν
1675 2737 1852 2770 κατοι-
1877 2735 1916 2767 3ο

254 2797 604 2870 κισθήσεται,
647 2795 718 2864 ῶς
751 2804 827 2865 εἰς
858 2797 1036 2855 πάντα
1066 2791 1131 2854 τά
1164 2804 1303 2870 ἔθνη
1335 2794 1470 2854 καθ’
1505 2796 1635 2869 ὅλης
1666 2803 1854 2854 οἰκου-

251 2884 418 2954 μένης
446 2882 933 2957 διασπαρήσονται,
959 2879 1031 2950 ῶς
1055 2878 1239 2939 οὐκέτ’
1266 2878 1451 2947 αὐτοῖς
1475 2880 1506 2954 ἡ
1531 2885 1644 2938 τῶν
1669 2886 1852 2938 κακῶν
