1992 3186
244 139 350 192 530
924 138 1171 181 EUSEBn

242 254 418 329 Ἰησοῦ
457 261 553 312 τοῦ
576 255 854 326 Ἰωσεδὲκ,
895 250 1024 326 μεθ’
1070 249 1135 310 ὃν
1177 257 1485 327 διαδέχεται
1525 254 1627 327 τὴν
1666 251 1852 330 ἀρχιε-

247 339 505 413 ρωσύνην
530 336 909 408 Ἐλιασοῦβος,
943 343 1128 394 ἔπειτα
1152 334 1368 410 Ἰωδαὲ,
1409 335 1540 411 μεθ’
1575 337 1640 396 ὃν
1663 337 1852 396 Ἰωνά-

245 434 380 497 θης,
422 420 550 495 μεθ’
596 419 660 479 ὃν
696 420 957 487 Ἰαδδοῦς.
1029 426 1113 478 66.
1147 419 1359 479 τούτων
1398 423 1664 496 μέμνηται
1695 426 1785 480 καὶ
1816 423 1850 496 ἡ

200 507 402 581 ε”Εσρα
432 506 618 581 γραφὴ
643 507 880 579 λέγουσα
902 504 1034 563 “noel
1057 504 1268 578 Ἰησοῦς
1295 508 1556 579 ἐγέννησε
1579 506 1675 565 τὸν
1698 506 1850 565 Ἰωα-

243 595 396 664 κεὶμ,
444 594 535 648 καὶ
564 588 808 664 Ἰωακεὶμ
841 593 1103 663 ἐγέννησε
1141 588 1238 647 τὸν
1261 589 1524 698 Έλιασὶ’β,
1557 594 1647 648 καὶ
1672 590 1846 650 Ἐλια-
1873 619 1895 651 5

245 679 338 749 σὶβ
387 677 646 748 ἐγέννησε
689 675 786 733 τὸν
826 672 1038 780 Ἰωδαὲ,
1085 677 1177 732 καὶ
1217 671 1404 732 Ἰωδαὲ
1449 678 1712 748 ἐγέννησε
1757 675 1852 734 τὸν

235 759 538 832 Ἱωνάθαν,
579 762 668 817 καὶ
705 757 975 817 Ἰωνάθαν
1008 761 1268 832 ἐγέννησε
1310 759 1406 816 τὸν
1429 757 1663 818 ’.Ιαδδοῦ
1676 756 1706 778 ”
1766 766 1848 818 67.

244 844 379 902 κατὰ
410 848 606 902 τοῦτον
628 844 724 902 τὸν
740 843 959 901 Ἰαδδοῦ
981 839 1307 902 ὁΜακεδών
1323 842 1679 946 Ἀλέξανδρος
1702 843 1851 903 Ἀλε-

244 928 538 1003 ξάνδρειαν
568 935 760 1000 κτίζει,
793 953 865 996 ως
891 926 1146 1001 Ἰώσηπος
1178 933 1401 1003 ἱστορεῖ,
1433 926 1764 1002 άφικόμενός
1795 954 1853 987 τε

246 1020 322 1080 είς
361 1014 426 1071 τὰ
449 1012 801 1087 Ἱεροσόλυμα
840 1017 915 1089 τῷ
956 1012 1072 1089 θεῷ
1113 1026 1430 1086 προσκυνεῖ.
1508 1019 1592 1070 68.
1624 1016 1854 1089 τελευτᾷ
1875 1042 1917 1073 ιο

245 1099 306 1155 δε
336 1098 432 1155 τὸν
463 1105 590 1170 βιον
616 1095 972 1169 Ἀλέξανδρος
1018 1101 1079 1154 ἐν
1122 1095 1265 1171 ἀρχῇ
1307 1102 1403 1170 τῆς
1437 1100 1730 1171 ἑκατοστῆς
1762 1101 1853 1155 καὶ

243 1181 840 1256 τεσσαρεσκαιδεκάτης
865 1180 1259 1255 Ὀλυμπιάδος,
1301 1181 1433 1255 μετὰ
1474 1188 1566 1256 ἔτη
1600 1181 1852 1240 διακόσια

243 1266 535 1341 τριάκοντα
567 1270 623 1335 ἓξ
654 1266 876 1342 Κύρου,
907 1263 967 1333 ὃς
1001 1269 1325 1338 ἐβασίλευσε
1355 1270 1595 1339 Περσῶν
1625 1267 1761 1324 κατὰ
1791 1267 1850 1324 τὸ

204 1387 220 1408 c
244 1355 464 1423 πρῶτον
482 1359 598 1418 ε”τος
611 1356 705 1423 τῆς
718 1354 964 1424 πέμπτης
981 1353 1073 1407 καὶ
1092 1347 1850 1424 πεντηκοστῆςὈλυμπιάδος.

244 1442 325 1493 69.
358 1436 492 1509 μετὰ
517 1437 576 1493 δὲ
600 1435 700 1508 τὴν
723 1433 985 1508 τελευτὴν
1001 1433 1367 1508 Ἀλεξάνδρου
1401 1439 1498 1492 τοῦ
1522 1435 1851 1501 Μακεδόνος
1875 1460 1916 1493 15

244 1523 334 1577 καὶ
365 1518 498 1593 μετὰ
526 1518 626 1577 τὸν
659 1522 985 1593 δηλωθέντα
1007 1518 1262 1594 ἀρχιερέα
1295 1519 1480 1586 Ὀνίας
1510 1518 1723 1593 ἡγεῖται
1753 1526 1851 1576 τοῦ

244 1611 477 1677 ἔθνους,
519 1608 615 1677 τῆς
659 1608 772 1663 τῶν
810 1601 1114 1677 ἀρχιερέων
1144 1606 1235 1660 καὶ
1268 1602 1430 1670 αὐτὸς
1463 1607 1852 1678 ’ἐπειλημμένος

241 1694 422 1762 τιμῆς
472 1686 606 1746 καθ’
638 1685 703 1746 ὃν
727 1691 1003 1755 Σέλευκος
1032 1691 1344 1761 Βαβυλωνα
1369 1688 1643 1762 κρατήσας
1666 1688 1726 1746 τὸ
1756 1713 1852 1788 της

238 1770 423 1840 ”Ασιας
455 1780 797 1846 περιτίθεται
830 1771 1102 1846 διάδημα,
1135 1779 1242 1831 έτει
1267 1772 1562 1830 δωδεκάτω
1585 1796 1722 1845 μετα
1750 1771 1852 1844 τὴν

234 1857 602 1961 Ἀλεξάνδρου
632 1852 914 1931 τελευτὴν,
948 1855 1079 1915 καθ’
1114 1854 1181 1915 ὃν
1203 1856 1500 1929 συνάγεται
1531 1853 1559 1913 ὁ
1591 1861 1695 1922 πᾶς
1725 1855 1847 1930 χρό-
1871 1880 1912 1912 20

243 1967 338 2010 νος
367 1942 395 1999 ὁ
428 1942 534 2000 ἀπὸ
550 1941 745 2015 Κύρου
779 1949 855 2008 εἰς
886 1949 979 2012 ε”τη
1003 1940 1255 1998 διακόσια
1277 1939 1847 2014 τεσσαρακονταοκτώ.

246 2031 325 2082 70.
363 2030 629 2083 ἐντεῦθεν
659 2025 760 2097 τὴν
784 2022 1061 2097 Ἑλλήνων
1090 2030 1380 2096 βασιλείαν
1410 2049 1443 2097 η
1473 2031 1587 2082 τῶν
1617 2032 1849 2082 Μακκα-

243 2115 422 2179 βαίων
461 2107 648 2182 γραφὴ
689 2119 1156 2182 καταριθμεῖσθαι
1185 2106 1423 2183 ἄρχεται.
1498 2107 1632 2181 μετὰ
1664 2109 1724 2166 δὲ
1754 2106 1850 2167 τὸν

131 2190 425 2258 [245ι1’0’νιάν
464 2189 679 2265 ἡγεῖται
718 2196 830 2250 τῶν
865 2190 1150 2250 Ἰουδαίων
1189 2191 1477 2267 ἀρχιερεὺς
1513 2191 1846 2265 Ἐλεάζαρος,

197 2303 216 2333 <1
243 2275 374 2335 καθ’
422 2274 486 2336 ὃν
541 2282 598 2334 οἱ
648 2276 1025 2350 ἑβδομήκοντα
1069 2276 1162 2344 τὰς
1207 2284 1367 2343 θείας
1413 2275 1847 2350 ἐρμηνεύσαντες
1871 2302 1913 2334 25

243 2361 457 2435 γραφὰς
487 2377 607 2428 ταῖς
638 2362 774 2419 κατὰ
799 2359 1218 2436 Ἀλεξάνδρειαν
1242 2359 1628 2433 βιβλιοθήκαις
1651 2359 1850 2417 ἀνατε-

243 2453 477 2504 θείκασι.
558 2452 636 2503 71.
669 2445 795 2520 μεθ’
845 2443 912 2503 ὃν
956 2450 1136 2518 ἕτερος
1172 2443 1380 2516 Ὀνίας,
1426 2443 1491 2502 ὃν
1539 2446 1849 2518 διαδέχεται

243 2537 468 2604 Σίμων,
510 2528 642 2588 καθ’
685 2528 751 2588 ὃν
777 2527 984 2603 Ἰησοῦς
1024 2529 1052 2587 ὁ
1083 2533 1180 2587 τοῦ
1211 2530 1389 2603 Σιρόιχ
1431 2533 1775 2603 ἐγνωρίζετο,
1817 2527 1846 2585 ὁ

242 2614 343 2687 τὴν
374 2617 722 2688 καλουμένην
762 2614 1074 2687 πανάρετον
1104 2620 1327 2686 Σοφίαν
1367 2612 1648 2682 συντάξας.
1711 2611 1841 2686 μεθ’

241 2697 306 2755 ὃν
331 2702 510 2770 ἕτερος
533 2695 820 2772 ὁμώνυμος
845 2714 957 2766 τοῖς
981 2698 1231 2772 πρόσθεν
1251 2695 1428 2764 Ὀνίας
1452 2697 1682 2772 ἡγεῖται,
1709 2695 1838 2753 καθ’
1868 2721 1911 2752 30

354 2894 379 2930 4
411 2892 565 2931 Neem.
592 2894 655 2942 12,
684 2895 747 2934 10.
924 2895 948 2934 9
980 2893 1159 2945 Ioseph.
1183 2892 1238 2933 A.
1259 2892 1300 2935 J.
1326 2892 1404 2934 XI.
1430 2893 1469 2943 8,
1493 2893 1530 2932 ὅ.
