1992 3186
520 128 827 172 DEMONST.
858 128 1078 171 EVANG.
1111 130 1187 170 VI.
1223 131 1287 174 18.
1321 128 1389 170 19.
1652 126 1756 178 399

146 242 425 316 λήφαμεν;
467 247 550 300 53.
585 240 866 315 πρόδηλον
899 243 960 299 δὲ
991 246 1223 311 καὶπῶς
1248 242 1355 300 ἀπὸ
1380 247 1474 315 τῆς
1496 245 1596 300 τοῦ
1630 252 1754 316 Χρι-

145 331 278 384 στοῦ
329 331 426 383 τοῦ
478 330 617 384 θεοῦ
669 333 1040 400 προσηγορίας
1091 325 1150 384 τό
1190 329 1542 401 Χριστιανῶν
1581 324 1753 400 ὄνομα

145 412 450 483 κατέπλησε
478 408 582 482 τὴν
611 415 796 467 πᾶσαν
835 413 1191 484 οἰκουμένην·
1246 407 1276 469 ὂ
1305 413 1398 468 καὶ
1429 409 1564 468 αὐτὸ
1595 418 1752 484 παρί-

144 513 338 568 στησιν
367 493 396 551 ὁ
427 492 661 566 φάσκων
690 494 848 567 λόγος
873 491 999 551 “uoci
1033 493 1092 552 τὸ
1122 493 1295 569 ὄνομα
1327 492 1497 553 αὐτοῦ
1529 499 1622 567 ἓν,
1657 519 1752 551 κυ-

97 608 117 640 5
143 581 316 636 κλοῦν
345 581 530 636 πᾶσαν
567 576 670 650 τὴν
711 582 817 651 γῆν
864 580 956 636 καὶ
987 577 1089 651 τὴν
1120 576 1378 653 ἔρημον.”
1449 581 1542 636 καὶ
1572 580 1658 635 σοὶ
1692 579 1753 635 δὲ

142 666 232 720 ἐπὶ
271 667 468 736 σχολῆς
509 664 774 735 παρέσται
815 661 1049 736 ἑκάστην
1080 670 1446 735 βασανίσαντι
1482 665 1630 730 λέξιν
1662 664 1750 718 ἐπὶ

142 745 381 814 πλάτους
411 752 697 821 θεωρῆσαι
726 745 792 804 τὰ
822 750 1146 819 νενοημένα.

683 967 815 1025 Ἀπὸ
845 972 942 1025 τοῦ
975 968 1210 1043 Βαρούχ.

267 1091 389 1140 ΧΙΧ.
418 1076 446 1099 “
464 1086 556 1146 Τίς
586 1077 759 1152 ἆνέβη
792 1085 870 1146 εἰς
901 1077 998 1136 τὸν
1028 1079 1271 1153 οὐρανὸν
1302 1082 1393 1137 καὶ
1419 1086 1619 1152 ἔλαβεν
1649 1077 1746 1136 αὐ-
1772 1107 1860 1147 (295)

76 1194 115 1225 ιο
138 1162 239 1237 τὴν
271 1160 457 1244 (δηλοῖ
489 1164 550 1221 δὲ
580 1162 682 1236 τὴν
713 1163 943 1237 σοφίαν)
976 1166 1069 1221 καὶ
1092 1170 1460 1237 κατεβίβασεν
1484 1160 1659 1236 αὐτὴν
1690 1168 1750 1221 ἐκ

137 1251 248 1306 τοῖν
286 1252 567 1321 νεφελῶνς
619 1254 700 1314 τίς
751 1251 909 1321 διέβη
960 1250 1137 1322 πέραν
1185 1253 1280 1321 τῆς
1319 1247 1606 1320 θαλάσσης
1656 1250 1748 1304 καὶ

139 1323 303 1406 εὗρεν
333 1330 510 1403 αὐτὴν
550 1334 641 1389 καὶ
671 1341 809 1389 οἴσει
853 1330 1027 1404 αὐτὴν
1056 1339 1289 1406 χρυσίου
1322 1335 1605 1402 ἐκλεκτοῦς
1647 1331 1750 1389 οὐκ

139 1422 290 1473 ἔστιν
319 1411 348 1473 ὁ
380 1414 672 1487 γινώσκων
699 1413 802 1488 τὴν
831 1411 965 1473 ὁδὸν
995 1414 1191 1489 αὐτῆς,
1233 1413 1357 1474 οὐδ’
1403 1415 1432 1473 ὁ
1467 1417 1750 1489 ἐνθυμού-

138 1523 302 1572 μενος
330 1499 433 1571 τὴν
459 1505 653 1571 τρίβον
683 1498 881 1572 αὐτῆς,
927 1497 1065 1556 ἀλλὰ
1095 1498 1123 1556 ὁ
1157 1500 1318 1566 εἰδώς
1356 1499 1421 1557 τὰ
1453 1500 1631 1556 πάντα
1662 1525 1749 1571 γι-

75 1609 116 1641 15
138 1583 338 1641 νώσκει
379 1582 581 1656 αὐτὴν,
625 1586 846 1655 ἐξεῦρεν
886 1581 1062 1654 αὐτὴν
1101 1586 1170 1657 τῇ
1208 1585 1430 1640 συνέσει
1470 1581 1656 1640 αὐτοῦ.
1718 1584 1747 1640 ὁ

138 1666 550 1733 κατασκευάσας
580 1666 682 1739 τὴν
711 1672 818 1739 γῆν
853 1673 930 1734 εἰς
965 1665 1060 1723 τὸν
1083 1671 1259 1724 αἰῶνα
1290 1666 1491 1742 χρόνον
1523 1668 1747 1740 ἐνέπλη-

137 1772 237 1809 σεν
267 1748 443 1823 αὐτὴν
465 1753 683 1823 κτηνῶν
707 1750 1075 1823 τετραπόδων.
1117 1747 1145 1807 ὁ
1170 1748 1521 1808 ἀποστέλλων
1538 1744 1597 1807 τὸ
1628 1754 1747 1822 φῶς

136 1837 228 1892 καὶ
259 1833 578 1910 πορεύεται·
628 1832 886 1892 ἐκάλεσεν
916 1832 1079 1907 αὐτὸ,
1122 1837 1213 1891 καὶ
1242 1831 1565 1906 ὑπήκουσεν
1595 1835 1744 1910 αὐτῷ

136 1918 347 1996 τρόμῳ,
379 1921 471 1976 καὶ
499 1923 556 1976 οἱ
580 1915 803 1991 άστέρες
835 1924 1086 1992 ἔλαμψαν
1111 1922 1172 1976 ἐν
1193 1933 1313 1986 ταῖς
1336 1928 1612 1992 φυλακαῖς
1644 1915 1746 1976 αὖ-
1771 1948 1792 1980 b

75 2029 115 2061 20
138 2007 275 2075 τῶν,
309 2006 400 2059 καὶ
429 2001 867 2076 ηὐφράνθησαν,
902 2001 1161 2060 ἐκάλεσεν
1191 2001 1410 2076 αὐτούς,
1443 2005 1535 2059 καὶ
1567 2002 1741 2074 εἷπον,
1766 2029 1855 2071 [183]

137 2085 444 2161 πάρεσμεν·
475 2092 524 2144 2.
547 2093 800 2160 ἔλαμψαν
820 2086 956 2160 μετὰ
981 2085 1330 2160 εὐφροσύνης
1354 2089 1432 2164 τςὸ
1454 2085 1746 2158 ποιήσαντι

138 2169 354 2238 αὐτούς.
419 2163 576 2237 οὗτος
607 2167 635 2227 ὁ
666 2164 796 2238 θεὸς
827 2169 1012 2244 ἡμῶν,
1043 2167 1112 2227 οὐ
1140 2170 1532 2243 λογισθήσεται
1564 2173 1746 2241 ἕτερος

136 2253 272 2329 πρὸς
302 2252 499 2327 αὐτὸν,
535 2258 719 2327 ἐξεῦρε
750 2259 935 2312 πᾶσαν
964 2251 1100 2312 ὁδὸν
1131 2253 1449 2328 ἐπιστήμης,
1481 2256 1572 2311 καὶ
1605 2259 1746 2311 ἔδω-

138 2362 235 2396 κεν
279 2336 457 2410 αὐτὴν
490 2338 684 2411 Ἰακώβ
727 2345 802 2416 τῷ
856 2341 1015 2396 παιδὶ
1063 2337 1238 2396 αὐτοῦ
1277 2341 1369 2396 καὶ
1400 2336 1618 2411 Ἰσραὴλ
1668 2338 1747 2411 τῷ

75 2447 116 2478 25
137 2419 471 2499 ἠγαπημένῳ
494 2421 591 2480 ὑπ’
621 2421 811 2481 αὐτοῦ.
854 2423 989 2496 μετὰ
1013 2426 1183 2480 ταῦτα
1204 2424 1290 2479 ἐπὶ
1314 2428 1409 2494 τῆς
1432 2424 1531 2492 γῆς
1556 2418 1742 2492 ὤφθη,

141 2507 231 2561 καὶ
261 2520 374 2572 τοῖς
404 2504 725 2578 ἀνθρώποις
757 2502 1239 2578 συνανεστράφη.”

270 2585 456 2646 Οὐδὲν
487 2593 762 2662 ἐπιλέγειν
793 2597 883 2648 δεῖ
907 2605 1025 2657 ταῖς
1047 2596 1231 2655 θείαις
1253 2601 1467 2661 φωναῖς
1499 2591 1791 2658 ἐναργῶς-ο

139 2674 216 2746 τῷ
246 2671 590 2745 προβλήματι
619 2677 1064 2748 παρισταμέναις.

254 2866 278 2904 9
310 2865 410 2906 Bar.
436 2866 475 2915 3,
498 2865 567 2904 29.
