1992 3186
247 114 352 175 392
932 121 1181 164 EUSEBII

246 236 463 314 ἄρκτον.
523 243 605 294 28.
639 235 816 308 πάντη
840 236 943 309 γὰρ
966 238 1060 293 καὶ
1082 242 1364 309 πανταχοῦ
1393 235 1420 294 ὁ
1453 235 1855 311 σημαινόμενος

247 323 516 397 τροπικῶς
546 323 645 378 τοῦ
673 325 872 394 κυρίου
904 317 1105 376 ἐλαιῶν
1134 317 1168 392 ἡ
1204 322 1462 394 ἐκκλησία
1485 318 1656 380 αὐτοῦ
1686 346 1855 379 κατα-

247 404 600 478 πεφύτευται.
675 402 910 461 δύναται
951 404 1012 460 δὲ
1052 405 1144 460 καὶ
1182 403 1318 461 κατὰ
1365 404 1618 463 διάνοιαν
1655 403 1721 462 τᾶ
1763 408 1854 462 ἐπὶ

245 492 341 562 τῆς
380 494 477 545 τοῦ
511 492 749 561 Χριστοῦ
796 489 1082 560 ἐκκλησίας
1127 485 1397 560 γενόμενά
1441 513 1499 547 τε
1544 491 1635 546 καὶ
1682 492 1851 546 εἰσέτι

245 578 353 630 νῦν
383 569 646 645 γινόμενα
675 578 946 645 σχίσματα
986 573 1076 628 καὶ
1107 570 1201 638 τᾶς
1233 573 1470 645 αἱρέσεις
1509 571 1603 639 τάς
1632 596 1692 629 τε
1722 570 1854 644 ἠθι-
1876 596 1900 630 5

246 655 343 722 κάς
367 680 504 712 κατα
526 653 622 712 τὸν
647 660 772 726 βίον
794 652 1141 722 ᾶποπτεόσεις
1158 661 1502 713 αἰνίττεσθαι
1526 659 1851 729 σχισθέντα

246 742 385 812 φησὶ
435 735 584 840 γὰρ
587 737 671 796 τὸ
722 738 850 813 ὄρος
896 738 1324 812 διαστήσεσθαι,
1376 739 1436 797 τὸ
1477 738 1647 813 ἥμισυ
1687 738 1859 797 αὐτοῦ

247 823 383 925 πρὸς
423 820 693 890 ᾶνατολας
734 825 826 880 καὶ
865 822 927 880 τὸ
967 821 1138 896 ἥμισυ
1169 820 1344 881 αὐτοῦ
1377 822 1513 898 πρὸς
1542 820 1855 896 θαλασσαν,

247 931 375 981 χαος
425 910 580 981 μέγα
606 906 853 981 σφόδρα,
906 910 998 964 καὶ
1036 915 1217 965 κλινει
1251 905 1312 964 τὸ
1354 905 1524 981 ἥμισυ
1553 910 1654 965 τοῦ
1691 905 1856 981 ὅρους

138 1017 227 1058 (290)
247 1015 382 1066 προς
411 989 507 1049 τὸν
551 995 762 1065 βορρᾶν
803 993 894 1048 καὶ
932 989 992 1048 τὸ
1034 990 1204 1064 η’μισυ
1248 990 1418 1049 αὐτοῦ
1458 991 1594 1066 πρὸς
1634 987 1837 1063 νότον,’
1881 1017 1921 1050 10

248 1100 320 1142 ως
353 1082 430 1142 εἰς
459 1078 700 1149 τέσσαρα
730 1077 867 1149 μέρη
902 1079 1270 1149 διαιρεῖσθαι,
1305 1074 1405 1132 δύο
1435 1076 1538 1148 μὲν
1567 1100 1632 1132 τα
1663 1073 1857 1148 σεμνό-

246 1183 378 1233 τερα
417 1161 508 1216 καὶ
550 1166 808 1231 κρείττω,
853 1157 953 1216 δύο
995 1161 1057 1216 δὲ
1097 1157 1161 1216 τᾶ
1204 1162 1441 1216 ἐναντία.
1514 1163 1598 1216 29.
1633 1161 1724 1215 καὶ
1755 1157 1857 1232 ὅρα

246 1243 321 1317 μή
352 1266 483 1301 ποτε
517 1241 607 1300 δια
637 1241 848 1300 τούτων
888 1243 947 1299 τὸ
990 1244 1094 1316 μὲν
1123 1241 1258 1316 πρὸς
1302 1241 1570 1309 ἀνατολὰς
1601 1245 1692 1299 καὶ
1722 1241 1857 1315 πρὸς

250 1326 412 1385 νότον
445 1326 545 1384 δύο
575 1325 822 1400 τάγματα
853 1333 1108 1400 σημαίνει
1130 1330 1243 1383 τῶν
1271 1329 1368 1398 τῆς
1399 1326 1535 1382 κατὰ
1559 1319 1698 1384 θεὸν
1727 1348 1857 1400 προ-

249 1416 420 1483 κοπῆς
453 1413 888 1483 ἐπειλημμένων,
921 1416 983 1468 ἓν
1014 1412 1115 1484 μὲν
1137 1416 1251 1468 τῶν
1275 1413 1334 1468 ἐν
1355 1412 1558 1482 γνώσει
1589 1413 1681 1467 καὶ
1711 1408 1856 1486 λόγῳ
1880 1432 1922 1466 15

249 1497 342 1552 καὶ
372 1509 486 1561 τοῖς
517 1502 727 1560 λοιποῖς
769 1497 868 1550 τοῦ
909 1500 1072 1552 θείου
1103 1492 1412 1567 πνεύματος
1444 1500 1740 1567 χαρίσμασι
1769 1517 1860 1551 τε-

247 1580 606 1652 λειουμένων,
637 1577 878 1652 θάτερον
903 1579 966 1636 δὲ
988 1583 1099 1635 τῶν
1134 1576 1224 1635 δια
1255 1585 1383 1651 βίου
1408 1577 1858 1650 κατορθοῦντων,

250 1666 311 1721 ἐν
350 1665 602 1735 ἐκλογαῖς
645 1685 709 1734 γε
750 1660 859 1735 μὴν
902 1661 1316 1735 διατριβόντων.
1389 1667 1472 1718 30.
1504 1660 1572 1718 τᾶ
1605 1662 1665 1718 δὲ
1696 1659 1859 1719 λοιπᾶ

249 1745 352 1804 δύο
381 1748 522 1820 μέρη
559 1749 674 1804 τῶν
712 1748 997 1820 προτέρων
1029 1748 1333 1821 διῃρημένα
1365 1755 1449 1817 εἴη
1490 1742 1585 1816 ἂν,
1627 1745 1687 1801 τὸ
1721 1742 1858 1801 κατὰ

199 1858 222 1891 b
249 1828 545 1887 θάλασσαν
575 1833 665 1887 καὶ
698 1829 833 1903 πρὸς
864 1834 1094 1902 βορρᾶν,
1126 1827 1411 1902 ᾶμφότερα
1438 1828 1572 1901 πρὸς
1595 1831 1665 1902 τῇ
1693 1834 1857 1902 κακίᾳ
1880 1852 1922 1884 20

248 1913 639 1987 σημαινόμενα.
694 1909 840 1969 “dub
871 1911 1173 1984 προσώπου
1205 1910 1309 1984 γὰρ
1342 1911 1547 1985 (φησὶ)’
1561 1915 1737 1984 βορρᾶ
1768 1916 1859 1968 ἐκ-

249 1996 595 2069 καυθήσεται
633 2021 698 2052 τα
739 1997 880 2052 κακὰ
923 1998 1011 2052 ἐπὶ
1053 2019 1261 2060 παντας
1299 1994 1427 2060 τοὺς
1468 1999 1859 2061 κατοικοῦντας

247 2081 350 2152 τὴν
379 2086 515 2151 γῆν
530 2076 558 2097 ”
614 2076 644 2135 ὅ
674 2103 732 2136 τε
765 2077 985 2151 δρακων
1018 2082 1107 2135 ἐπὶ
1137 2081 1231 2150 τῆς
1254 2077 1541 2150 θαλάσσης
1572 2089 1860 2136 ποιεῖσθαι

248 2163 344 2230 τὰς
377 2160 660 2236 διατριβας
700 2165 930 2234 λέγεται.
1004 2167 1086 2219 31.
1122 2161 1260 2219 ὥστε
1304 2161 1525 2228 εἰκότως
1564 2159 1859 2219 κάνταῦθα

249 2253 361 2304 τῶν
391 2245 498 2303 ἀπὸ
529 2249 623 2317 τῆς
656 2248 946 2318 ἐκκλησίας
975 2244 1400 2303 ἀποπιπτόντων
1433 2245 1533 2302 δύο
1563 2244 1731 2302 πάλιν
1761 2251 1855 2317 δη·
1879 2269 1923 2301 25

249 2334 490 2389 λοῦσθαι
518 2328 783 2402 τρόπους,
823 2328 920 2387 τόν
949 2354 1007 2386 τε
1037 2328 1174 2385 κατὰ
1215 2329 1274 2386 τὸ
1305 2321 1442 2400 ἦθος
1473 2327 1858 2401 ἁμαρτάνοντα

250 2416 343 2471 καὶ
373 2413 470 2471 τὸν
491 2416 586 2486 τῆς
600 2410 795 2486 ’ὑγιοῦς
820 2416 911 2470 καὶ
933 2411 1240 2486 ὀρθοδόξου
1270 2410 1527 2483 γνώσεως
1553 2415 1858 2480 ἐξολισθαί-

250 2522 438 2570 νοντα,
472 2496 543 2564 (ὃς
576 2497 718 2554 εἶναι
747 2496 945 2563 ταύτας
969 2499 1068 2554 τοῦ
1099 2498 1442 2568 δηλουμένου
1466 2498 1566 2552 τοῦ
1597 2498 1858 2562 ἐλαιῶνος

248 2579 412 2652 ὅρους
451 2579 545 2647 τᾶς
589 2579 697 2639 ὑπὸ
729 2586 824 2653 τῆς
855 2586 1190 2655 προφητείας
1222 2581 1599 2652 αἰνιττομένας
1631 2577 1859 2636 διαστά-

251 2684 380 2730 σεις.
1879 2684 1922 2716 30

364 2858 414 2895 -21
448 2857 541 2895 Jer.
567 2860 604 2906 1,
630 2858 696 2894 ιι.
871 2859 923 2895 22
956 2858 1031 2900 Es.
1057 2858 1124 2906 27,
1152 2858 1187 2895 1.
