1946 3158
211 139 314 191 202
885 139 1133 180 EUSEBII

210 254 555 322 ἀκολούθους
599 253 905 326 ἐκτήσατο,
935 253 1243 326 ἐμπνεύσας
1287 251 1472 319 αὐτοῖς
1524 253 1814 328 δυνάμεως

209 348 397 412 θείας,
428 342 628 413 μένους
658 362 716 395 τε
747 341 836 394 καὶ
869 336 1115 409 θάρσους
1149 337 1456 411 ἐμπλήσας,
1500 341 1592 395 καὶ
1625 337 1693 411 δὴ
1723 336 1814 395 οἷά

208 448 289 490 τις
321 421 543 496 άληθῶς
583 425 724 479 θεοῦ
761 420 920 494 λόγος
951 423 1042 478 καὶ
1074 420 1237 487 αὐτὸς
1267 421 1427 494 θεὸς,
1469 421 1814 495 τηλικούτων

208 508 514 581 θαυμάτων
576 504 828 579 ποιητὴς,
893 508 1105 580 νοερῶν
1166 503 1368 573 αὐτοὺς
1420 508 1511 562 καὶ
1575 509 1814 579 λογικῶν

210 596 404 665 ψυχῶν
467 589 744 663 θηρευτὰς
805 588 1037 662 ποιήσας
1057 634 1071 662 ,
1137 595 1299 663 ἔργον
1360 614 1418 647 τε
1481 593 1695 657 ἐπιθεὶς
1745 592 1816 665 τῇ
1836 614 1856 646 5

208 680 369 750 φωνῇ
434 679 499 749 τῇ
552 673 581 695 “
602 681 792 747 δεῦτε,
846 672 1210 731 ἀκολουθεῖτέ
1263 698 1384 747 μοι,
1437 675 1529 730 καὶ
1601 674 1812 747 ποιήσω
1940 668 1946 702 ³

207 762 347 833 ὑμᾶς
369 756 541 827 ἁλιεῖς
565 755 914 833 άνθρώπων”
939 758 1183 833 φησάσῃ,
1216 756 1354 831 ὁμοῦ
1377 781 1435 815 τε
1461 756 1690 830 ἐργάτας
1721 760 1814 816 καὶ
1942 709 1946 845 ἕ

119 871 184 913 [83]
213 843 578 911 διδασκάλους
619 841 821 909 αὐτοῦς
861 840 1147 915 εὐσεβείας
1192 841 1666 917 ἀπειργασμένους
1705 841 1814 916 ἤδη
1942 853 1946 955 l

209 930 298 985 καὶ
333 935 408 995 εἰς
441 927 620 986 πάντα
649 926 715 985 τά
746 934 885 1000 ἔθνη
919 929 1274 1000 διεπέμπετο,
1317 926 1562 1000 κήρυκας
1592 925 1813 984 ἀναδεί-

162 1038 183 1070 d
209 1016 300 1081 ξας
340 1017 434 1085 τῆς
478 1009 650 1070 αὑτοῦ
684 1018 1057 1078 διδασκαλίας.
1130 1017 1177 1069 9.
1211 1013 1303 1068 καὶ
1343 1019 1424 1078 τίς
1455 1008 1557 1068 οὐκ
1593 1008 1666 1067 ἂν
1699 1014 1811 1079 ἐξε-
1836 1035 1877 1067 10

208 1095 390 1170 πλάγη
431 1100 522 1154 καὶ
563 1094 868 1170 ἠπίστησεν
908 1094 977 1153 ἄν
1019 1094 1238 1162 εἰκότως
1278 1099 1350 1172 τῷ
1392 1094 1685 1172 παραδόξῳ
1716 1101 1814 1153 τοῦ

208 1181 514 1254 θαύματος,
545 1180 634 1239 ὅτε
663 1183 855 1254 μηδεὶς
885 1182 986 1254 μὲν
1016 1183 1127 1237 τῶν
1157 1178 1377 1237 πώποτε
1404 1184 1464 1237 ἐν
1493 1178 1814 1253 ἀνθρώποις

208 1268 524 1339 γενομένων
566 1268 882 1338 διαφανεὸν,
925 1264 997 1337 μὴ
1039 1263 1327 1336 βασιλεὺς,
1375 1262 1449 1337 μὴ
1489 1266 1813 1337 νομοθέτης,

208 1350 281 1423 μὴ
314 1348 645 1423 φιλόσοφος,
677 1347 1003 1422 μὴ’Έλλην,
1037 1348 1110 1421 μὴ
1142 1347 1451 1421 βάρβαρος,
1483 1347 1734 1405 τοιοῦτόν
1763 1373 1814 1405 τι

211 1436 531 1506 διανοηθεὶς
575 1438 898 1505 ἱστορεῖται,
940 1429 1063 1489 ἀλλ’
1107 1429 1229 1489 οὐδ’
1269 1439 1345 1498 εἰς
1377 1438 1693 1505 φαντασίαν
1725 1436 1815 1489 έλ-
1837 1455 1878 1487 15

206 1516 330 1575 θεὸν
360 1522 459 1575 τοῦ
487 1524 905 1591 παραπλησίου;
938 1514 1223 1589 άγαπητὸν
1251 1515 1356 1590 γὰρ
1391 1515 1602 1592 ἑκάστῳ
1633 1509 1732 1588 ἦν,
1767 1522 1817 1573 εί

207 1605 298 1659 καὶ
332 1604 418 1659 ἐπὶ
449 1600 620 1675 μόνης
661 1608 755 1673 τῆς
787 1607 991 1667 οἰκείας
1032 1605 1130 1674 γῆς
1161 1599 1220 1658 τὸ
1261 1606 1469 1658 οἰκεῖον
1501 1598 1815 1673 ἐπάγγελμα

207 1687 606 1760 συνεστήσατο,
639 1689 730 1742 καὶ
760 1685 886 1793 τοὺς
917 1689 1095 1751 καλῶς
1128 1691 1275 1758 ἔχειν
1305 1688 1579 1757 φανέντας
1611 1683 1814 1756 νόμους

251 1766 554 1793 xxxxxx

98 1883 187 1922 (136)
178 1854 234 1922 )ὁ
269 1856 330 1912 δε
360 1856 535 1928 μηδεν
573 1853 787 1927 θνητὸν
825 1878 912 1910 και
957 1851 1319 1926 ἀνθρώπινον
1360 1851 1731 1924 διανοηθεὶς
1712 1851 1814 1924 όρα
1836 1875 1877 1908 20

210 1945 261 1996 εἰ
289 1939 362 2012 μὴ
395 1938 466 2005 ὡς
497 1936 721 2010 άληθῶς
751 1941 893 1994 θεοῦ
909 1935 1077 1993 πάλιν
1100 1934 1377 2009 προήκατο
1402 1936 1616 2010 φωνὴν,
1650 1933 1815 1994 αύτο-

206 2025 348 2090 λεξεὶ
380 2022 561 2094 φήσας
594 2035 704 2087 τοῖς
737 2019 1140 2087 εὐτελεστάτοις
1171 2024 1403 2087 ἐκείνοις
1427 2019 1600 2078 αὐτοῦ
1628 2031 1815 2094 μαθη-

205 2119 324 2171 ταῖς
346 2104 755 2179 “πορευθέντες
775 2104 1161 2178 μαθητεύσατε
1192 2103 1370 2163 πάντα
1400 2104 1466 2161 τὰ
1497 2103 1689 2177 ἔθνη.”
1729 2109 1810 2162 10.

206 2191 300 2246 καὶ
330 2193 464 2262 πῶς,
497 2189 655 2247 εἶπον
684 2185 753 2246 άν
783 2195 840 2246 οι
865 2191 1109 2262 μαθηταὶ
1138 2213 1213 2246 τω
1249 2188 1582 2246 διδασκάλω
1594 2187 1813 2254 πάντως

207 2296 315 2331 που
346 2272 807 2347 ἀποκρινάμενοι,
839 2271 998 2330 τοῦθ’
1033 2269 1168 2347 ἡμῖν
1199 2278 1349 2330 ἔσται
1381 2271 1651 2343 δυνατόν;
1696 2295 1812 2338 πως
1835 2292 1877 2326 25

206 2382 310 2430 γαρ
335 2354 639 2431 Ρωμαίοις,
672 2361 859 2430 φέρε,
878 2356 1212 2429 κηρύξομεν;
1245 2379 1360 2424 πως
1394 2358 1453 2413 δε
1485 2362 1813 2427 Αἰγυπτίοις

209 2441 721 2515 διαλεχθησόμεθα;
754 2448 886 2516 ποία
918 2442 978 2498 δὲ
1009 2439 1328 2513 χρησόμεθα
1368 2442 1507 2508 λέξει
1539 2438 1672 2513 πρὸς
1689 2438 1812 2497 ’Έλ-

206 2534 406 2599 ληνας,
447 2525 647 2601 ἄνδρες
685 2530 751 2601 τῇ
782 2525 990 2599 Σύρων
1023 2525 1383 2598 ἐντραφέντες
1423 2523 1566 2598 μόνῃ
1613 2526 1810 2597 φωνῇ;

210 2614 289 2667 11.
323 2612 544 2685 Πέρσας
585 2612 645 2668 δὲ
683 2612 774 2667 καὶ
816 2607 1160 2683 Ἀρμενίους,
1205 2611 1297 2665 καὶ
1338 2613 1677 2681 Χαλδαίους,
1720 2609 1812 2664 καὶ

209 2693 469 2766 Σκύθας,
511 2697 601 2751 καὶ
628 2692 861 2767 Ἰνδούς,
903 2695 994 2750 καὶ
1038 2703 1092 2750 εἴ
1115 2717 1238 2750 τινα
1268 2692 1567 2767 βαρβάρων
1598 2696 1810 2765 γένοιτο
1832 2713 1874 2745 30

319 2888 371 2927 23
401 2887 566 2930 Matth.
591 2888 658 2939 28,
683 2890 747 2929 19.
