1946 3158
612 102 920 143 DEMONST.
952 102 1176 144 EVANG.
1209 102 1243 144 Ι.
1282 104 1322 143 7.
1701 100 1772 154 55

163 226 240 287 εἰς
270 215 519 292 κεφαλὴν
549 222 769 290 γωνίας.
831 214 979 287 παρὰ
1009 223 1207 289 κυρίου
1241 218 1455 287 ἐγένετο
1488 216 1646 291 αὕτη,
1679 220 1772 275 καὶ

166 311 276 362 ἔστι
308 302 605 374 θαυμαστὴ
639 305 698 358 ἐν
727 298 1041 374 ὀφθαλμοῖς
1070 296 1280 373 ῆμῶν.”

294 392 374 444 17.
395 385 575 444 ’Ἐνθα
616 389 807 457 σαφῶς
848 379 908 443 τὸ
941 383 1127 458 λόγιον
1167 387 1259 442 καὶ
1289 383 1393 458 τῆν
1425 389 1484 443 ἐκ
1513 389 1615 444 τοῦ
1638 385 1770 444 Ἰου·
1796 416 1864 457 (28)

167 476 340 529 δαίων
380 478 583 538 ἔθνους
625 468 954 543 ἐπιβουλὴν,
1009 467 1080 542 ἣν
1118 473 1406 528 πέπονθεν
1444 469 1472 527 ὁ
1513 471 1773 540 θεσπιζό-
1798 496 1864 539 [20]

119 582 140 615 5
163 581 346 630 μενος,
379 555 738 628 διεσάφησεν,
771 551 1294 628 ἀποδοκιμασθῆναι
1315 557 1416 629 μὲν
1443 554 1615 613 αὐτὸν
1638 556 1775 630 πρὸς

162 647 275 699 τῶν
303 640 399 698 τὸν
429 638 667 698 παλαιὸν
695 655 882 711 τοῖχον
913 639 1376 713 οἰκοδομούντων,
1409 647 1775 714 γραμματέων

162 730 332 783 τινῶν
365 727 456 782 καὶ
491 731 814 798 Φαρισαίων
857 720 1158 798 ἀρχιερέων
1195 749 1253 782 τε
1284 728 1376 782 καὶ
1407 724 1634 784 πάντων
1662 730 1776 783 τῶν

163 809 312 883 παρὰ
338 807 622 877 Ἰουδαίοις
663 806 974 882 άρχόντων,
1015 813 1229 882 φῆναν’
1264 808 1433 882 ’πλὴν
1473 809 1612 867 ἀλλὰ
1641 809 1777 884 μετὰ

162 893 263 968 τὴν
296 899 347 962 ἐξ
381 899 609 952 ἐκείνων
648 892 872 967 ἀτιμίαν
913 897 1004 950 καὶ
1045 892 1330 965 ἀποβολὴν
1359 903 1642 953 θεσπίσαν
1673 893 1778 952 αύ-

100 1007 141 1038 10
165 979 261 1037 τὸν
293 978 630 1053 γενήσεσθαι
672 985 749 1045 εἰς
791 978 1042 1051 κεφαλὴν
1073 985 1308 1051 γωνίας,
1340 976 1582 1053 ἀρχηγὸν
1613 1005 1776 1037 κατα-

163 1063 367 1121 στάντα
397 1067 492 1136 τῆς
524 1068 718 1136 καινῆς
752 1062 1026 1136 διαθήκης
1069 1061 1392 1129 ἀκολούθως
1422 1079 1540 1130 ταῖς
1570 1064 1777 1122 ἀποδο-

160 1155 379 1214 θείσαις
438 1155 720 1222 θεωρίαις.
814 1153 896 1204 18.
950 1145 1164 1205 ούκοῦν
1225 1145 1565 1215 ἀποστάντες
1617 1146 1776 1222 ἡμεῖς
1799 1175 1820 1207 b

155 1229 518 1306 Ἑλληνισμοῦ
575 1231 678 1290 οὐκ
743 1236 837 1303 ἐπὶ,
876 1231 1223 1306 Ἰουδαϊσμὸν
1271 1232 1778 1307 καταπεπτώκαμεν

163 1316 322 1388 οὐδὲ,
375 1316 771 1391 ἀποδεχόμενοι
819 1314 919 1375 τὸν
972 1319 1223 1384 Μωσέως
1274 1316 1448 1391 νόμον
1507 1320 1598 1376 καὶ
1651 1318 1778 1386 τοὺς

100 1426 141 1458 15
156 1400 430 1474 Ἑβραίων
459 1401 762 1476 προφήτας,
794 1402 868 1475 μὴ
899 1409 1152 1474 βιοῦντες
1185 1403 1245 1460 δὲ
1272 1399 1606 1475 Ἰουδαϊκῶς,
1638 1400 1778 1460 ἄλλα

164 1484 301 1543 κατὰ
330 1489 432 1559 τὴν
462 1485 567 1557 πρὸ
601 1489 852 1553 Μωσέως
893 1491 1005 1544 τῶν
1043 1490 1331 1559 θεοφιλῶν
1361 1487 1588 1560 ἀνδρῶν
1619 1496 1779 1545 πολι-

162 1577 346 1643 τείαν,
379 1577 667 1643 πταίοιμεν
698 1569 784 1628 ἄν.
850 1575 929 1627 19.
966 1569 1070 1627 κάν
1100 1570 1275 1646 τούτῳ
1306 1571 1412 1643 γὰρ
1441 1574 1654 1629 Μωσέα
1684 1573 1775 1628 καὶ

161 1653 289 1720 τούς
329 1654 445 1727 μετ’
494 1653 665 1712 αὐτὸν
703 1653 988 1728 προφήτας
1030 1653 1408 1728 ἀληθεύοντας
1438 1653 1778 1713 ἀποδείκνυ-

162 1763 291 1813 μεν,
322 1737 420 1796 τὸν
448 1735 547 1797 ὑπ’
592 1736 777 1796 αὐτῶν
817 1742 1340 1812 προκεκηρυγμένον
1369 1739 1608 1811 Χριστὸν
1638 1737 1778 1798 ἀπο-

100 1850 142 1882 20
167 1822 480 1897 δεχόμενοι,
523 1825 615 1880 καὶ
657 1822 855 1881 τούτου
886 1838 998 1890 τοῖς
1029 1823 1216 1896 νόμοις
1248 1824 1606 1897 πειθόμενοι,
1647 1824 1766 1883 κατ’

165 1918 313 1982 ἴχνος
333 1932 392 1966 τε
405 1912 500 1981 τῆς
522 1907 694 1965 αὐτοῦ
720 1913 1081 1975 διδασκαλίας
1096 1914 1314 1980 βαίνειν
1338 1907 1411 1965 δι’
1440 1908 1603 1983 εὐχῆς
1622 1911 1777 1967 τιθέ-

161 2017 346 2066 μενοι,
389 1991 538 2070 αὐτῷ
570 2002 771 2051 Μωσεῑ
808 1991 914 2050 κάν
954 1992 1131 2069 τούτῳ
1171 1995 1239 2050 τὰ
1278 2000 1416 2067 φίλα
1462 1997 1774 2061 ποιοῦντες·

163 2083 246 2134 20.
264 2075 322 2144 ὃς
347 2075 629 2149 προειπών
651 2076 733 2134 ὅτι
758 2076 1049 2151 προφήτην
1072 2076 1371 2151 ἀναστήσει
1396 2077 1583 2153 κύριος
1603 2078 1776 2146 ὁθεὸς
1807 2119 1825 2142 0

164 2160 356 2235 ὅμοιον
387 2160 536 2238 αὐτῷ
579 2165 815 2234 ἐπιλέγει
851 2161 1040 2220 “πάσα
1073 2164 1134 2219 δὲ
1166 2162 1314 2236 ψυχὴ
1354 2162 1471 2235 ἥτις
1501 2163 1575 2237 μὴ
1606 2161 1775 2221 άκού-

102 2272 144 2304 25
167 2267 318 2303 σεται
349 2252 447 2305 τοῦ
479 2245 767 2320 προφήτου
790 2250 1005 2304 ἐκείνου
1034 2247 1568 2320 ἐξολοθρευθήσεται
1601 2253 1659 2306 ἐκ
1677 2252 1776 2306 τοῦ

165 2335 362 2404 γένους
395 2330 618 2403 αὐτῆς.”
694 2328 891 2388 αὐτίκα
924 2330 1183 2390 Ἰουδαῖοι
1223 2330 1296 2405 μὴ
1338 2332 1777 2405 παραδεξάμενοι

163 2414 260 2474 τὸν
290 2415 582 2490 προφήτην
602 2461 615 2488 ,
647 2413 779 2488 μηδ’
816 2415 1222 2483 ἐπακούσαντες
1254 2414 1426 2475 αὐτοῦ
1455 2433 1567 2484 τοῖς
1598 2416 1776 2490 ἁγίοις

166 2499 377 2574 λόγοις,
431 2509 661 2575 ἔσχατον
711 2498 1017 2574 ὑπέμειναν
1060 2499 1328 2574 ὄλεθρον,
1381 2501 1666 2559 ἀκόλουθα
1709 2505 1777 2575 τῇ

168 2585 469 2686 προρρήσει
520 2583 878 2652 πεπονθότες.
961 2591 1045 2642 2Ι.
1079 2583 1208 2642 οὔτε
1247 2610 1352 2657 γαρ
1397 2583 1494 2643 τὸν
1533 2589 1780 2658 Χριστου

106 2694 147 2726 30
168 2667 341 2742 νόμον
369 2669 466 2729 τὸν
495 2675 590 2742 τῆς
622 2674 815 2742 καινῆς
847 2669 1120 2742 διαθήκης
1127 2653 1518 2741 κατεδέξαντο,
1551 2669 1682 2728 οὔτε
1712 2695 1779 2728 τα

1658 2754 1671 2776 2
1715 2752 1739 2774 Ἃ

170 2757 423 2847 Μωσέως
465 2757 891 2828 παραγγέλματα
933 2760 1058 2826 δίχα
1098 2761 1443 2828 παρανομίας
1485 2752 1599 2813 οἷοί
1623 2781 1652 2813 τ
1707 2781 1778 2814 αν

172 2838 286 2896 εἷεν
325 2838 659 2913 φυλάσσειν·
721 2833 806 2896 διὸ
848 2841 940 2896 καὶ
979 2843 1046 2912 τῇ
1076 2840 1328 2906 Μωσέως
1365 2838 1778 2914 ὑποβέβληνται
