1992 3186
269 118 374 171 686
970 116 1219 159 EUSEBH

272 237 473 308 φησὶν,
516 231 746 307 ὑμνήσω
777 250 870 303 σε,
912 230 1056 304 ὑπὲρ
1085 235 1183 288 τοῦ
1223 237 1519 305 μαθοῦσαν
1546 230 1649 304 τὴν
1685 235 1883 305 ἐκκλη-

274 327 405 377 σίαν
435 321 526 375 καὶ
565 315 888 374 ἀκούσασαν
927 313 1061 388 παρ’
1106 312 1309 388 αὐτοῦ,
1355 313 1422 373 ὃν
1462 315 1729 390 προσήκει
1757 316 1882 390 τρό-

273 426 399 475 πον,
430 399 630 475 μηκέθ’
669 397 742 467 ὥς
780 400 841 458 τὸ
880 403 1015 472 πρὶν
1044 398 1172 466 τούς
1205 406 1501 473 δαίμονας,
1546 399 1675 459 ἀλλ’
1709 400 1880 460 αὐτὸν

270 487 442 561 μόνον
472 485 571 543 τὸν
601 485 827 543 πάντων
856 483 995 543 θεὸν
1038 482 1130 541 διά
1159 488 1259 542 τοῦ
1288 491 1746 556 καταγγείλαντος
1776 485 1879 544 αὖ-,

269 571 366 629 τὸν
395 568 681 644 ἀνυμνεῖν.
745 575 859 626 100.
892 574 1064 626 ταῦτα
1087 568 1316 642 πράξειν
1336 567 1716 643 ὑποσχόμενος
1745 569 1879 642 σφό-
1903 595 1923 628 5

272 661 377 729 δρα
407 653 734 720 ἀκολούθως
767 658 1033 712 ἐντεῦθεν
1055 652 1163 727 ἤδη
1180 653 1505 729 προστάττει
1526 658 1593 728 τῇ
1619 658 1882 730 ἐκκλησίᾳ

269 743 362 797 καὶ
392 755 506 806 τοῖς
537 735 714 796 αὑτοῦ
745 736 1012 812 ἀδελφοῖς
1041 738 1246 812 ὑμνεῖν
1270 738 1367 796 τὸν
1397 740 1619 811 πατέρα.
1667 737 1754 796 διό
1776 762 1882 812 φη-

269 843 362 882 σιν
383 820 476 881 “οἱ
505 822 846 897 φοβούμενοι
875 822 972 881 τὸν
1003 823 1199 895 κύριον
1230 826 1484 881 αἰνέσατε
1516 821 1707 895 αὐτὸν,
1732 821 1882 881 ἅπαν

267 910 328 967 τὸ
371 912 587 982 σπέρμα
610 907 803 980 Ἰακὼβ
845 907 1111 976 δοξάσατε
1151 905 1336 966 αὐτόν.
1411 912 1527 965 101.
1571 910 1663 965 καὶ
1702 914 1884 981 φοβη-

267 993 534 1066 θήτωσαν
564 990 658 1050 ἀπ’
696 992 871 1050 αὐτοῦ
899 990 1049 1050 ἅπαν
1078 992 1139 1050 τὸ
1163 996 1378 1067 σπέρμα
1403 990 1640 1066 Ἰσραὴλ,
1671 990 1754 1050 ὅτι
1778 991 1880 1050 οὐκ
1902 1017 1944 1050 ιο

269 1080 644 1146 ἐξουδένωσεν
683 1075 818 1135 οὐδὲ
857 1076 1211 1151 προσώχθισε
1250 1082 1317 1151 τῇ
1360 1075 1548 1148 δεήσει
1594 1080 1695 1135 τοῦ
1731 1099 1882 1134 πτω-

154 1190 243 1231 (509)
270 1166 402 1237 χοῦ,
435 1160 568 1220 οὐδὲ
598 1160 908 1236 ἀπέστρεψε
945 1161 1005 1219 τὰ
1035 1161 1336 1232 πρόσωπον
1378 1161 1553 1219 αὑτοῦ
1591 1160 1686 1218 ἀπ’
1726 1164 1880 1234 ἐμοῦ,

266 1250 359 1305 καὶ
385 1251 444 1304 ἐν
466 1251 544 1323 τῷ
566 1250 895 1321 κεκραγέναι
918 1271 987 1320 με
1019 1239 1156 1319 π’ρὸς
1190 1245 1359 1304 αὐτὸν
1391 1244 1688 1318 εἰσήκουσέ
1712 1243 1878 1318 μου.”

268 1329 345 1389 δι’
373 1323 452 1389 ὦν
475 1336 667 1404 σαφῶς
690 1333 999 1404 παρέστησε
1021 1338 1135 1389 τῶν
1156 1333 1678 1404 προωνομασμένων
1693 1336 1881 1388 κακῶν

263 1417 368 1489 τὴν
397 1415 743 1489 ἀπαλλαγήν.
821 1421 936 1475 102.
974 1422 1024 1473 εἰ
1051 1416 1157 1489 γὰρ
1190 1421 1251 1474 ἐν
1279 1420 1356 1492 τῷ
1386 1418 1714 1488 κεκραγέναι
1743 1414 1881 1487 πρὸς
1904 1438 1944 1472 15

266 1499 437 1558 αὐτὸν
482 1500 810 1573 εἰσήκουσεν
854 1498 1056 1573 αὐτοῦ,
1098 1498 1299 1574 ηὔξατο
1343 1501 1403 1558 δὲ
1444 1504 1730 1574 ρυσθῆναι
1772 1497 1880 1557 ἀπὸ

265 1587 368 1659 μὲν
410 1590 687 1659 ῥομφαίας
727 1584 829 1659 τὴν
869 1584 1056 1659 ψυχὴν
1095 1582 1299 1658 αὑτοῦ,
1353 1589 1414 1643 ἐκ
1466 1587 1528 1642 δὲ
1570 1584 1737 1652 κυνὸς
1776 1583 1880 1657 τῂν

264 1676 537 1743 μονογενῆ
569 1666 770 1743 αὑτοῦ,
803 1674 896 1728 καὶ
927 1676 1005 1727 ἔτι
1038 1673 1097 1727 ἐκ
1119 1669 1382 1744 στόματος
1407 1671 1624 1736 λέοντος
1647 1671 1740 1726 καὶ
1771 1665 1878 1726 ἀπὸ

265 1753 512 1827 κεράτων
551 1754 953 1827 μονοκεροότων
990 1754 1094 1828 τὴν
1132 1761 1472 1811 ταπείνωσιν
1508 1753 1713 1825 αὑτοῦ,
1751 1750 1878 1809 ἀκό-

265 1838 479 1897 λουθόν
519 1843 633 1896 ἐστι
674 1854 829 1898 νοεῖν
869 1839 1081 1897 τούτων
1120 1836 1447 1911 ἀπαλλαγὴν
1485 1835 1750 1909 εὑρέσθαι
1776 1837 1878 1894 τὸν
1899 1858 1942 1891 20

219 1951 239 1982 b
264 1923 522 1996 φήσαντα
548 1921 673 1981 “gu
702 1923 777 1998 μὴ
807 1923 1201 1997 προσώχθισεν
1229 1922 1258 1978 ὁ
1288 1920 1420 1987 θεὸς
1449 1928 1516 1995 τῇ
1560 1920 1746 1993 δεήσει
1777 1918 1875 1978 αὖ·

263 2012 381 2081 τοῦ,
413 2010 553 2080 μηδὲ
583 2008 642 2065 τὸ
673 2007 977 2080 πρόσωπον
1005 2006 1353 2078 ἀπέστρεψεν
1382 2004 1478 2062 ἀπ’
1516 2007 1710 2077 αὐτοῦ,
1743 2002 1872 2062 ἀλλ’

266 2094 325 2148 ἐν
355 2095 432 2167 τῷ
476 2093 804 2164 κεκραγέναι
843 2089 1168 2162 εἰσήκουσεν
1209 2087 1439 2147 αὐτοῦ.”
1515 2095 1628 2148 103.
1664 2088 1751 2147 διὸ
1782 2091 1876 2146 καὶ

263 2170 509 2247 ὑπῆρξεν
553 2171 701 2252 αὐτῷ
749 2176 1016 2249 ρυσθέντι
1059 2178 1173 2231 τοῖν
1216 2173 1495 2232 τοσούτων
1539 2178 1631 2232 καὶ
1678 2178 1738 2231 ἐκ
1776 2178 1876 2231 τοῦ

261 2259 513 2316 θανάτου
537 2258 869 2331 διαφυγόντι
892 2265 1308 2333 συνδιατρίβειν
1328 2272 1443 2325 τοῖς
1468 2261 1669 2316 ἑαυτοῦ
1688 2269 1876 2331 μαθη-
1898 2279 1941 2314 25

261 2359 381 2411 ταῖς
410 2340 551 2417 ὁμοῦ
582 2346 672 2400 καὶ
705 2342 996 2417 ἀδελφοῖς,
1041 2345 1134 2400 καὶ
1164 2339 1366 2415 ὑμνεῖν
1398 2347 1459 2400 ἐν
1495 2346 1646 2419 μέσῳ
1678 2347 1876 2415 ἐκκλη-

264 2435 388 2496 σίας
417 2428 515 2485 τὸν
545 2431 767 2500 πατέρα.
837 2427 991 2502 τήρει
1034 2429 1095 2485 δὲ
1139 2427 1306 2485 πάλιν
1346 2426 1420 2495 ὥς
1459 2426 1678 2501 πτωχὸν
1708 2419 1875 2494 αὖθις

263 2511 462 2570 ἑαυτὸν
491 2509 785 2583 ἀποκαλεῖ,
834 2511 1148 2586 συμφώνως
1188 2526 1307 2579 ταῖς
1338 2510 1608 2584 πρότερον
1639 2534 1873 2583 παρατε-

262 2604 480 2663 θείσαις
512 2604 870 2670 προφητείαις
889 2641 903 2669 ,
939 2593 1014 2654 δι’
1050 2589 1129 2652 οἷν
1159 2598 1328 2668 πένης
1359 2598 1451 2653 καὶ
1488 2595 1700 2669 πτωχὸς
1731 2594 1874 2652 ὦνο-

261 2679 471 2752 μάζετο.
536 2686 651 2738 104.
686 2679 810 2738 ἀλλ’
847 2684 964 2738 ἐπεὶ
994 2682 1086 2736 καὶ
1115 2680 1217 2753 τὴν
1246 2679 1550 2737 ἀνάστασιν
1573 2677 1744 2736 αὑτοῦ
1777 2676 1870 2735 διὰ
1891 2699 1936 2732 30

261 2764 476 2822 τούτων
505 2768 878 2837 παρέστησεν,
910 2758 1078 2830 αὖθις
1108 2762 1244 2837 πρὸς
1267 2763 1363 2821 τὸν
1387 2766 1594 2835 πατέρα
1627 2765 1869 2835 ἐπιστρέ-

215 2884 232 2905 c
263 2872 389 2919 φων
419 2847 515 2904 τὸν
546 2848 738 2921 λόγον,
771 2847 919 2923 παρὰ
950 2853 1082 2922 σοῦ,
1115 2851 1317 2920 φησὶν,
1358 2844 1386 2903 ὁ
1419 2846 1639 2914 ἔπαινός
1671 2872 1777 2920 μου
1810 2849 1871 2903 ἐν
