1946 3158
209 122 309 174 106
889 123 1136 165 EUSEBH

196 237 504 312 ἀπειλήσας
552 262 610 296 τε
650 240 740 296 καὶ
785 238 959 296 εἰπών
997 237 1064 296 τοὶ
1116 243 1243 315 περὶ
1293 244 1389 314 τῆς
1430 247 1814 318 καταστροφῆς

198 320 391 381 αὐτῶν
421 326 513 381 καὶ
543 327 637 396 τῆς
667 325 975 390 παντελοῦς
1006 326 1230 397 ἐρημίας
1254 321 1628 401 Ἰερουσαλὴμ,
1660 329 1813 395 τέλος

203 411 298 481 τῆς
329 405 450 466 κατ’
488 405 673 465 αὐτῶν
713 413 955 480 θεωρίας
989 406 1180 481 ἐπάγει
1218 410 1396 482 λέγων
1419 406 1676 469 “ἔσονται
1707 410 1810 486 γὰρ

205 488 278 559 ὦς
308 495 631 567 τερέβινθος
655 489 1073 565 ἀποβεβληκυῖα
1097 492 1162 549 τὰ
1189 493 1394 567 φύλλα,
1419 497 1508 552 καὶ
1537 491 1609 562 ὥς
1633 494 1814 568 παραο

205 583 386 642 δεισος
424 576 578 650 ὕδωρ
618 573 691 649 μὴ
725 580 879 649 ἔχων.
955 578 1046 633 καὶ
1079 583 1227 635 ἔσται
1269 577 1301 651 ἡ
1334 577 1489 652 ἰσχῦς
1521 576 1708 637 αὐτῶν
1739 578 1811 648 ὥς
1855 597 1875 630 5

203 660 417 733 καλάμη
459 666 767 734 στυππίου,
810 663 901 717 καὶ
943 665 1002 718 αἱ
1041 663 1292 735 ἐργασίαι
1333 660 1520 721 αὐτῶν
1551 662 1623 731 ὦς
1654 683 1811 722 σπιν-

152 778 177 799 c
203 749 373 821 θῆρες
406 744 609 819 πυρὸς,
645 746 735 801 καὶ
769 746 1290 818 κατακαυθήσονται
1329 751 1386 805 οἱ
1412 745 1605 822 ἄνομοι
1637 750 1729 805 καὶ
1760 753 1816 806 οἱ

201 827 515 903 ἁμαρτωλοὶ
545 825 684 902 ἅμα,
717 831 807 886 καὶ
838 826 939 887 οὐκ
972 835 1125 888 ἔσται
1155 829 1183 888 6
1217 828 1493 904 σβέσων.”

329 917 410 970 65.
439 923 498 971 Π
498 911 797 988 εριγροῖψας
822 915 881 971 δὲ
904 917 1150 972 ἐνταῦθα
1175 913 1277 988 τὴν
1301 913 1423 973 κατ’
1448 913 1633 974 αὐτῶν
1645 915 1811 992 πρόρ-

201 1015 364 1071 ρησιν
393 996 672 1073 ὑποστολῇ
702 1001 920 1072 χρῆται·
970 1001 1074 1068 ἐξ“
1048 1002 1234 1074 ετέρας
1264 1002 1324 1058 δε
1354 993 1524 1075 αρχῆς
1549 1001 1810 1076 δευτέρας
1834 1019 1874 1052 10

199 1078 522 1150 ὑποθέσεως
564 1080 818 1156 ἅπτεται,
873 1085 965 1140 καὶ
1005 1090 1275 1161 προοιμίῳ
1319 1109 1381 1158 γε
1425 1089 1502 1162 τῷ
1532 1088 1810 1163 λεγομένῳ

199 1171 396 1242 τοιῷδε
413 1169 606 1241 χρῆται
647 1162 697 1224 ‘6
723 1165 882 1240 λόγος
905 1163 933 1224 6
960 1164 1253 1241 γενόμενος
1276 1169 1411 1243 πρὸς
1428 1165 1660 1228 Ἡσαΐαν
1684 1168 1810 1228 υιὸν

188 1249 398 1323 Ἀμώς,
451 1250 549 1307 τὸν
598 1249 890 1324 προφήτην
943 1255 1069 1325 περὶ
1108 1256 1204 1325 τῆς
1240 1250 1510 1320 Ἰουδαίας
1550 1256 1641 1311 καὶ
1682 1257 1810 1328 περὶ

191 1330 577 1410 Ἰερουσαλὴμ,
616 1330 679 1408 ἢ,
722 1359 793 1402 ως
832 1335 860 1392 ὁ
903 1335 1203 1410 Σύμμαχος
1243 1333 1623 1411 ἡρμήνευσεν,
1667 1337 1809 1412 ὑπερ

197 1423 293 1492 τῆς
319 1416 590 1487 Ἰουδαίας
633 1420 724 1477 καὶ
763 1418 904 1494 ὑπερ
934 1419 1309 1496 Ῑερουσαλήμ.
1387 1431 1521 1490 ἴσως
1563 1447 1644 1492 τις
1674 1445 1808 1481 υπο-
1832 1439 1871 1472 15

147 1525 174 1557 d
200 1503 430 1577 λήψεται
470 1505 597 1579 περὶ
630 1528 709 1561 ων
739 1527 804 1560 τα
835 1505 1146 1579 σκυθρωπα
1186 1505 1484 1580 προλαβών
1529 1508 1807 1581 ἐθέσπισε,

197 1586 409 1646 τούτων
449 1586 634 1645 αὐτῶν
673 1590 813 1664 πέρι-
837 1587 903 1646 τὰ
934 1588 1270 1666 χρηστότερα
1307 1590 1690 1664 μεταβαλόντα
1720 1594 1812 1649 λε’-

196 1696 333 1745 γειν.
396 1678 479 1730 66.
508 1669 630 1729 ἀλλ’
665 1671 768 1730 οὐκ
798 1668 868 1730 ἂν
898 1678 1072 1731 ταῦτα
1098 1677 1405 1750 ἐπιτρέψειε
1428 1674 1603 1749 φοέναι
1633 1672 1666 1748 ἦ
1698 1678 1809 1734 τῶν

198 1759 613 1831 ἐπιφερομένων
664 1754 1005 1830 ἀκολουθία,
1057 1757 1198 1832 ὑπὲρ
1242 1759 1345 1832 μὲν
1382 1766 1484 1817 τοῦ
1519 1758 1809 1818 Ἰουδαίων

199 1847 401 1908 ἔθνους
441 1838 474 1914 ἢ
515 1840 659 1914 ὑπὲρ
701 1844 801 1898 τοῦ
839 1844 1185 1915 καλουμένου
1211 1839 1424 1918 Ἰσραὴλ
1466 1843 1635 1902 οὐδὲν
1676 1843 1807 1902 οὐδὲ
1829 1862 1871 1894 20

189 1924 334 1991 -ὅλως
365 1923 602 1998 χρηστὸν
633 1927 982 1998 περιέχουσα,
1013 1925 1153 1984 οὐδέ
1171 1951 1233 1999 γε
1255 1923 1396 2002 ὑπὲρ
1420 1931 1514 2003 τῆς
1536 1928 1806 1996 Ἰουδαίας

195 2005 328 2066 οὐδὲ
358 2005 500 2079 ὑπὲρ
531 2006 913 2082 Ἰερουσαλὴμ,
958 2009 1285 2069 τούναντίον
1327 2013 1389 2070 δὲ
1427 2018 1629 2088 μυριάς
1671 2013 1807 2071 κατὰ

195 2095 296 2150 τοῦ
321 2089 536 2167 Ἰσραὴλ
565 2095 794 2166 μέμψεις
825 2096 919 2150 καὶ
948 2102 1296 2171 κατηγορίας,
1330 2094 1558 2166 ἀπειλάς
1581 2121 1640 2155 τε
1670 2096 1806 2156 κατὰ

195 2181 290 2250 τῆς
314 2173 669 2251 Ἰερουσαλὴμ
701 2178 1061 2253 σκυθρωπάς,
1093 2182 1185 2238 καὶ
1215 2180 1272 2238 τὸ
1305 2185 1438 2239 πᾶσι
1470 2195 1582 2250 τοΐζς
1613 2188 1805 2240 ἔθνεσι

196 2259 468 2335 σωτήριον
509 2263 704 2333 κλῆσιν
746 2263 837 2319 καὶ
880 2266 1092 2335 γνῶσιν
1129 2269 1228 2323 τοῦ
1268 2268 1356 2323 ἐπὶ
1396 2265 1626 2325 πάντων
1663 2269 1805 2325 θεοῦ
1826 2281 1867 2315 ‘25

196 2352 563 2419 θεσπίζουσα,
606 2346 698 2403 καὶ
740 2352 817 2404 ἔτι
848 2347 983 2420 πρὸς
1023 2347 1237 2417 τούτοις
1267 2348 1432 2425 ὅρους
1473 2349 1805 2424 ἐπιφάνειαν

196 2434 392 2488 καινοῦ
424 2432 516 2487 καὶ
546 2439 703 2489 οἴκου
733 2434 874 2488 θεοῦ
905 2433 1096 2508 ἑτέρου
1126 2433 1274 2507 παρὰ
1304 2432 1400 2492 τὸν
1442 2438 1502 2492 ἐν
1528 2431 1804 2510 Ἰερουσα-

195 2515 303 2587 λὴμ
334 2511 617 2583 ἀνάδειξιν
657 2519 981 2589 παριστᾶσα.
1052 2522 1134 2574 67.
1168 2519 1316 2590 λέγει
1347 2517 1396 2576 δ’
1446 2510 1550 2576 οῦν
1578 2517 1714 2593 μετὰ
1743 2519 1802 2577 τὸ

196 2598 370 2671 φάναι
411 2602 536 2672 περὶ
577 2601 671 2673 τῆς
706 2596 973 2668 Ἰουδαίας
1013 2603 1105 2659 καὶ
1148 2604 1271 2677 περὶ
1306 2600 1660 2678 Ἰερουσαλὴμ
1682 2601 1803 2662 “gn

101 2703 171 2746 ῑ44]
201 2688 350 2740 ἔσται
383 2687 442 2741 ἐν
482 2697 599 2751 ταῖς
645 2683 895 2758 ἐσχάταις
926 2684 1152 2762 ἡμέραις
1183 2687 1424 2760 ἐμφανὲς
1454 2685 1513 2745 τὸ
1543 2684 1669 2763 ὅρος
1702 2712 1802 2746 κυ-
1826 2701 1866 2733 30
1930 2750 1937 2758 „

310 2880 335 2917 3
366 2878 441 2919 Es.
468 2880 504 2929 l,
530 2880 596 2919 30.
773 2880 824 2919 1²2
856 2881 935 2924 Es.
967 2882 1006 2932 2,
1034 2881 1071 2921 1.
1244 2882 1298 2922 30
1329 2882 1406 2924 Es.
1430 2883 1467 2930 2,
1492 2883 1531 2922 2.
