1946 3158
550 104 856 148 DEMONST.
885 105 1106 149 EVANG.
1144 107 1227 148 111.
1261 110 1300 154 1.
1634 106 1733 159 137

124 237 238 290 τοῖς
270 221 526 295 Ἡσαΐας,
574 225 633 279 ἐκ
678 220 980 296 προσώπου
1023 227 1122 279 τοῦ
1167 227 1408 297 Χριστοῦ
1454 223 1735 296 κεκραγώς

117 303 375 381 “πνεῦμα
406 311 604 382 κυρίου
636 304 724 363 ἐπ’
763 306 883 379 ἐμὲ,
916 298 984 364 οὗ
1016 311 1228 365 εἵνεκεν
1259 308 1475 382 ἔχρισέν
1504 323 1594 381 με·
1640 305 1735 365 εύ-

125 398 524 466 αγγελίσασθοι
547 404 781 464 πτωχοῖς
805 386 1147 448 ἀπέσταλκέν
1170 414 1255 464 με,
1287 395 1517 465 κηρῦξαι
1543 398 1732 466 αἰχμα-
1766 425 1788 447 c

125 476 319 544 λώτοις
370 474 572 549 ἄφεσιν
631 476 723 532 καὶ
786 483 1018 548 τυφλοῖς
1070 474 1395 548 ἀνάβλεψιν.
1412 472 1438 493 ”
1537 475 1733 548 ἥντινα

81 586 102 618 5
127 567 473 637 προφητείαν
503 555 531 617 ὁ
557 558 741 634 σωτὴρ
765 555 923 633 ἡμῶν
948 563 1007 617 ἐν
1024 565 1089 634 τῇ
1114 565 1412 635 συναγωγῇ
1435 562 1564 618 ποτὲ
1592 566 1733 618 διελ-

123 645 251 704 θών
283 647 502 713 ἐπὶτοῦ
544 643 798 716 πλήθους
838 650 952 701 τῶν
978 641 1292 718 Ἰουδαίων,
1324 643 1529 713 πτύξας
1559 644 1619 703 τὸ
1651 653 1734 718 βι-

125 737 287 802 βλίον
319 730 474 787 εἶπεν
496 725 778 803 “σήμερον
815 727 1172 803 πεπλήρωται
1213 727 1246 801 ἡ
1283 727 1470 803 γραφὴ
1503 728 1641 802 αὕτη
1675 734 1737 788 έν

126 827 238 882 τοῖς
271 812 409 872 ῶσὶν
438 809 652 887 ύμῶν.”
715 816 762 869 2.
797 814 888 869 καὶ
933 811 1001 885 δὴ
1044 815 1276 870 ἐνθένδε
1307 811 1609 887 ἀρξάμενος
1640 820 1735 888 τῆς

125 904 332 965 οἰκείας
375 901 733 963 διδασκαλίας
774 910 1009 970 πτωχοῖς
1042 895 1417 970 εὐηγγελίζετο
1456 904 1570 956 τῶν
1598 897 1730 972 παρ’

64 1009 103 1041 10
128 980 276 1059 αὐτῶ
316 986 710 1056 μακαρισμῶν,
758 980 1077 1054 προτάττων
1107 980 1404 1055 ((μακάριοι
1447 987 1504 1039 οί
1530 985 1735 1057 πτωχοὶ

125 1073 201 1145 τῷ
233 1065 534 1140 πνεύματι,
565 1064 648 1123 ὅτι
680 1063 866 1123 αὐτῶν
898 1069 1048 1124 ε’στιν
1079 1066 1112 1139 ἡ
1143 1072 1398 1138 βασιλεία
1427 1072 1541 1124 τῶν
1571 1065 1734 1142 ούρα-

126 1148 299 1210 νῶν.”
360 1147 499 1208 ἀλλὰ
528 1152 620 1207 καὶ
642 1164 755 1217 τοῖς
777 1146 886 1208 ὑπὸ
909 1148 1244 1224 πνευμάτων
1259 1156 1521 1225 πονηρῶν
1542 1149 1732 1225 ὄχλου·
1760 1177 1834 1221 1581·

127 1238 341 1309 μένοις,
383 1233 493 1293 ὑπό
535 1258 594 1292 τε
628 1234 910 1308 δαιμόνων
939 1233 1144 1308 τρόπον
1175 1234 1536 1309 αἰχμαλώτων
1566 1235 1736 1293 πάλαι

128 1319 398 1394 πρότερον
449 1322 900 1393 κεκρατημένοις,
952 1317 1054 1392 τὴν
1104 1317 1306 1393 ἄφεσιν
1364 1318 1738 1395 προεκήρυττε
1761 1348 1783 1380 d

68 1429 107 1462 15
130 1403 262 1470 τούς
293 1402 502 1471 πάντας
545 1409 622 1470 εἰς
664 1407 994 1477 ἐλευθερίαν
1023 1405 1114 1461 καὶ
1156 1404 1321 1463 λύσιν
1350 1410 1465 1462 τῶν
1495 1401 1604 1462 ἀπὸ
1636 1429 1738 1462 κα-

131 1493 252 1556 κίας
285 1493 504 1560 δεσμῶν
546 1485 994 1560 ἀνακαλούμενος
1040 1486 1112 1544 δι’
1162 1480 1241 1545 ῶν
1272 1496 1514 1561 ἔφασκεν
1538 1485 1739 1546 “defin

129 1570 266 1646 πρός
289 1595 356 1645 με
381 1570 581 1638 πάντες
605 1575 662 1629 οἱ
681 1576 982 1639 κοπιῶντες
999 1574 1092 1628 καὶ
1115 1574 1560 1646 πεφορτισμένοι,
1585 1569 1736 1644 κᾶγῶ

129 1654 437 1714 ἀναπαύσω
468 1651 665 1729 ὑμᾶς.”
730 1660 778 1712 3.
813 1657 903 1712 καὶ
944 1664 1175 1729 τυφλοῖς
1209 1656 1268 1713 δὲ
1298 1655 1400 1729 τὴν
1430 1652 1743 1728 ἀνάβλεψιν

130 1752 422 1816 παρεῖχεν,
453 1754 567 1807 τοῖς
596 1739 692 1806 τὰς
721 1737 876 1808 ὄψεις
907 1746 1005 1797 τοῦ
1030 1738 1279 1813 σώματος
1305 1743 1741 1815 διεφθαρμένοις

66 1822 189 1884 20τό
228 1827 456 1898 βλέπειν
503 1822 884 1899 δωρούμενος,
932 1823 1068 1882 κατὰ
1114 1822 1368 1882 διάνοιαν
1411 1839 1525 1891 τοῖς
1570 1824 1742 1882 πάλαι

128 1911 254 1985 περὶ
285 1907 388 1982 τὴν
417 1907 690 1982 ἀλήθειαν
719 1907 1096 1982 ἀναβλέπουσι
1126 1908 1186 1966 τὸ
1217 1915 1335 1982 φῶς
1366 1915 1461 1981 τῆς
1491 1910 1743 1982 ἀληθοῦς

131 1991 414 2067 εὐσεβείας
452 1995 710 2068 παρέχων
748 1991 900 2068 ὁρᾶν.
969 1991 1068 2052 τὸν
1109 1993 1212 2068 μὲν
1250 1985 1352 2051 οὗν
1391 1995 1634 2068 Χριστὸν
1679 1997 1743 2052 ἐν

128 2077 365 2154 πρώτοις
396 2076 680 2151 αὐθέντην
719 2079 811 2135 καὶ
834 2076 1078 2154 ἀρχηγὸν
1122 2083 1350 2136 ἔσεσθαι
1380 2084 1475 2150 τῆς
1507 2075 1741 2152 εὐαγγε-

130 2170 284 2238 λικής
326 2167 700 2238 πραγματείας
738 2161 773 2235 ἡ
814 2172 1193 2238 παρατεθεῖσα
1233 2169 1542 2238 προφητεία
1574 2168 1741 2238 παρί-

67 2271 107 2304 25
132 2269 358 2322 στησιν,
389 2245 524 2321 μετὰ
556 2247 617 2305 δὲ
650 2245 819 2304 αὐτὸν
849 2253 944 2320 τῆς
976 2244 1146 2320 αὐτῆς
1174 2243 1499 2315 ὑποθέσεως
1530 2242 1741 2322 ὑπηρέ-

129 2357 224 2400 τας
267 2340 494 2391 ἔσεσθαι
535 2329 664 2398 τούς
705 2328 877 2389 αὐτοῦ
915 2331 1168 2405 μαθητὰς
1212 2338 1460 2401 θεσπίζει
1506 2328 1535 2389 ὁ
1577 2329 1740 2398 αὐτὸς

131 2420 309 2489 λέγων
339 2414 626 2493 προφήτης
649 2411 763 2484 “ῶς
797 2418 990 2492 ῶραῖοι
1021 2420 1078 2474 οἰ
1118 2413 1283 2483 πόδες
1313 2421 1426 2474 τῶν
1458 2413 1738 2488 εὐαγγελι-

132 2505 372 2574 ζομένων
402 2498 617 2575 ἀγαθὰ,
649 2497 684 2573 ἢ
714 2506 826 2558 τῶν
858 2499 1362 2574 εὐαγγελιζομένων
1386 2496 1670 2574 εἰρήνην.”
1762 2526 1833 2567 (89)-

257 2590 306 2642 4.
321 2583 502 2644 ’Ἑνθα
531 2584 752 2661 σφόδρα
774 2582 1245 2660 ἀπηκριβωμένως
1271 2582 1508 2659 ὡραίους
1533 2590 1739 2657 ἔφησεν

247 2808 271 2846 2
303 2807 378 2847 Es.
401 2807 469 2856 61,
494 2809 532 2848 1.
784 2809 805 2847 7
838 2808 949 2849 Luc.
971 2810 1012 2859 4,
1037 2809 1105 2848 21.
1357 2808 1409 2847 10
1439 2806 1605 2850 Matth.
1631 2808 1671 2858 5,
1697 2808 1738 2847 3.

135 2865 187 2905 16
217 2862 381 2904 Matth.
408 2865 475 2917 11,
499 2863 567 2904 28.
741 2864 794 2905 28
825 2865 902 2905 Es.
924 2865 993 2917 52,
1018 2866 1057 2906 7.
1117 2863 1245 2905 Rom.
1270 2863 1336 2915 10,
1361 2864 1427 2904 15.
