1946 3158
213 133 311 186 132
889 133 1136 176 EUSEBII

123 273 190 318 [55]
215 254 310 323 τῆς
341 254 439 324 γῆς
473 253 532 308 ἐν
562 253 627 324 τῇ
663 248 733 306 δι’
772 245 956 306 αὐτῶν
987 252 1221 325 ἐσομένη
1253 249 1442 324 κλήσει
1472 254 1584 308 τῶν
1617 254 1847 310 ἐθνῶν.’

217 339 331 393 164.
366 333 583 407 οὐκέτι,
624 336 825 407 φησὶν,
872 336 1125 406 ἐροῦσιν,
1157 334 1389 407 κιβωτὸς
1423 334 1694 409 διαθήκης
1725 360 1821 393 κυ-

213 425 354 494 ρίου.
425 418 608 476 οὐκέτι
656 417 761 492 γὰρ
804 419 892 475 ἐπὶ
936 416 1031 484 τὰς
1072 419 1322 485 Μωσέως
1369 418 1822 494 ἆναδραμοῦνται

212 504 664 577 σωματικωτέρας
695 507 1030 577 θρησκείας,
1061 500 1156 561 ἅτε
1187 507 1379 577 καινῆς
1414 502 1688 578 διαθήκης
1718 502 1823 562 αὐ-

156 607 161 612 ·
211 602 325 655 τοῖς
358 589 910 662 παραδοθησομένης.
1845 612 1864 645 5

120 797 186 836 (54)
692 795 754 829 νε
767 769 794 826 ’.
850 767 982 827 Ἀπὸ
1006 773 1106 827 τοῦ
1139 767 1325 828 αὐτοῦ.

341 887 457 940 165.
484 881 886 955 “Ἐπλη’θυναν
925 881 1181 955 ἀσεβείας
1228 881 1441 955 αὐτῶν,
1485 892 1721 956 ἴσχυσαν
1763 885 1822 939 ἐν

210 979 331 1034 ταῖς
376 965 756 1041 ἀποστροφαῖς
796 965 998 1025 αὐτῶν.
1071 974 1200 1042 ποίᾳ
1244 965 1457 1024 τούτων
1496 971 1656 1034 ἵλεως
1699 972 1817 1024 ἔσο-

210 1058 315 1125 μαί
340 1069 452 1122 σοι;
485 1055 606 1109 υἱοί
630 1071 734 1109 σου
767 1050 1123 1124 ἐγκατέλιπόν
1145 1073 1230 1124 με,
1262 1053 1354 1107 καὶ
1379 1049 1603 1124 ὤμνυον
1628 1054 1686 1108 ἐν
1710 1063 1823 1116 τοῖς

210 1135 314 1194 οὐκ
345 1130 470 1194 οὖσι
500 1147 683 1209 θεοῖς,
716 1139 808 1193 καὶ
841 1135 1105 1210 ἐχόρτασα
1128 1133 1357 1206 αὐτούς,
1389 1138 1481 1192 καὶ
1507 1139 1819 1209 ἐμοιχοὸντο,
1845 1153 1886 1185 10

213 1222 305 1278 καὶ
339 1223 398 1278 ἐν
428 1230 599 1287 οἴκοις
623 1223 849 1295 πορνῶν
872 1219 1227 1278 κατελύοσαν.
1289 1224 1446 1277 ἵπποι
1478 1229 1822 1294 θηλυμανεῖς

213 1304 592 1379 ἐγενήθησαν,
634 1308 858 1371 ἕκαστος
901 1307 988 1362 ἐπὶ
1028 1303 1132 1376 τὴν
1170 1317 1409 1376 γυναῖκα
1449 1307 1549 1361 τοῦ
1586 1310 1823 1377 πλησίον

214 1392 566 1463 ἐχρεμέτιζον.
639 1389 712 1463 μὴ
747 1391 835 1447 ἐπὶ
865 1387 1077 1455 τούτοις
1111 1386 1214 1446 οὐκ
1256 1391 1641 1461 ἐπισκέψομαι;
1675 1391 1823 1462 λέγει

213 1473 430 1546 κύριος,
464 1498 497 1545 η
531 1477 590 1530 ἐν
622 1480 777 1531 ἐθνει
807 1476 885 1550 τῷ
913 1471 1141 1550 τοιούτῳ
1174 1471 1277 1531 οὐκ
1301 1471 1578 1545 ἐκδικήσει
1607 1471 1640 1547 ἡ
1673 1471 1823 1546 ψυχή

212 1582 346 1631 μους
378 1556 620 1630 ἆναβητε
645 1560 733 1615 ἐπὶ
764 1557 893 1626 τούς
923 1561 1286 1632 προμαχῶνας
1311 1555 1499 1630 αὐτῆς,
1531 1560 1622 1614 καὶ
1653 1581 1821 1615 κατα-
1844 1573 1884 1605 15

168 1667 190 1699 b
215 1641 487 1716 σφάξατε,
528 1646 853 1702 συντέλειαν
896 1644 956 1700 δὲ
985 1641 1059 1717 μὴ
1099 1641 1384 1715 ποιήσητε·
1445 1641 1821 1700 ὑπολείπεσθε

212 1726 277 1783 τὰ
306 1726 759 1802 ὑποστηρίγματα
790 1728 987 1801 αὐτῆς,
1018 1726 1101 1785 ὅτι
1131 1729 1231 1784 τοῦ
1260 1733 1459 1799 κυρίου
1492 1724 1686 1784 είσίν.”

345 1817 468 1870 166.’
494 1814 605 1869 Καὶ
638 1817 698 1870 ἐν
736 1811 948 1878 τούτοις
978 1810 1117 1884 ὁμοῦ
1158 1816 1459 1884 κατηγορία
1487 1815 1586 1868 τοῦ
1617 1808 1820 1877 παντὸς

213 1902 417 1963 ἐθνους
458 1895 646 1954 αὐτῶν
684 1899 777 1953 καὶ
816 1895 850 1968 ἡ
899 1898 1246 1969 μετελθοῦσα
1286 1894 1488 1961 αὐτους
1532 1901 1820 1968 πολιορκία

214 1984 506 2081 δηλουται,
541 1982 633 2037 καὶ
674 1979 842 2038 παλιν
882 1980 941 2037 τὸ
974 1978 1340 2054 καταλειμμα,
1383 1979 1518 2052 ὅπερ
1550 1979 1819 2054 στήριγμα
1841 1995 1883 2029 20

211 2062 383 2136 αὐτης
423 2063 675 2137 ὀνομαζει
713 2068 812 2122 τοῦ
852 2071 1051 2137 κυρίου
1088 2088 1378 2138 τυγχανον.
1447 2088 1607 2122 τουτο
1650 2065 1710 2121 δε
1749 2065 1819 2136 ἠν

211 2146 271 2204 τὸ
308 2146 399 2205 δια
430 2153 525 2221 τῆς
558 2154 635 2215 εἰς
674 2147 771 2207 τὸν
802 2147 1040 2222 Χριστὸν
1078 2152 1176 2207 τοῦ
1205 2153 1345 2207 θεοῦ
1375 2154 1612 2215 πίστεως
1644 2153 1821 2205 δυνα-

210 2233 407 2305 μωθὲν
438 2235 529 2289 καὶ
560 2233 906 2307 στερρωθὲν,
941 2232 1014 2300 ὡς
1044 2234 1185 2306 μηδὲ
1214 2232 1278 2290 τὰ
1308 2230 1468 2307 ὅμοια
1499 2232 1816 2306 ὑπομεῖναι,

211 2313 295 2383 οἷς
325 2317 385 2374 τὸ
419 2319 531 2375 ποῖν
563 2322 730 2384 ἔθνος
760 2315 950 2374 αὐτῶν
983 2316 1295 2374 ἐπεπόνθει.

657 2497 759 2568 νς’.
815 2498 947 2557 Ἀπὸ
978 2502 1078 2557 τοῦ
1102 2497 1366 2572 Ἰεζεκιήλ.
1838 2527 1879 2560 25

340 2617 454 2686 167.
482 2610 629 2669 “Kal
661 2615 958 2670 πεσοῦνται
997 2618 1323 2685 τραυματίαι
1366 2614 1427 2669 ἐν
1456 2613 1604 2688 μέσῳ
1635 2610 1813 2684 ὑμῶν,

169 2729 186 2750 c
211 2698 302 2752 καὶ
333 2695 715 2767 ἐπιγνώσεσθε
754 2694 835 2754 ὅτι
869 2696 972 2768 ἐγώ
1004 2694 1224 2770 κύριος,
1269 2699 1329 2754 ἐν
1359 2699 1433 2773 τῷ
1465 2698 1727 2768 γενέσθαι
1761 2697 1814 2762 ἐξ

324 2891 347 2929 7
379 2890 475 2930 Jer.
499 2893 540 2942 5,
564 2891 601 2932 6.
781 2892 834 2931 26
866 2891 1033 2931 Ezech.
1059 2891 1098 2941 6,
1126 2892 1163 2933 7.
