1992 3186
242 98 347 151 662
918 99 1164 141 EUSEBII

242 239 335 282 νες
376 219 434 272 οἶ
459 213 846 281 κυκλώσαντες
881 211 1082 288 αὐτὸν,
1127 217 1304 289 ἕτεροι
1342 213 1496 284 ὄντες
1539 215 1688 290 παρὰ
1728 217 1856 284 τοὺς

242 301 780 374 προωνομασμένους
803 297 1043 374 ταύρους
1066 301 1158 356 καὶ
1181 298 1447 374 μόσχους;
1480 307 1610 359 ποία
1630 302 1692 359 δὲ
1722 320 1854 360 συν-

242 383 431 457 αγωγὴ
461 385 926 458 πονηρευομένων
947 381 1043 451 τὰς
1066 396 1254 458 χεῖρας
1277 384 1344 442 οὐ
1373 383 1564 458 μόνον,
1594 385 1734 444 ἀλλὰ
1763 389 1855 444 καὶ

242 468 371 534 τοὺς
402 467 577 535 πόδας
606 472 704 526 τοῦ
733 467 1060 542 τηλικούτου
1092 465 1342 543 ὤρυξαν,
1385 466 1767 539 ἆποδύσαντές
1797 495 1856 528 τε

241 550 412 610 αὐτὸν
450 552 516 610 τὰ
555 555 659 626 μέν
686 577 813 612 τινα
853 559 1125 612 διείλοντο
1155 550 1330 611 αὐτοῦ
1365 558 1478 612 τῶν
1509 554 1853 629 ἐνδυμάτων,
1877 580 1898 613 5

240 635 306 694 τὰ
338 637 398 695 δὲ
429 639 522 694 καὶ
554 635 739 715 κλήρῳ
770 636 1032 712 λαχόντες
1063 643 1294 710 ἔλαβον;
1336 645 1418 707 τίς
1452 639 1512 696 δὲ·
1542 635 1576 711 ἡ
1608 643 1858 714 ῥομφαία

241 717 385 779 καὶὸ
410 720 563 780 κύων
593 724 685 779 καὶ
716 719 745 780 ὁ
777 726 947 794 λέων;
978 728 1125 790 τίνες
1158 723 1218 780 δὲ
1238 726 1296 781 οἱ
1313 722 1598 797 λεγόμενοι
1627 725 1858 797 μονοκέ-

125 830 218 872 (492)
243 830 433 879 ρωτες,
463 805 561 864 τὸν
592 806 938 882 δηλούμενον
967 809 1330 881 περιέχοντες,
1362 812 1478 875 πῶς
1511 809 1572 865 δὲ
1594 806 1730 882 μετὰ
1757 807 1860 882 τὴν

240 892 376 964 πρὸς
420 890 720 960 τοσούτους
761 891 972 965 πάλην,
1023 891 1159 965 μετα
1198 891 1258 950 τὸ
1302 899 1380 958 εἰς
1429 899 1566 966 χοῦν
1602 891 1856 951 θανάτου

239 979 614 1050 καταχθῆναι,
647 979 1039 1050 ἐπαγγέλλεται
1067 975 1128 1034 τὸ
1158 974 1332 1051 ὄνομα
1362 980 1462 1034 τοῦ
1501 975 1706 1050 πατρὸς
1737 983 1854 1050 διη·
1878 1001 1918 1033 10

239 1071 492 1134 γεῑσθαι,
536 1058 602 1119 οὐ
641 1068 843 1135 πᾶσιν,
887 1059 1027 1119 ἀλλὰ
1067 1060 1256 1135 μόνοις
1295 1075 1410 1130 τοῖς
1452 1064 1655 1120 ἑαυτοῦ
1694 1060 1854 1120 ἀδελ-

237 1158 395 1218 φοῑς;
440 1152 588 1213 τίνες
627 1171 686 1204 τε
726 1151 784 1205 οἱ
818 1144 1086 1220 ἀδελφοὶ,
1126 1152 1209 1212 τίς
1239 1145 1359 1219 τεὴ
1395 1150 1684 1219 ἐκκλησία,
1727 1149 1855 1219 περὶ

239 1221 304 1301 ἧς
345 1249 520 1303 φησιν
557 1226 586 1288 ὁ
627 1229 693 1287 τὰ
732 1234 957 1289 τοιαῦτα
996 1229 1199 1288 παθῶν
1229 1226 1332 1290 “gv
1370 1234 1519 1306 μέσῳ
1563 1234 1854 1302 ἐκκλησίας

236 1313 470 1388 ὑμνήσω
503 1312 630 1387 σε;”
662 1312 744 1383 οἷς
768 1319 859 1373 καὶ
892 1319 1130 1387 ἐπιλέγει
1152 1311 1265 1382 “ὦς
1294 1313 1401 1386 ἄρα
1424 1313 1527 1389 οὐχ
1550 1320 1612 1373 ἓν
1640 1314 1701 1372 τὸ
1723 1313 1855 1374 Ἰου-

238 1404 417 1456 δαίων
449 1405 642 1472 ἔθνος,
675 1398 856 1457 ποὲντα
889 1401 949 1458 δὲ
979 1399 1045 1458 τα
1075 1402 1282 1472 πέρατα
1305 1406 1401 1473 τῆς
1424 1405 1523 1473 γῆς
1546 1399 1855 1472 συναισθή-
1878 1426 1919 1459 15

237 1503 457 1558 σονται,
492 1486 584 1542 καὶ
617 1484 1120 1559 ἐπιστραφήσονται
1150 1483 1286 1556 πρὸς
1317 1483 1539 1558 κύριον,
1566 1487 1657 1542 καὶ
1687 1505 1856 1560 προσ-

237 1567 583 1642 κυνήσουσιν
634 1569 876 1628 ἐνώπιον
929 1568 1103 1627 αὐτοῦ
1155 1574 1328 1627 πᾶσαι
1376 1573 1440 1626 αἱ
1479 1571 1702 1643 πατριαὶ
1743 1571 1856 1626 τῶν

240 1650 498 1725 ἐθνῶν;”
545 1655 638 1711 καὶ
669 1653 740 1712 σὺ
772 1656 834 1713 δὲ
864 1653 1014 1728 παρὰ
1045 1657 1234 1730 σαυτῷ
1275 1660 1584 1727 βασανίσας
1615 1653 1854 1726 ἑκάστην

191 1762 213 1795 b
239 1739 387 1806 λέξιν
430 1741 534 1796 τοῦ
570 1742 809 1812 Ψαλμοῦ
846 1743 956 1797 θέα
998 1745 1049 1796 εἰ
1088 1739 1331 1798 δυνατὸν
1363 1741 1452 1796 ἐπὶ
1492 1739 1590 1797 τὸν
1619 1737 1855 1813 τυχόντα

238 1819 543 1897 ἀναφέρειν
586 1821 653 1881 τοὶ
681 1823 1073 1898 θεσπιζόμενα.
1149 1829 1228 1882 14.
1263 1821 1387 1880 ἀλλ’
1421 1821 1526 1880 οὐκ
1569 1818 1640 1880 ἂν
1671 1821 1854 1895 εὕροις
1875 1849 1918 1882 20

241 1909 409 1984 ἑτέρω
439 1932 516 1985 τω
549 1907 912 1983 ἐφαρμόττειν
936 1905 1128 1979 αὗτὰἢ
1157 1906 1309 1982 μόνω
1340 1910 1417 1983 τῷ
1440 1912 1645 1979 σωτῆρι
1675 1905 1851 1980 ἡμῶν,

237 1987 299 2058 ὃς
330 1990 556 2050 πάντων
595 1991 919 2059 πιστότατος
959 1989 1031 2049 ἂν
1071 1999 1156 2063 εἴη
1196 1994 1289 2048 καὶ
1328 1989 1733 2064 ἀληθέστατος,
1777 1997 1855 2059 εἰς

242 2077 445 2132 ἑαυτοῦ
484 2074 785 2149 πρόσωπον
823 2074 1137 2148 ἀνειληφὼς
1177 2074 1280 2147 τὴν
1318 2071 1426 2132 ἀπὸ
1466 2082 1565 2133 τοῦ
1618 2078 1856 2149 Ψαλμοῦ

237 2159 458 2232 φωνὴν,
486 2155 559 2227 ὡς
585 2159 971 2233 ἐμαρτύρησαν
993 2165 1051 2217 οἱ
1071 2158 1482 2232 εὐαγγελισταί·
1529 2157 1559 2217 ὁ
1583 2161 1685 2234 μὲν
1697 2169 1854 2218 Ματ-

238 2253 403 2310 θαῑος
446 2242 517 2300 δι’
556 2235 636 2302 ὦν
665 2247 1029 2318 παρεθέμεθα
1060 2242 1235 2301 αὐτοῦ
1264 2245 1493 2317 λέξεων,
1535 2243 1564 2301 ὁ
1599 2245 1660 2301 δὲ
1693 2243 1852 2318 Μάρ-
1876 2269 1918 2302 25

240 2351 334 2394 κος
375 2326 448 2385 δι’
486 2319 567 2386 ὦν
606 2331 698 2386 καὶ
737 2326 901 2397 αὐτὸς
933 2320 1047 2387 οἶδέ
1071 2351 1187 2396 πως
1220 2333 1428 2402 ἱστορεῖ
1455 2330 1633 2401 λέγων
1655 2327 1855 2401 “21st—

240 2413 410 2486 μένης
442 2413 505 2470 δὲ
535 2411 682 2487 ὥρας
714 2416 871 2488 ἕκτης
903 2412 1094 2481 σκότος
1120 2415 1335 2485 ἐγένετο
1361 2411 1452 2486 ἐφ’
1482 2410 1613 2486 ὅλης
1636 2418 1731 2486 τῆς
1754 2416 1854 2486 γῆς

241 2500 345 2563 ἕως
376 2494 522 2570 ὥρας
554 2497 765 2572 ἐνάτης.
838 2500 929 2556 καὶ
969 2504 1037 2573 τῇ
1069 2495 1235 2572 ἐνάτῃ
1278 2496 1395 2573 ὥρα
1428 2496 1661 2571 ἐβόησεν
1692 2493 1722 2554 ὃ
1750 2494 1855 2570 Ἰη-

196 2583 374 2649 εσοῦς
414 2585 580 2657 φωνῇ
629 2582 841 2657 μεγάλῃ
883 2586 1091 2656 λέγων,
1144 2578 1268 2654 ἠλεὶ
1317 2581 1437 2654 ἠλεὶ
1486 2586 1631 2656 λαμᾶ
1674 2587 1855 2653 σαβα-

244 2668 441 2738 χθανὶ,
471 2663 503 2723 ὅ
534 2669 646 2724 ἐστι
676 2665 1261 2742 μεθερμηνευόμενον,
1292 2662 1321 2724 ὁ
1352 2665 1483 2734 θεὸς
1503 2665 1532 2724 ὁ
1561 2665 1693 2734 θεός
1723 2690 1850 2740 μου,
1874 2691 1916 2724 30

357 2861 409 2899 29
441 2860 585 2900 Marc.
611 2862 677 2911 15,
700 2863 768 2902 33.
