1946 3158
586 121 891 164 DEMONST.
919 121 1138 165 EVANG.
1169 121 1252 162 111.
1282 122 1322 160 2.
1665 118 1764 169 149

147 238 426 312 Ἑλλήνων
475 241 588 295 τῶν
637 262 696 295 τε
745 235 1103 311 ἀγριωτάτων
1155 239 1247 294 καὶ
1297 234 1766 310 θηριωδεστάτων

156 322 479 397 ἀνθρώπων
521 320 624 395 τὴν
676 324 765 379 ἐπὶ
802 320 861 379 τὸ
912 327 1091 395 πρᾶον
1137 323 1230 378 καὶ
1269 319 1478 394 ἥμερον
1520 319 1610 376 διὰ
1671 325 1765 392 τῆς

158 412 401 481 Χριστοῦ
456 412 817 474 διδασκαλίας
867 410 1248 479 γενησομένην
1297 404 1611 478 μεταβολὴν
1664 415 1765 462 θε-

157 499 346 562 σπίζει.
419 495 567 565 λέγει
609 488 662 548 δ’
712 484 815 549 οὖν
841 487 872 508 ‘²'
889 493 982 547 καὶ
1023 488 1549 566 συμβοσκηθήσεται
1599 488 1766 555 λύκος

113 602 133 632 5
159 575 293 650 μετά
333 574 530 651 ἀρνὸς,
571 578 662 632 καὶ
703 574 975 649 πάρδαλις
1027 574 1516 633 συναναπαύσεται
1568 576 1765 648 ἐρίφῳ,

157 664 246 718 καὶ
288 660 590 735 μοσχάριον
628 667 722 718 καὶ
767 664 968 731 ταῦρος
1010 662 1102 716 καὶ
1143 663 1286 717 λέων
1328 657 1438 732 ἅμα
1478 657 1767 731 βοσκηθή-

157 743 396 818 σονται,”
462 750 545 803 41.
580 748 674 802 καὶ
703 744 768 802 τά
798 743 1012 810 τούτοις
1037 743 1416 817 παραπλήσια,
1438 741 1472 799 ἃ
1504 746 1596 800 καὶ
1618 740 1767 816 παρά

157 830 332 897 πόδας
365 833 657 902 διασαφῶν
702 827 993 903 ἑρμηνεύει
1023 827 1206 901 φήσας
1230 825 1260 845 “
1277 831 1369 885 καὶ
1402 835 1555 885 ἔσται
1585 828 1613 885 ὁ
1644 824 1766 884 ἀνι-

157 913 423 988 στάμενος
453 913 644 988 ἄρχειν
677 917 882 984 ἐθνῶν,
916 911 1004 969 ἐπ’
1052 912 1205 990 αὐτῷ
1248 919 1390 985 ἔθνη
1434 909 1764 970 ἐλπιοῦσιν.”

94 1024 135 1054 10
284 1003 368 1056 42.
417 1001 628 1071 Σαφῶς
689 997 793 1073 γάρ
842 998 908 1055 τὰ
949 995 1121 1070 ἄλογα
1161 999 1451 1071 θρέμματα
1510 1000 1603 1054 καὶ
1641 996 1768 1063 τοὺς

156 1086 796 1159 προκαταλελειμμένους
835 1086 1017 1155 θῆρας
1051 1080 1184 1139 οὐδὲ
1215 1080 1416 1147 ἄλλους
1461 1081 1603 1138 εἶναι
1655 1085 1766 1138 τῶν
1794 1105 1815 1136 ιι

159 1171 374 1240 ἐθνῶν,
414 1171 515 1225 τοῦ
563 1167 882 1241 θηριώδους
923 1169 1084 1225 ἕνεκα
1120 1165 1358 1241 τρόπου,
1402 1165 1766 1239 διεσάφησεν·

159 1244 239 1309 ῶν
266 1255 452 1310 ἐθνῶν
481 1250 668 1326 ἄρξειν
697 1255 871 1325 φησὶν
901 1251 998 1309 τὸν
1021 1250 1389 1325 ἀνιστάμενον
1422 1254 1480 1307 ἐκ
1523 1253 1765 1324 σπέρμα-

160 1360 248 1403 τος
272 1335 490 1408 Ἰεσσαὶ,
523 1335 622 1409 ἀφ’
659 1328 726 1393 οὗ
759 1333 878 1411 δὴὸ
912 1336 1096 1409 σωτὴρ
1127 1339 1217 1393 καὶ
1252 1335 1442 1411 κύριος
1482 1331 1640 1409 ἡμῶν
1681 1358 1768 1407 γε-

100 1442 139 1473 15
167 1427 535 1492 νεαλογεῐται,
571 1419 659 1492 ἐφ’
706 1417 771 1477 ὃν
814 1419 880 1477 τά
914 1427 991 1486 εἰς
1033 1419 1202 1478 αὐτὸν
1250 1419 1582 1478 πιστεύοντα
1629 1426 1769 1492 ἔθνη

163 1506 328 1561 εἰσέτι
368 1507 478 1562 νῦν
521 1508 748 1576 ἐλπίζει,
802 1503 1118 1577 συμφώνως
1175 1508 1245 1578 τῇ
1292 1504 1595 1578 προρρήσει
1639 1500 1770 1560 “καὶ

162 1595 313 1645 ε”σται
342 1585 371 1645 ὁ
412 1586 776 1662 ἀνιστάμενος
817 1587 1009 1662 ἄρχειν
1055 1591 1261 1660 ἐθνῶν,
1304 1587 1390 1645 ἐπ’
1436 1587 1587 1664 αὐτῷ
1629 1593 1769 1661 ἔθνη

162 1670 468 1731 ἐλπιοῦσι.”
532 1677 616 1730 43.
659 1679 821 1730 τοῦτο
856 1673 924 1745 δὴ
955 1671 1207 1747 παράθες
1245 1686 1360 1739 τοῖς
1389 1671 1539 1747 παρὰ
1570 1681 1774 1730 ,Μωσεῖ

160 1760 485 1830 φερομένοις
517 1761 884 1829 διαστέλλων,
925 1759 1017 1814 καὶ
1058 1755 1117 1814 vd
1148 1758 1249 1830 μὲν
1272 1753 1463 1815 ς’ἔσται
1493 1755 1522 1813 ὁ
1547 1755 1768 1814 ἀνιστά-

97 1864 136 1895 20
161 1865 324 1913 μενος
354 1840 545 1914 ἄρχειν
577 1839 791 1899 ἐθνῶν”
809 1840 1143 1915 ,ἐφάρμοσον
1163 1845 1239 1918 τῷ
1261 1838 1644 1910 ((ἐξελεύσεται
1674 1839 1769 1898 ἄν·

161 1936 386 1999 θρωπος
401 1928 460 1983 ἐκ
480 1930 580 1983 τοῦ
604 1928 910 2000 σπέρματος
934 1923 1129 1998 αὐτοῦ,
1153 1929 1246 1983 καὶ
1276 1925 1558 1999 κυριεύσει
1584 1930 1770 1983 ἐθνῶν

162 2007 446 2068 πολλῶν””
491 2013 584 2068 καὶ
613 2009 674 2068 τὸ
695 2007 826 2067 “ἐπ’
860 2009 1012 2088 αὐτῷ
1042 2017 1183 2083 ἐθνη
1219 2008 1508 2069 ἐλπιοῦσι”
1540 2014 1618 2087 τῷ
1637 2009 1770 2067 “nal

162 2093 324 2162 αὐτὸς
355 2102 506 2153 ἔσται
536 2101 843 2170 προσδοκία
875 2093 1117 2154 ἐθνῶν.”
1171 2100 1255 2153 44.
1289 2103 1347 2152 τί
1371 2095 1479 2168 γὰρ
1512 2100 1766 2170 διαφέρει
1792 2122 1862 2163 (97)

160 2178 399 2252 φάσκειν
427 2176 551 2238 “ἐπ’
589 2177 740 2258 αὐτῷ
772 2187 914 2252 ε”θνη
947 2177 1269 2238 ἐλπιοῦσιν”
1304 2178 1338 2253 ἢ
1369 2179 1574 2248 “αὐτὸς
1616 2186 1769 2238 ἔσται

98 2286 136 2318 25
159 2271 468 2339 προσδοκία
493 2268 679 2322 ἐθνῶν
695 2263 746 2333 ;”
783 2263 952 2322 πάλιν
978 2262 1031 2321 δ’
1064 2263 1092 2322 ὁ
1116 2264 1281 2331 αὐτὸς
1302 2263 1531 2332 Ἡσαΐας
1557 2265 1769 2340 προϊῶν

160 2351 287 2422 περὶ
327 2355 428 2406 τοῦ
468 2354 712 2424 Χριστοῦ
752 2354 924 2407 ταῦτα
963 2349 1303 2424 προφητεύει
1346 2346 1522 2407 “ἰδού
1570 2348 1598 2406 ὃ
1639 2364 1768 2415 παῖς

162 2458 268 2505 μου
289 2429 355 2491 ὂν
385 2430 642 2509 ᾑρέτισα,
683 2430 711 2491 ὃ
743 2433 1021 2508 ἀγαπητός
1050 2459 1190 2508 μου,
1238 2440 1316 2501 εἰς
1355 2432 1421 2491 ὃν
1463 2433 1768 2506 εὐδόκησεν

160 2513 193 2588 ἡ
224 2517 374 2591 ψυχή
405 2543 540 2592 μου,
572 2526 758 2593 κρίσιν
787 2533 905 2586 τοῖς
943 2526 1171 2577 ἔθνεσιν
1213 2515 1454 2586 ε’ξοίσει.”
1517 2520 1612 2574 καὶ
1653 2521 1767 2574 ἐπι-

161 2604 320 2674 φέρει
342 2599 372 2619 ‘⁹
395 2605 497 2670 ἕως
527 2600 598 2661 ἄν
626 2608 705 2678 θῇ
739 2606 826 2661 ἐπὶ
857 2608 959 2677 γῆς
990 2610 1193 2677 κρίσιν,
1226 2605 1318 2660 καὶ
1352 2606 1412 2660 ἐν
1443 2607 1516 2679 τῷ
1540 2599 1768 2676 ὀνόματι

102 2706 141 2739 30
166 2682 337 2742 αὐτοῦ
369 2691 508 2760 ἔθνη
541 2686 878 2746 ἐλπιοῦσιν.”

278 2881 306 2919 4
335 2881 409 2920 Es.
445 2882 508 2931 11,
534 2882 603 2921 16.
774 2885 827 2924 27
849 2883 926 2924 Es.
948 2884 1016 2933 42,
1043 2885 1081 2924 1.
1141 2881 1305 2925 Matth.
1339 2883 1405 2934 12,
1432 2882 1496 2921 18.
