1946 3158
599 121 908 164 DEMONST.
939 123 1160 165 EVANG.
1192 123 1253 167 11.
1286 119 1350 175 3.]
1647 122 1745 174 107

134 245 288 313 ρίου,
320 239 412 294 καὶ
452 235 598 304 οἶκος
629 238 728 293 τοῦ
757 242 896 294 θεοῦ
929 235 1011 294 ἐπ’
1058 235 1245 311 ἄκρων
1274 240 1386 295 τῶν
1415 235 1619 311 ὀρέων,
1654 242 1744 294 καὶ
1766 260 1835 299 (6η

135 318 497 394 ὑψωθήσεται
537 318 800 394 ὑπεράνω
840 323 952 379 τών
983 326 1234 394 βουνῶν,
1268 324 1359 379 καὶ
1391 317 1620 395 ἥξουσιν
1652 321 1739 379 ἐπ’

137 403 270 463 αὐτὸ
300 404 480 463 πάντα
510 402 574 461 τὰ
616 411 786 478 ἔθνη,
832 407 924 462 καὶ
968 404 1335 480 πορεύσονται
1376 412 1516 479 ε”θνη
1549 406 1743 480 πολλὰ,

136 492 228 548 καὶ
259 493 510 565 ἐροῦσιν,
545 491 704 546 δεῦτε
727 491 818 547 καὶ
844 486 1142 564 ἀναβώμεν
1174 496 1251 558 εἰς
1281 489 1341 548 τὸ
1372 487 1498 565 ὅρος
1523 497 1743 565 κυρίου,

90 597 112 630 5
136 577 228 632 καὶ
261 579 337 642 εἰς
367 572 464 632 τὸν
493 573 648 632 οἷκον
677 580 774 630 τοῦ
805 579 944 632 θεοῦ
970 572 1222 647 Ἰακώβ.”

261 664 343 716 68.
379 661 488 717 Καὶ
528 661 655 731 περὶ
698 659 802 731 μὲν
840 661 951 715 τών
995 661 1181 716 ἐθνῶν
1221 656 1485 717 ἁπάντων
1518 663 1744 717 τοιαῦτα

134 748 410 813 θεσπίζει·
467 745 594 816 περὶ
638 743 698 799 δε
737 767 850 800 των
882 741 1171 800 ΗΙουδαιων
1214 745 1334 815 ἑξῆς
1374 740 1462 801 οἷα
1507 745 1744 817 ἐπιλέγει

134 826 301 886 ἄκουε
326 824 573 902 ’Ἥνῆκεν
623 825 727 900 γαρ
778 826 874 884 τὸν
925 826 1061 884 λαὸν
1101 825 1271 884 αὐτοῦ
1311 827 1407 885 τὸν
1446 827 1600 886 οἶκον
1647 832 1747 887 τοῦ

134 916 272 970 θεοῦ
296 909 511 984 Ἰακώβ,
543 935 626 967 οτι
659 910 976 985 ἐνεπλήσθη
1009 909 1082 978 ὥς
1113 910 1171 968 τὸ
1203 907 1301 968 ἀπ’
1334 908 1503 986 αρχῆς
1528 911 1561 986 ἡ
1593 913 1745 986 χώρα

72 1019 112 1052 ιο
135 992 321 1054 αὐτῶν
351 997 757 1069 κληδονισμών,
790 991 862 1063 ὣς
886 991 919 1068 ἡ
942 1001 1055 1053 τῶν
1071 994 1424 1068 ἀλλοφύλων,
1456 999 1547 1054 καὶ
1579 999 1745 1054 τέκνα

134 1079 310 1140 πολλὰ
358 1077 649 1154 ἀλλόφυλα
699 1079 940 1154 ἐγενήθη
991 1079 1193 1147 αὐτοῖς.
1286 1085 1369 1138 69.
1425 1080 1744 1155 ἐνεπλήσθη

134 1163 238 1241 γὰρ
280 1163 314 1238 ἡ
356 1164 506 1239 χώρα
547 1163 734 1222 αὐτῶν
773 1161 1045 1239 αργυριόυ
1086 1166 1177 1222 καὶ
1208 1170 1471 1240 χρυσίου,
1516 1168 1607 1222 καὶ
1641 1164 1744 1222 οὐκ
1773 1183 1791 1214 ¹>

134 1242 203 1322 ἦν
232 1246 467 1351 ἀριθμὸς
496 1273 610 1308 των
640 1253 946 1322 θησαυρῶν
977 1246 1209 1323 αὐτῶν,”
1243 1251 1337 1306 καὶ
1367 1248 1433 1306 τὰ
1465 1251 1587 1323 ἑξῆς
1617 1248 1747 1307 τού-

136 1359 247 1392 των
264 1332 397 1391 ὄντα
420 1332 553 1391 ὄντα
576 1339 767 1406 πλείω,
794 1331 875 1400 οἷς
900 1333 1178 1408 ἐπιφέρει”
1183 1329 1295 1391 ’καὶ
1319 1335 1747 1408 προσεκύνησαν

75 1438 114 1471 15
138 1415 219 1486 οἷς
265 1420 532 1491 ἐποίησαν
561 1423 618 1475 oc
645 1417 907 1475 δάκτυλοι
936 1416 1140 1490 αὐτῶν,
1171 1421 1263 1476 καὶ
1286 1425 1493 1488 ἔκυψεν
1524 1416 1745 1493 ἅνθρω-

136 1524 263 1575 πος,
295 1504 386 1559 καὶ
421 1500 788 1575 ἐταπεινώθη,
820 1505 911 1559 καὶ
943 1499 1009 1560 οῦ
1039 1501 1114 1576 μὴ
1156 1500 1344 1575 ἀνήσω
1375 1499 1608 1576 αὐτοὺς,
1653 1506 1746 1560 καὶ

136 1589 243 1645 νῦν
275 1588 557 1644 εἰσέλθετε
588 1592 664 1652 εἰς
688 1586 783 1654 τὰς
813 1588 1032 1660 πέτρας,
1067 1589 1158 1643 καὶ
1189 1583 1505 1661 κρύπτεσθε
1537 1593 1613 1654 εἰς
1644 1586 1747 1659 τὴν

136 1677 242 1744 γῆν
261 1669 366 1728 ἀπὸ
388 1669 689 1743 προσώπου
713 1675 812 1728 τοῦ
836 1669 1018 1743 φόβου
1043 1675 1261 1745 κυρίου,
1294 1671 1385 1727 καὶ
1409 1667 1514 1728 ἀπὸ
1531 1669 1746 1745 προσώ-

137 1777 245 1813 που
261 1760 356 1828 τῆς
382 1754 540 1828 δόξης
565 1754 754 1827 αὐτοῦ,
785 1780 919 1812 οταν
941 1752 1152 1830 αναστῇ
1180 1758 1427 1828 θραῦσαι
1457 1753 1560 1827 τὴν
1588 1761 1708 1828 γῆν.
1713 1751 1742 1772 ”

70 1863 115 1894 20
267 1844 344 1896 70.
390 1836 491 1897 Δι’
539 1863 619 1896 ων
659 1857 850 1912 σαφως
890 1836 1199 1897 αναστασίν
1240 1863 1364 1897 τινα
1407 1842 1506 1897 τοῦ
1545 1845 1743 1912 κυρίου

138 1922 387 1982 διδασκει
427 1929 688 1998 ἔσεσθαι,
732 1927 792 1981 ἐν
831 1925 867 1997 ᾑ
907 1921 1378 1998 θραυσθήσεσθαι
1418 1926 1603 1981 πᾶσαν
1642 1923 1744 1995 τὴν
1769 1955 1785 1976 e

135 2013 242 2082 γῆν
286 2014 384 2066 τοῦ
419 2006 708 2066 Ἰουδαίων
747 2014 966 2075 ἔθνους.
1053 2012 1132 2066 71.
1175 2010 1302 2082 περὶ
1346 2005 1532 2066 αὐτων
1571 2033 1676 2082 γαρ
1716 2007 1743 2065 ὁ

137 2099 242 2160 πᾶς
271 2085 342 2165 ἧν
373 2090 559 2166 λόγος,
593 2090 778 2168 ὥσπερ
809 2095 902 2150 καὶ
933 2095 1082 2165 ἑξῆς,
1126 2089 1203 2150 δι’
1237 2083 1310 2150 οῦ
1335 2111 1509 2166 φησιν
1533 2088 1746 2166 “ἡμέρα

138 2175 242 2252 γὰρ
273 2183 472 2252 κυρίου
502 2175 757 2249 Σαβαωθ
787 2179 877 2235 ἐπὶ
907 2200 1086 2235 παντα
1116 2173 1390 2252 ὑβριστὴν
1419 2179 1509 2234 καὶ
1540 2175 1745 2251 υπερή-

23 2338 26 2340 .
73 2283 350 2335 25q>ocvov‚
393 2263 485 2318 καὶ
529 2264 617 2319 ἐπὶ
657 2260 838 2320 πάντα
876 2259 1095 2335 ὑψηλὸν
1140 2263 1232 2319 καὶ
1276 2258 1610 2335 μετέωρον,”
1653 2263 1744 2318 καὶ

137 2345 202 2403 τὰ
232 2344 444 2413 τούτοις
475 2344 774 2405 ἀκόλουθα.
853 2349 914 2404 ἐν
942 2346 1114 2422 ταύτῃ
1144 2349 1444 2421 τοιγαροῦν
1474 2348 1542 2419 τῇ
1570 2344 1745 2421 ἡμέρα

138 2432 234 2503 τῆς
263 2429 616 2497 ἀναστάσεως
646 2434 744 2488 τοῦ
775 2437 1001 2506 κυρίου,
1043 2429 1110 2489 τοὶ
1145 2428 1280 2489 κατὰ
1309 2433 1422 2488 τών
1454 2431 1747 2503 ἐπαιρομέ-

139 2538 255 2572 νων
285 2513 420 2572 κατόι
458 2519 553 2589 τῆς
595 2513 853 2589 γνώσεως
900 2521 998 2573 τοῦ
1046 2519 1187 2572 θεοῦ
1237 2512 1653 2589 προαγορεύσεις
1687 2516 1745 2570 ἐν

141 2596 281 2672 αὐτῇ
322 2596 525 2672 ταύτῃ,
566 2601 734 2673 φησὶ,
773 2603 840 2674 τῇ
869 2595 1069 2676 ἡμέρᾳ
1117 2592 1518 2671 “ῦψωθήσεται
1557 2596 1746 2671 κύριος

0 2700 19 2756 J
76 2704 119 2737 30
145 2685 204 2740 ἐν
234 2685 299 2756 τῆ
328 2680 503 2758 ἡμέρᾳ
535 2687 748 2757 ἐκείνῃ,
780 2686 873 2741 καὶ
901 2681 967 2741 τὰ
997 2686 1346 2758 χειροποίητα
1369 2705 1549 2740 παντα
1579 2706 1746 2740 κατα-

143 2764 454 2841 κρύψουσιν
478 2770 886 2841 εἰσενέγκαντες
912 2774 987 2835 εἰς
1011 2767 1076 2825 τοὶ
1101 2765 1402 2841 σπήλαια·”
1441 2771 1521 2824 72.
1549 2791 1746 2840 μονον-

141 2852 266 2924 ουχὶ
298 2854 484 2924 δηλῶν
520 2850 622 2925 τὴν
654 2849 1012 2929 ἀποστροφὴν
1050 2856 1161 2909 τών
1193 2849 1469 2925 εἰδώλων,
1511 2848 1581 2925 ἣν
1611 2848 1746 2908 ‹im-
1772 2873 1795 2906 d
