1992 3186
273 132 376 183 27ss
960 132 1204 174 EUSEssu

164 268 253 315 [1241
277 255 438 307 τοῦτο
469 241 539 322 ῆν
569 247 628 306 τὸ
659 247 854 321 μῦρον,
889 239 932 323 ὦ
962 250 1210 321 χρισθεὶς
1239 246 1267 305 ὁ
1300 246 1638 322 δηλούμενος
1651 247 1883 323 Χριστὸς

163 361 252 401 (195)
279 333 682 406 ἀποπέφανται,
717 330 809 389 διὰ
836 335 947 388 τῶν
977 330 1227 406 πρόσθεν
1250 331 1382 406 ἡμῖν
1413 330 1758 391 ἀποδέδοται.
1797 357 1882 391 το-

232 614 254 646 l>

277 418 494 476 σούτων
524 419 648 488 περὶ
680 422 776 489 τῆς
806 419 905 473 τοῦ
925 419 1167 489 Χριστοῦ
1197 426 1566 493 προσηγορίας
1601 422 1882 492 διηγορευ-

277 505 460 576 μένων
503 504 638 575 φέρε
681 503 772 557 καὶ
802 503 929 575 περὶ
967 503 1062 572 τῆς
1092 503 1190 559 τοῦ
1212 500 1391 574 Ἰησοῦ
1434 501 1879 575 διασκεψώμεθα.

405 597 544 646 XVII.
593 590 823 659 Πρῶτος
853 583 1022 643 πάλιν
1035 589 1247 658 Μωσῆς
1277 585 1411 658 πρὸς
1440 586 1537 644 τὸν
1567 583 1738 644 αὑτοῦ
1771 586 1883 644 διά·
1902 609 1922 642 5

280 676 444 745 δοχον
486 672 644 746 ἑτέρα
684 669 962 743 χρώμενος
1003 678 1365 746 προσωνυμίᾳ
1392 667 1608 744 Ἰησοῦν
1646 670 1885 744 μετωνό-

277 775 468 828 μασεν.
531 758 833 828 γέγραπται
871 753 977 829 γὰρ
1015 753 1223 812 “z-afim
1263 754 1328 812 τὰ
1368 751 1609 829 ὀνόματα
1647 759 1758 813 τῶν
1787 753 1887 813 οἶν-

280 843 449 912 δρῶν,
481 835 580 905 οὕς
610 838 898 896 ἀπέστειλε
916 845 1129 912 Μωσῆς
1155 843 1607 908 κατασκέψασθαι
1630 839 1732 912 τὴν
1762 843 1885 913 γῆν,

279 927 370 982 καὶ
403 923 725 997 ἐπωνόμασε
757 927 971 996 Μωσῆς
1012 922 1107 982 τὸν
1137 922 1378 997 Ναυσῆν
1417 924 1544 982 υιὸν
1582 922 1748 997 Ναυῆ
1785 921 1888 997 Ἰη-

279 1015 448 1080 σοῦν,
489 1011 581 1065 καὶ
623 1005 944 1066 ἀπέστειλεν
975 1007 1191 1075 αὐτούς.
1203 1006 1233 1028 ”
1308 1014 1356 1065 2.
1389 1033 1492 1079 ορα
1533 1009 1599 1082 δὴ
1632 1010 1735 1066 οὐν
1765 1015 1909 1067 τίνα
1913 1033 1952 1065 ιο

277 1093 484 1167 τρόπον
529 1091 596 1149 οὐ
641 1117 808 1165 μικρα
851 1092 1056 1165 νοήσας
1101 1095 1228 1194 περὶ
1273 1092 1492 1166 φύσεως
1538 1091 1824 1167 ὄνοματων
1860 1089 1888 1150 ὁ

239 1177 584 1251 επροφήτης,
617 1174 756 1233 αλλὰ
787 1179 878 1233 καὶ
909 1185 1136 1235 πλεῖστα
1159 1176 1262 1234 ὅσα
1285 1180 1411 1248 περὶ
1434 1182 1547 1235 τῶν
1576 1176 1705 1252 παρ’
1743 1174 1890 1254 αὐτῷ

280 1265 798 1334 μετονομαζομένων
821 1267 997 1318 θείων
1020 1260 1246 1333 ἀνδρῶν
1267 1264 1358 1318 καὶ
1381 1287 1459 1320 ων
1478 1265 1638 1319 ε’νεκα
1662 1285 1891 1335 μετονο-

281 1346 538 1420 μαζονται
578 1344 958 1418 φιλοσοφήσας
1002 1344 1208 1418 εἰσάγει
1248 1344 1344 1402 τὸν
1369 1343 1612 1420 Ἀβραὰμ
1644 1353 1892 1404 ἔπαθλον

285 1429 369 1487 ἐπ’
405 1428 573 1503 ἀρετῇ
602 1427 1064 1502 ἄπολαμβανοντα
1095 1428 1229 1503 πρὸς
1260 1433 1357 1488 τοῦ
1387 1434 1527 1488 θεοῦ
1556 1425 1659 1502 την
1687 1428 1890 1503 πατρὸς
1914 1452 1956 1486 15

276 1514 521 1590 Ἀβραὰμ
569 1517 760 1585 ἐντελῆ
810 1520 1212 1588 προσηγορίαν,
1274 1513 1409 1586 όπερ
1462 1522 1520 1572 τί
1552 1537 1682 1573 ποτε
1735 1520 1897 1587 δηλοῖ

284 1598 350 1656 οὐ
372 1602 478 1657 νῦν
512 1604 809 1671 διασαφεῖν
839 1599 1043 1673 καιρός.
1105 1604 1152 1655 3.
1187 1597 1332 1657 οὕτω
1365 1600 1425 1656 δε
1456 1601 1546 1656 καὶ
1580 1597 1681 1671 τὴν
1697 1590 1892 1672 Σαραν

285 1683 516 1757 Σαρραν
541 1681 902 1755 ἐπονομασας,
934 1686 1251 1755 καὶγέλωτα
1271 1681 1367 1741 τὸν
1391 1681 1571 1742 Ἰσαακ
1601 1683 1705 1758 πρὸ
1735 1683 1893 1755 γενέ-

285 1786 422 1834 σεως
477 1770 932 1840 ἐπικεκλημένον,
985 1770 1074 1824 καὶ
1115 1766 1212 1825 τὸν
1245 1766 1439 1838 Ἰακώβ
1478 1770 1574 1838 τῆς
1616 1766 1791 1839 πάλης
1831 1765 1891 1823 τὸ

285 1859 550 1926 βραβεῖον
595 1851 685 1909 διὰ
722 1855 816 1923 τῆς
855 1855 955 1908 τοῦ
978 1849 1192 1924 Ἰσραὴλ
1234 1854 1547 1923 ἐπωνυμίας
1579 1847 1891 1924 ἀναδούμε-
1915 1874 1958 1906 20

282 1962 411 2007 νον,
443 1943 614 2009 μυρία
645 1959 704 1992 τε
736 1934 875 1991 ἄλλα
906 1938 1030 2004 περὶ
1062 1933 1350 2007 ὀνομάτων
1393 1934 1682 2008 δυνάμεως
1712 1959 1770 1992 τε
1801 1937 1893 1991 καὶ

239 2047 261 2078 d
286 2020 507 2092 φύσεως
536 2018 792 2091 θειότερα
822 2015 854 2089 ἢ
888 2016 1007 2075 κατ’
1056 2016 1359 2091 ἄνθρωπον
1392 2022 1569 2095 ἐνθέῳ
1601 2026 1769 2094 σοφία
1801 2021 1893 2075 καὶ

287 2102 558 2175 ἐπιστήμῃ
594 2101 905 2174 διαλαβών,
947 2103 1184 2175 μηδενὸς
1215 2106 1326 2160 τῶν
1356 2103 1461 2174 πρὸ
1494 2100 1665 2160 αὐτοῦ
1696 2107 1806 2160 τῶν
1840 2105 1891 2170 ἐξ,

290 2190 490 2253 αἰῶνος
534 2192 608 2262 τῷ
654 2191 752 2243 τοῦ
780 2184 956 2258 Ἰησοῦ
1002 2190 1342 2260 κεχρημένου
1380 2185 1632 2260 ὀνόματι,
1680 2190 1891 2259 πρῶτος

291 2266 469 2338 αὐτος
483 2279 624 2347 θείῳ
657 2293 926 2343 πνευματι
957 2273 1333 2345 θεοφορηθεὶς
1364 2269 1460 2328 τὸν
1490 2275 1759 2344 μέλλοντα
1790 2267 1889 2325 αὗ-
1915 2292 1956 2326 25

287 2359 385 2412 τοῦ
415 2333 675 2428 διάδοχον
698 2361 791 2427 τῆς
813 2354 980 2428 αρχῆς
1003 2358 1102 2412 τοῦ
1125 2358 1264 2412 λαοῦ
1283 2353 1746 2426 καταστήσεσθαι.
1779 2355 1893 2410 ἑτέ-

288 2464 366 2516 ρω
398 2438 682 2540 πρότερον
695 2435 920 2512 ὀνόματι
951 2442 1287 2512 κεχρημένον
1310 2437 1653 2511 μεταβαλών,
1679 2436 1894 2510 Ἰησοῦν

289 2532 474 2596 καλεῖ,
521 2521 623 2580 οὐκ
652 2521 845 2593 αρκεῑν
874 2519 1179 2596 ηγούμενος
1219 2522 1321 2594 τὴν
1363 2526 1422 2579 ἐκ
1452 2520 1744 2595 προγόνων
1776 2525 1895 2578 ἐπι-

291 2616 597 2679 κληθεῖσαν
637 2607 784 2683 αὐτῷ
826 2610 1157 2684 γεννωμένῳ
1196 2613 1597 2679 προσηγορίαν·
1655 2608 1894 2677 Ναυσῆν

291 2692 394 2764 γὰρ
440 2689 609 2749 αὐτὸν
654 2691 908 2764 έφώνουν
953 2696 1011 2750 οὗ
1048 2689 1429 2764 γεννήσαντες.
1506 2695 1555 2748 4.
1597 2687 1719 2746 ἀλλ’
1763 2686 1791 2746 ὅ
1831 2713 1892 2761 γε
1916 2712 1957 2744 30

291 2775 575 2847 προφήτης
607 2781 704 2832 τοῦ
735 2779 876 2833 θεοῦ
904 2774 963 2832 τὸ
989 2780 1047 2832 ἐκ
1077 2777 1299 2846 γενετῆς
1330 2773 1564 2847 ἀμείψας
1594 2773 1765 2846 ὄνομα
1789 2771 1894 2845 Ἰη-

293 2863 429 2915 σοῦν
468 2858 563 2916 τὸν
603 2857 781 2932 ἄνδρα
822 2860 958 2916 κατὰ
997 2857 1054 2915 τὸ
1097 2869 1258 2915 θεῖον
1299 2862 1515 2931 πνεῦμα
1557 2866 1733 2915 καλεῖ·
1790 2855 1893 2913 οὐκ
