1946 3158
219 166 300 194 ΧΠ
839 150 1196 194 ΚΕΦΑΛΑΙΩΝ

292 267 476 319 348,1.
543 259 630 323 Ὡς
657 259 796 328 ἥλιον
825 254 1146 326 δικαιοσύνης
1170 257 1258 313 τόν
1288 260 1502 330 Χριστὸν
1527 257 1666 314 ὁτῶν
1697 260 1826 315 όλων

220 326 338 392 θεὸς
365 329 613 397 ὀνομάζει.

293 408 389 454 351
439 411 476 453 3.
554 402 681 469 Περὶ
718 406 804 467 τῆς
839 404 927 452 τοῦ
953 403 1079 451 θεοῦ
1105 399 1255 469 λόγου
1294 404 1361 463 εἰς
1392 399 1695 470 ἀνθρώπους
1721 404 1827 455 ἐπι-

223 473 411 538 δημίας.

292 548 520 627 352,10,
588 537 854 623 Ἀναβασις
898 544 1023 592 θεοῦ
1060 540 1577 631 προκατεληλυθότος,
1621 563 1703 593 και
1747 543 1829 594 ἐπὶ

222 613 375 682 ταύτῃ
402 615 569 677 κλῆσις
595 612 762 662 ἐθνῶν
788 606 1039 676 ἆπαντων,
1067 610 1152 662 τὸν
1179 613 1266 663 ἕνα
1287 613 1369 663 καὶ
1391 610 1544 679 μόνον
1569 610 1696 663 θεὸν
1722 613 1827 664 ε’πι-

219 683 555 750 γνωσομένων.

292 758 407 809 354,
435 763 506 807 29.
575 747 662 813 Ὡς
689 751 921 839 ἐμφανῶς
954 751 1015 818 ἧς
998 762 1094 802 ςειν
1127 747 1153 803 ὁ
1180 749 1300 814 θεὸς
1339 755 1409 814 εἷς
1434 750 1734 815 ανθρώπους
1759 753 1830 805 λε’-

219 843 378 890 γεται,
415 822 496 872 καὶ
533 827 634 872 πᾶν
668 823 807 889 γένος
840 816 1127 892 ἀνθρώπων
1159 820 1282 890 πρὸς
1318 817 1492 874 ἑαυτὸν
1525 821 1826 876 ἀνακαλέσα-

162 902 172 911 ’
220 900 358 945 σθαι.

291 969 407 1019 356,
435 971 477 1013 6.
547 961 635 1023 Ως
661 962 739 1012 ἐπὶ
767 966 858 1029 γῆς
884 959 1208 1028 ὀφθήσεσθαι
1228 957 1254 1014 ό
1272 959 1392 1025 θεὸς
1419 966 1603 1032 λέγεται
1635 959 1716 1014 δια
1742 967 1829 1029 τῆς

223 1037 309 1084 τοῦ
336 1035 556 1099 Χριστοῦ
584 1034 651 1092 εἰς
676 1029 975 1099 ἀνθρώπους
1003 1035 1307 1097 ἐπιφανείας.

293 1110 392 1155 356
436 1112 504 1153 21.
580 1107 840 1171 Παρουσία
877 1107 1054 1172 κυρίου
1080 1105 1158 1154 ἐπὶ
1184 1108 1299 1188 γῆς,
1341 1107 1560 1187 βασιλεία
1596 1124 1644 1154 τε
1673 1098 1828 1155 αὐτοῦ

221 1174 299 1224 ἐπὶ
327 1176 422 1223 τῶν
449 1173 643 1236 ἐθνῶν,
681 1173 858 1225 καινόν
893 1194 943 1225 τε
979 1173 1113 1245 ᾆσμα
1150 1194 1208 1226 ου
1235 1178 1305 1244 τῷ
1324 1169 1543 1243 Ἰσραὴλ,
1578 1172 1702 1224 ἄλλα
1729 1180 1829 1235 τοῖς

221 1245 389 1295 ἔθνεσι
418 1242 777 1313 δοθησομενον.

292 1319 407 1370 357,
436 1323 504 1364 21.
576 1313 751 1380 Ἀισμα
785 1310 987 1382 καινὸν,
1022 1317 1207 1398 γνῶσίς
1242 1334 1290 1365 τε
1317 1313 1483 1365 ἐθνῶν
1512 1317 1599 1378 τῆς
1634 1317 1722 1364 τοῦ
1747 1334 1829 1364 κυ-

219 1387 330 1452 ρίου
359 1382 702 1448 δικαιοσύνης,
731 1385 989 1451 ἐρχόμενός
1014 1406 1063 1435 τε
1089 1379 1237 1444 αὐτὸς
1263 1380 1431 1451 κριτὴς
1456 1388 1557 1436 τῶν
1580 1382 1722 1436 όλων.

291 1460 523 1511 358,16.
599 1453 767 1544 Λόγος
799 1461 926 1506 θεοῦ
962 1457 1030 1516 εἰς
1071 1451 1372 1523 ἀνθρώπους
1416 1452 1830 1521 αποστελλόμενος

219 1524 298 1575 ἐπὶ
333 1527 575 1594 θεραπεία
610 1526 693 1575 καὶ
738 1529 953 1598 σωτηρία
1000 1528 1177 1592 ψυχῶν
1221 1529 1321 1576 τῶν
1355 1524 1507 1576 πάλαι
1545 1525 1598 1576 ἐν
1633 1527 1830 1586 κακίαις

219 1596 605 1660 τετρυχωμένων.

291 1671 504 1723 360,13.
574 1661 772 1718 Ἐθνῶν
797 1670 970 1731 κλῆσις
995 1662 1115 1727 θεός
1140 1685 1189 1716 τε
1223 1659 1488 1729 ε’πιφανης,
1515 1665 1598 1715 καὶ
1625 1658 1826 1731 ευλογη-

220 1736 365 1801 μένος
402 1732 427 1786 ὃ
455 1733 712 1802 ἐρχόμενος
739 1738 792 1788 ἐν
818 1734 1028 1802 ὀνόματι
1056 1739 1249 1818 κυρίου.

291 1812 504 1862 361,14.
553 1803 738 1871 Κύριος
757 1804 1043 1894 οὐρανόθεν
1069 1800 1257 1855 κατιῶν
1279 1798 1567 1870 ἀνθρώπων
1588 1807 1830 1871 σωτηρίας

219 1875 403 1939 ε’νεκεν,
433 1871 540 1945 ῴδη
565 1895 614 1926 τε
643 1876 721 1926 ἐπὶ
749 1878 904 1946 τούτῳ
932 1871 1146 1946 διδομένη
1173 1871 1340 1940 καινὴ,
1367 1871 1398 1940 ἡ
1418 1878 1504 1940 τῆς
1521 1896 1700 1940 καινης
1726 1877 1828 1926 δια-

220 1945 389 2011 θήκης
417 1943 627 2009 δηλαδή.

292 2022 409 2073 362,
437 2025 504 2067 20.
575 2011 625 2066 Ο
651 2019 778 2067 θεοῦ
805 2017 948 2099 λόγος
975 2015 1054 2065 ἐπὶ
1087 2019 1178 2082 γῆς
1203 2009 1635 2081 ἀποστελλόμενος,
1662 2016 1746 2067 καὶ
1775 2015 1829 2067 ἕν

220 2089 399 2152 βραχεῖ
418 2084 579 2156 χρόνω
605 2106 795 2147 παντας
820 2080 1123 2170 ἀνθρώπους
1149 2086 1427 2172 διατρέχων.

292 2162 409 2213 363,
437 2164 479 2207 8.
541 2157 728 2241 Κύριος
748 2156 795 2218 ἐξ
815 2150 1034 2220 οὐρανοῦ
1054 2151 1256 2210 κατιών..
1284 2152 1558 2222 ηγούμενος
1583 2159 1682 2207 τῶν
1708 2156 1828 2221 πρὶν

221 2245 314 2276 ουκ
341 2224 628 2293 ἐγνωκότων
662 2223 814 2278 αὐτον
851 2226 1047 2292 ἐθνῶν,
1088 2221 1141 2277 τὸ
1170 2227 1222 2278 δὲ
1245 2222 1497 2277 Ιουδαίων
1533 2228 1683 2287 ε’θνος
1707 2224 1827 2277 ἀπο-

220 2298 636 2362 στραφησόμενος.

293 2372 408 2423 364,
444 2377 484 2418 5.
565 2361 686 2428 Θεὸς
729 2359 1011 2433 ουρανόθεν
1050 2362 1234 2418 κατιών
1275 2366 1360 2417 καὶ
1396 2362 1501 2432 μετ’
1540 2362 1827 2431 ἀνθρώπων

222 2437 300 2488 ἐπὶ
328 2441 420 2503 γῆς
446 2440 705 2488 κατοικῶν.

293 2514 394 2561 366
437 2517 503 2557 11
579 2508 708 2574 Περὶ
734 2509 819 2572 τῆς
846 2507 892 2570 ἕξ
918 2499 1157 2592 οὐρανῶν
1170 2507 1239 2567 εἰς
1259 2500 1566 2574 ανθρώπους
1587 2502 1825 2588 καθόδου,

221 2581 306 2628 καὶ
331 2578 452 2660 περὶ
467 2581 555 2641 τῆς
582 2577 660 2628 ε’πὶ
688 2580 772 2640 τῆς
798 2578 1068 2640 παρουσίας
1093 2574 1250 2627 αὐτοῦ
1283 2577 1548 2642 γενομένης
1575 2571 1841 2641 ἀποβολῆς.

220 2647 311 2713 μὲν
336 2651 423 2698 τοῦ
441 2641 690 2699 Ἰουδαίων
717 2648 915 2713 ἔθνους,
943 2642 1256 2711 εἰσποιήσεως
1277 2647 1328 2698 δὲ
1348 2649 1447 2697 τῶν
1466 2649 1649 2697 λοιπῶν
1666 2666 1823 2697 απαν-

225 2737 323 2772 των
350 2716 534 2768 ἐθνῶν.

294 2792 409 2843 374,
437 2797 478 2838 7.
528 2782 613 2848 Ως
641 2783 895 2853 ἐρχόμενος
920 2782 1054 2851 ἥξειν
1080 2786 1163 2837 καὶ
1191 2781 1250 2837 οὐ
1276 2788 1519 2854 χρονίσειν
1545 2782 1571 2837 ὁ
1596 2790 1684 2838 τοῦ
1699 2790 1826 2838 θεοῦ

224 2855 366 2923 λόγος
391 2857 766 2922 προεφητεύετο.
