1946 3158
210 134 310 186 192
874 133 1123 177 EUSEBII

206 253 382 324 τρικοὶ
415 251 474 307 δὲ
505 250 602 307 τὸν
641 248 879 323 ἄρχοντα
919 255 1045 307 τίνα
1075 247 1243 308 ἄλλον
1282 247 1315 323 ἢ
1346 252 1664 323 γεωμέτρην
1698 253 1818 308 ἐπι-

207 333 514 410 γράψονται
558 336 650 390 καὶ
688 332 1042 407 ἀριθμητικοὶ
1088 333 1184 391 τὸν
1233 333 1631 408 ἀριθμητικόν;
1677 335 1815 392 κατὰ

207 419 274 476 τὰ
305 418 443 476 αὐτὰ
475 419 537 475 δὲ
567 420 659 474 καὶ
690 417 882 491 γόητος
915 415 1117 491 ἀνδρὸς
1155 422 1401 492 μέγιστοι
1432 415 1502 476 ἀν
1534 418 1648 476 εἷεν
1677 418 1812 492 μάρ-

206 527 366 576 τυρες
410 507 468 560 οἱ
502 505 785 575 φοιτηταὶ,
826 502 891 560 τὰ
929 499 1089 575 ὅμοιά
1119 525 1228 560 που
1267 507 1344 580 τῷ
1377 502 1694 580 διδασκάλῳ
1725 505 1816 560 καὶ

94 613 185 655 (128)
211 585 365 646 αὐτοὶ
396 586 688 660 μετιόντες.
755 591 834 644 13.
868 585 1005 644 ἀλλά
1035 585 1221 654 οὐδείς
1251 610 1337 644 πω
1367 586 1647 645 τοσούτων
1680 591 1816 645 ἐτῶν
1838 611 1859 643 5

207 671 337 744 γόης
368 674 644 744 πέφανται
675 674 775 728 τοῦ
800 669 978 744 Ἰησοῦ
1001 671 1283 745 μαθητὴς,
1316 678 1491 730 καίτοι
1520 671 1610 728 διὰ
1641 670 1817 743 βασά-

207 780 324 814 νων
354 763 546 829 πείρας
577 760 688 813 τῶν
719 756 855 813 κατὰ
885 756 1119 830 χρόνους
1144 752 1432 830 ἡγεμόνων
1455 779 1514 813 τε
1536 757 1630 813 καὶ
1661 762 1818 828 βασι-

209 843 351 898 λέων
382 838 583 946 ἀκριβῆ
615 844 727 898 τῶν
751 838 887 898 καθ’
921 837 1061 914 ἡμᾶς
1084 839 1423 914 πραγμάτων
1445 841 1548 913 τὴν
1573 842 1818 909 ἐξέτασιν

206 927 611 998 πεποιημένων.
678 929 756 983 14.
791 922 964 992 οὕτως
1000 926 1060 983 δε
1091 924 1197 1026 ἄρα
1228 924 1414 991 οὐδεὶς
1444 926 1514 997 ἠν
1553 924 1712 998 γόης,
1746 921 1818 992 ὡς

211 1008 511 1083 ἐλεύθερον
552 1006 826 1082 ἀφεῖσθαι
866 1012 958 1067 καὶ
988 1010 1191 1077 παντὸς
1225 1008 1374 1078 ἐκτὸς
1419 1007 1691 1067 κινδύνου
1722 1009 1819 1066 τὸν
1843 1034 1883 1065 10

209 1090 342 1151 αὐτὸ
383 1092 557 1167 μόνον
595 1093 654 1151 τὸ
695 1101 869 1152 θῦσαι
913 1094 1049 1167 πρὸς
1091 1093 1276 1152 αὐτῶν
1304 1095 1707 1195 βεβιασμένον.
1771 1099 1822 1151 εί

212 1179 271 1235 δε
302 1180 491 1245 οὐδεὶς
522 1201 742 1236 πωποτε
772 1185 885 1236 τῶν
915 1178 1046 1236 καθ’
1092 1176 1233 1253 ἡμᾶς
1263 1176 1391 1236 οὔτε
1420 1203 1533 1236 των
1567 1182 1820 1235 παλαιῶν

211 1265 440 1320 ἐκείνων
479 1266 580 1320 τοῦ
585 1261 791 1363 Ἰησοῦ
831 1267 1101 1337 μαθητων
1138 1270 1390 1370 γοητείας
1429 1260 1575 1334 ἥλω,
1616 1261 1748 1320 οὐδὲ
1789 1261 1818 1319 ὁ

163 1374 184 1403 ι,
213 1345 543 1413 διδάσκαλος
575 1339 645 1419 ἦν
675 1346 782 1420 ἄρα
814 1351 1071 1416 τοιοῦτος.
1141 1353 1234 1405 ίνα
1267 1349 1328 1404 δὲ
1357 1345 1430 1421 μὴ
1464 1350 1516 1416 ἐξ
1549 1345 1818 1420 ἀγράφων

208 1430 236 1488 ὁ
270 1430 428 1503 λόγος
470 1430 603 1504 ημῖν
645 1431 862 1505 οδεύοι,
907 1435 1070 1506 δέχου
1110 1432 1206 1499 τάς
1247 1431 1557 1500 ἀποδείξεις
1588 1433 1679 1488 καὶ
1710 1428 1817 1488 ἀπὸ
1842 1456 1881 1488 15

212 1521 453 1590 ἱστορίας
486 1516 782 1590 ἐγγράφου.
849 1522 928 1576 15.
957 1523 1015 1575 οἱ
1042 1516 1111 1591 δὴ
1142 1521 1348 1590 πρῶτοι
1379 1521 1477 1574 τοῦ
1502 1515 1686 1589 Ἰησοῦ
1714 1539 1820 1588 μα-

209 1602 378 1672 θηταὶ
412 1604 471 1658 ἐν
502 1603 571 1674 τῇ
600 1607 781 1679 βίβλῳ
821 1604 935 1660 τῶν
971 1607 1133 1659 ἰδίων
1163 1599 1431 1675 Πράξεων
1474 1602 1819 1671 ἱστοροῦνται

207 1684 334 1751 τοὺς
349 1687 400 1752 ἐξ
427 1689 614 1742 ἐθνῶν
630 1689 697 1760 τῇ
722 1691 1054 1762 διδασκαλίᾳ
1065 1684 1252 1743 αὐτῶν
1263 1684 1622 1759 προσιόνταςῖἒς
1636 1692 1663 1722 ³³⁶
1678 1682 1818 1740 ὥστε

210 1770 446 1836 πολλοὺς
477 1775 586 1827 τῶν
620 1769 888 1845 πρότερον
918 1773 1044 1845 περὶ
1076 1776 1335 1843 γοητείαν
1367 1771 1819 1841 διαβεβλημένων

213 1859 289 1920 εἰς
319 1857 583 1912 τοσοῦτον
627 1861 959 1927 μεταβαλεῖν
998 1852 1094 1912 τὸν
1137 1856 1352 1912 ἑαυτῶν
1384 1852 1590 1926 τρόπον
1635 1851 1708 1920 ὡς
1739 1858 1817 1919 εἰς
1840 1877 1882 1909 20

210 1941 380 2010 μέσον
410 1934 641 2010 ἀγαγεῖν
670 1943 935 2012 τολμῆσαι
964 1936 1058 2005 τάς
1081 1937 1537 2012 ἀπηγορευμένας
1568 1942 1817 2010 βίβλους,

211 2023 304 2079 καὶ
350 2021 554 2087 ταύτας
603 2022 842 2081 ἐνώπιον
880 2021 1105 2080 πάντων
1136 2026 1272 2095 πυρὶ
1303 2025 1669 2095 παραδοῦναι.
1734 2026 1813 2078 16.

214 2103 527 2162 ἐπάκουσον
561 2107 620 2162 δὲ
649 2103 798 2173 ὅπως
829 2106 862 2179 ἡ
888 2106 1073 2181 γραφὴ
1099 2109 1333 2180 περιέχει
1360 2103 1579 2164 κἱκανοὶ
1615 2107 1676 2163 δὲ
1705 2109 1819 2164 τῶν

164 2231 179 2251 ς
212 2189 279 2246 τὰ
330 2195 597 2263 περίεργα
649 2189 976 2263 πραξάντων
1029 2194 1549 2264 συνεισενέγκαντες
1588 2190 1682 2257 τὰς
1729 2196 1821 2262 βί-

213 2281 381 2345 βλους
433 2276 722 2332 κατέκαιον
763 2274 1000 2333 ἐνωπιον
1049 2274 1302 2348 πάντων,
1354 2278 1446 2333 καὶ
1502 2274 1818 2347 συνεψήφι-
1839 2297 1880 2329 25

213 2376 318 2416 σαν
348 2359 444 2425 τάς
475 2358 630 2432 τιμὰς
663 2383 875 2432 αυτων,
920 2362 1012 2417 καὶ
1046 2383 1212 2432 ευρον
1241 2359 1513 2433 ἀργυρίου
1543 2357 1818 2432 μυριάδας

214 2440 415 2501 πέντεῖ

350 2533 428 2585 17
466 2531 713 2586 Τοιοῦτοι
739 2526 806 2602 δή
829 2552 974 2595 τινες
997 2533 1053 2586 οί
1070 2552 1169 2586 του
1193 2532 1436 2602 σωτῆρος
1459 2525 1616 2600 ἡμῶν
1638 2537 1819 2600 μαθη-

212 2614 300 2668 ταὶ
341 2611 615 2685 τοσαύτην
669 2611 907 2686 δύναμιν
959 2615 1331 2687 προφέροντες
1377 2610 1557 2685 λόγων
1599 2615 1659 2669 ἐν
1699 2625 1818 2678 ταῖς

212 2696 347 2769 πρὸς
390 2695 516 2764 τοὺς
557 2695 941 2772 ἀκροωμένους
981 2694 1246 2771 ὁμιλίαις,
1300 2695 1372 2764 ὡς
1423 2706 1817 2755 καθικνεῖσθαι
1841 2718 1881 2750 30

327 2892 379 2932 23
411 2892 511 2931 Act.
539 2893 605 2942 19,
633 2894 697 2932 19.
