1946 3158
566 142 874 186 DEMONST.
906 142 1127 187 EVANG.
1160 143 1221 184 11.
1253 147 1291 185 3.
1695 142 1764 194 97

154 260 253 320 τὸν
281 258 492 334 κύριον.
553 261 645 316 καὶ
675 256 969 331 ποιήσουσι
992 265 1228 328 θυσίας,
1261 259 1353 315 καὶ
1385 256 1637 327 εὔξονται
1670 256 1767 317 εύ-

157 345 255 420 χάς
294 349 370 422 τῷ
422 349 598 420 κυρίῳ
650 345 741 400 καὶ
780 340 1227 401 άποδώσουσιν.”
1319 351 1461 401 ἔνθα
1511 346 1602 400 καὶ
1645 346 1765 400 ε’πι-

155 429 376 502 στήσεις
418 424 490 494 ὦς
525 425 675 494 ἐκτὸς
714 430 809 501 τῆς
841 426 1197 502 Ἰερουσαλὴμ
1229 429 1319 485 ἐπὶ
1343 431 1438 502 τῆς
1472 426 1764 500 Αἰγύπτου

155 513 561 588 θυσιαστήριον
598 515 674 588 τῷ
729 518 904 589 κυρίῳ
951 511 1360 585 συστήσεσθαι,
1414 516 1505 570 καὶ
1559 512 1765 570 θύσειν

110 628 134 661 5
157 597 364 657 αὐτόθί
408 596 536 664 τοὺς
577 603 924 670 Αἰγυπτίους
976 600 1068 654 καὶ
1119 595 1382 666 εὔξεσθαι
1427 595 1618 672 εὐχάς,
1671 601 1765 655 καὶ

152 681 471 742 ἀποδώσειν
499 686 575 759 τῷ
607 688 783 758 κυρίῳ
814 679 1234 756 προφητεύεται.
1289 686 1372 740 34.
1406 679 1473 740 ού
1497 681 1670 757 μόνον
1703 683 1765 739 δὲ

151 767 262 843 ἄρα
293 770 381 826 ἐπὶ
413 771 509 840 τῆς
541 765 860 840 Αἰγύπτου,
893 763 1032 822 ἄλλα
1063 768 1153 822 καὶ
1188 764 1272 822 ἐπ’
1311 765 1480 840 αὐτῆς
1502 770 1598 840 τῆς
1628 765 1766 840 άλη-

152 855 294 919 θοῦς
317 849 698 926 Ἰερουσαλὴμ,
740 847 857 923 ἥτις
887 851 1018 908 ποτὲ
1050 847 1187 923 αῦτη
1218 865 1455 923 νοεῖται,
1487 851 1668 909 πάντα
1697 852 1764 909 τὰ
1786 887 1805 909 e

155 943 326 1011 ἔθνη,
381 939 474 994 καὶ
519 932 684 993 αὐτοί
728 936 807 1007 γε’
842 938 901 992 οἰ
927 932 1153 993 πάντων
1202 938 1763 1010 δεισιδαιμονέστατοι

91 1049 133 1082 10
156 1020 454 1095 Αἰγύπτιοι
493 1018 594 1094 τὴν
635 1018 772 1077 κατὰ
815 1017 1069 1078 διάνοιαν
1119 1022 1520 1094 θεωρουμένην
1561 1039 1765 1092 σκηνο-

153 1112 359 1180 πηγίαν
393 1104 678 1180 ἑορτάσειν
706 1100 816 1162 ὑπὸ
844 1107 940 1178 τῆς
969 1111 1307 1179 προφητείας
1336 1102 1761 1163 ἀνακαλοῦνται.

154 1195 238 1249 35.
275 1197 326 1249 εἰ
355 1191 417 1249 δὲ
447 1193 540 1248 καὶ
570 1188 739 1247 πάλαι
770 1187 1038 1264 πρότερον
1063 1185 1346 1263 “ε’γενήθη
1377 1192 1532 1263 μερὶς
1564 1195 1764 1260 κυρίου

154 1275 284 1342 λαὸς
337 1273 510 1333 αὐτοῦ
556 1272 780 1346 Ἰακώβ,
828 1280 1120 1348 σχοίνισμα
1171 1282 1540 1348 κληρονομίας
1594 1273 1766 1332 αὐτοῦ

147 1356 419 1435 Ἰσραὴλ,”
464 1356 584 1416 ἄλλ’
629 1355 865 1431 ὕστερόν
905 1382 1036 1417 ποτε
1075 1360 1168 1417 καὶ
1198 1358 1264 1416 τὰ
1294 1366 1436 1433 ἔθνη
1478 1358 1658 1417 πάντα
1687 1361 1766 1436 τῷ

49 1469 133 1523 '¹15
155 1450 331 1522 κυρίῳ
386 1441 733 1518 δοθήσεσθαι
781 1447 982 1516 κλῆρος
1024 1452 1236 1517 εἴρηται
1284 1442 1564 1517 φήσαντος
1615 1442 1763 1521 αὐτῷ

153 1534 252 1586 τοῦ
282 1526 485 1602 πατρὸς
507 1523 767 1600 “αἰ’τησαι
797 1524 931 1601 παρ’
966 1531 1130 1602 ἐμοῦ,
1175 1530 1266 1584 καὶ
1310 1527 1471 1586 δώσω
1503 1548 1591 1586 σοι
1622 1535 1763 1601 ε”θνη

152 1613 254 1687 τὴν
285 1618 660 1686 κληρονομίαν
693 1607 852 1670 σου.”
923 1613 1015 1669 καὶ
1059 1611 1165 1686 γὰρ
1206 1611 1666 1685 κατακυριεύσειν
1695 1610 1763 1670 οὐ

151 1700 248 1770 τῆς
274 1694 572 1770 Ἰουδαίας,
605 1693 726 1753 ἀλλ’
762 1694 870 1759 ,ἀπὸ
900 1695 1187 1770 θαλάσσης
1219 1699 1319 1763 ἕως
1351 1696 1639 1771 θαλάσσης
1670 1700 1763 1754 καὶ

153 1779 409 1857 περάτων
437 1785 533 1854 τῆς
563 1782 891 1854 οἰκουμένης
931 1779 1335 1855 προφητεύεται
1359 1777 1578 1839 “mima
1609 1805 1667 1839 τε
1696 1781 1763 1840 τὰ

86 1891 131 1925 20
154 1873 294 1940 ἔθνη
343 1863 747 1925 δουλεύσουσιν
787 1861 965 1943 αύτῷ,
1007 1867 1099 1922 καὶ
1131 1864 1671 1939 ε’νευλογηθήσονται
1704 1869 1765 1924 ἐν
1788 1891 1812 1924 d

154 1949 304 2028 αὐτῷ
348 1957 519 2009 πᾶσαι
561 1955 623 2008 αἱ
663 1951 838 2023 φυλαὶ
878 1954 975 2023 τῆς
1014 1947 1169 2024 γῆς.”
1231 1954 1314 2008 36.
1349 1949 1547 2008 τούτου
1590 1952 1652 2008 δὲ
1693 1943 1765 2024 ἦν

151 2045 331 2094 αἴτιον
358 2036 419 2094 τὸ
450 2042 723 2109 γνωρίσαι
753 2038 866 2092 τῶν
905 2033 1051 2092 ὅλων
1093 2034 1232 2093 θεὸν
1259 2033 1322 2093 τό
1354 2034 1628 2108 σωτήριον
1659 2032 1763 2093 αύ-

147 2124 248 2179 τοῦ
302 2119 540 2179 ἐνώπιον
579 2119 805 2178 πάντων
851 2122 964 2177 τῶν
1012 2122 1212 2179 ε’θνῶν.
1295 2128 1659 2194 σεσημείωται
1701 2121 1764 2178 δὲ

149 2203 285 2279 ἡμῖν
314 2203 422 2279 ἤδη
453 2202 724 2279 πρότερον
737 2204 798 2262 τὸ
824 2201 1031 2278 Ἰησοῦς
1060 2202 1234 2279 ’ὄνομα
1259 2211 1336 2273 είς
1359 2203 1462 2278 τὴν
1485 2201 1763 2279 Ἑλλήνων

83 2313 131 2347 25
153 2287 260 2347 ἀπὸ
303 2293 399 2362 τῆς
422 2288 695 2365 Ἑβραίων
732 2289 1214 2364 μεταβαλλόμενον
1254 2294 1447 2364 φωνῆς
1488 2288 1763 2365 σωτήριον

153 2373 589 2450 ἑρμηνεύεσθαι,
634 2370 705 2441 ὡς
745 2375 922 2448 μηδὲν
961 2378 1151 2450 ἕτερον
1193 2374 1336 2432 εἶναι
1386 2372 1446 2432 τὸ
1487 2373 1762 2448 σωτήριον

151 2462 251 2517 τοῦ
289 2463 428 2518 θεοῦ
467 2455 501 2532 ἢ
543 2457 644 2533 τὴν
682 2463 781 2516 τοῦ
825 2463 1067 2533 σωτῆρος
1107 2455 1264 2533 ἡμῶν
1300 2457 1475 2532 Ἰησοῦ
1516 2462 1758 2533 Χριστοῦ
1784 2484 1852 2527 μοι

150 2550 541 2619 προσηγορίαν.
616 2547 699 2600 37.
731 2557 1003 2619 μαρτυρεῖ
1028 2543 1204 2620 τούτῳ
1245 2546 1338 2601 καὶ
1367 2543 1396 2600 ὁ
1430 2541 1671 2616 Συμεών
1704 2545 1764 2600 ἐν

150 2631 225 2704 τῷ
259 2626 591 2706 εὐαγγελίῳ,
631 2625 690 2694 ὃς
733 2626 924 2700 λαβών
952 2626 1014 2686 τὸ
1055 2633 1310 2701 παιδίον,
1351 2626 1524 2685 αὐτὸν
1565 2625 1634 2700 δή
1663 2627 1762 2685 τὸν

86 2734 131 2770 v30
148 2708 391 2785 Ἰησοῦν,
443 2712 577 2786 μετὰ
621 2726 806 2786 χεῖρας
856 2712 1124 2786 ἐπηύξατο
1157 2710 1304 2771 “νῦν
1353 2710 1615 2778 ἀπολύεις
1663 2710 1763 2769 τὸν

268 2851 318 2890 12
350 2851 490 2891 Deut.
511 2852 579 2902 32,
601 2852 640 2893 9.
836 2851 887 2890 16
918 2851 993 2892 Ps.
1016 2852 1055 2900 2,
1080 2851 1122 2891 8.
1327 2852 1376 2891 19
1410 2851 1482 2891 Ps.
1506 2851 1577 2904 72,
1600 2851 1668 2892 11.
1691 2851 1762 2890 27.

152 2908 208 2947 30
236 2907 350 2950 Luc.
373 2908 412 2957 2,
437 2908 503 2947 29.

237 2989 466 3018 ΕυεΕΒωε
494 2990 567 3019 111.
1426 2995 1438 3026 ι
