1992 3186
256 114 360 166 676
928 115 1177 156 EUSEBII
1215 140 1217 142 ψ

255 233 701 305 περιμενουσῶν,
744 231 836 286 καὶ
866 229 1057 303 κατῄει
1086 253 1151 301 γε
1180 230 1362 302 θύρας
1403 238 1608 305 χαλκᾶς
1637 239 1866 306 συντρί-

256 332 408 388 ψων,
451 317 541 371 καὶ
583 311 820 387 μοχλούς
865 317 1127 388 σιδηροῦς
1178 314 1544 390 συνθλάσων,
1593 319 1685 374 καὶ
1738 316 1865 384 τούς

255 402 390 474 πρὶν
415 403 673 471 δεσμίους
684 396 878 455 ’Ἅιδου
903 401 1235 472 ἐλευθέρους
1258 395 1510 472 ἄνήσων·
1543 397 1573 457 ὃ
1596 405 1688 459 καὶ
1711 405 1866 475 γέγο-

254 508 370 554 νεν,
402 480 491 539 ὅτε
509 481 685 539 πολλοὶ
707 481 934 555 σώματα
956 486 1069 540 τῶν
1091 486 1507 556 κεκοιμημένων
1530 481 1707 557 ἁγίων
1735 485 1866 544 ἀνα-

254 566 460 624 στάντα
490 571 867 637 συνεισῆλθον
898 564 1046 644 αὐτῷ
1079 573 1157 634 είς
1186 566 1288 640 τὴν
1317 566 1544 640 ἀληθῶς
1573 567 1740 642 ἁγίαν
1767 575 1867 628 τοῦ
1891 596 1911 627 5

253 656 393 710 θεοῦ
425 650 613 708 πόλιν
659 656 744 709 65.
779 656 840 708 αἱ
861 653 921 708 δὲ
954 650 1219 725 δυνάμεις
1250 657 1313 708 αἱ
1337 651 1711 726 ἀνακείμεναι
1734 654 1870 727 πρὸς

253 750 367 803 τοῖς
397 741 510 793 τῶν
533 733 855 809 ἀνθρώπων
877 751 1066 803 κακοῖς
1092 735 1550 811 ἐπεστρατεύοντο
1575 735 1744 816 αὐτῷ,
1777 737 1871 795 λύ-

255 843 367 893 πην
407 817 474 877 οὔ
514 819 716 895 μικρὰν
755 823 846 878 καὶ
885 829 1087 889 θλῖψιν
1127 819 1277 898 αὐτῷ
1316 824 1684 895 παρέχουσαι,
1736 821 1870 880 ἄπο-

208 929 232 961 d
256 910 540 981 κλαομένω
571 907 662 962 καὶ
696 902 785 962 ἐπ’
821 902 1016 972 αὐταῖς
1049 904 1120 962 δι’
1156 905 1478 979 ὑπερβολὴν
1510 903 1869 980 ἀγαθότητος.

256 989 396 1047 ἀλλὰ
429 990 533 1065 γὰρ
574 989 729 1063 τήρει
768 997 894 1047 τίνα
923 990 1130 1063 τρόπον
1173 993 1347 1047 ταῦτα
1387 989 1569 1048 πάντα
1598 994 1868 1064 λέλεκται,
1892 1017 1933 1048 10

258 1074 330 1142 ὡς
363 1079 423 1132 ἐκ
454 1074 754 1149 προσώπου
785 1073 960 1132 αὐτοῦ
986 1078 1047 1132 ἐν
1069 1075 1248 1150 μήτρα
1271 1079 1743 1149 κυοφορηθέντος,
1776 1078 1869 1133 καὶ

256 1157 363 1216 ἀπὸ
416 1159 650 1232 γαστρὸς
701 1157 904 1233 μητρὸς
955 1161 1395 1232 γεγεννημένου,
1448 1155 1514 1217 ὃν
1555 1159 1872 1234 ἐφάσκομεν

258 1244 399 1301 εἶναι
430 1243 526 1301 τὸν
557 1241 737 1317 ἀμνὸν
781 1249 879 1301 τοῦ
909 1247 1068 1301 θεοῦ.
1138 1242 1220 1300 66.
1253 1242 1430 1320 τούτῳ
1469 1242 1574 1317 γαρ
1605 1247 1698 1309 καὶ
1730 1263 1871 1318 συμ-

257 1335 440 1400 βαίνει
479 1328 545 1384 τά
589 1331 717 1401 περὶ
760 1327 820 1384 τὸ
859 1327 1067 1401 πάθος,
1122 1327 1195 1395 ὥς
1235 1330 1324 1385 καὶ
1367 1327 1433 1384 τὰ
1471 1332 1567 1401 τῆς
1599 1327 1872 1402 ε’νσοὲρκου

256 1415 528 1485 γενέσεως
557 1411 770 1486 ἥρμοζε.
813 1413 874 1469 τὸ
897 1416 1037 1486 γοῦν
1058 1414 1339 1485 γεννηθὲν
1374 1415 1466 1469 καὶ
1495 1412 1869 1486 ἀποθνήσκει·
1895 1437 1936 1469 15

255 1498 315 1554 τὸ
350 1498 411 1554 δὲ
441 1500 695 1569 θνῆσκον
739 1495 841 1554 οὐκ
872 1496 1050 1564 αλλως
1089 1495 1342 1555 θανατου
1370 1497 1631 1570 τυγχάνει
1671 1494 1704 1570 ἢ
1736 1496 1869 1569 πρό-

254 1606 417 1657 τερον
445 1581 690 1640 ὃδεῦσαν
722 1582 813 1638 δια
842 1585 1127 1654 γενέσεως.
1190 1587 1272 1639 67.
1299 1580 1453 1639 ταῦτ’
1483 1606 1588 1639 ουν
1611 1584 1873 1650 διέξεισιν

257 1663 285 1723 ὁ
327 1665 510 1740 σωτὴρ
551 1669 644 1724 καὶ
684 1665 874 1740 κύριος
913 1663 1103 1740 ἡμῶν,
1150 1690 1216 1724 ου
1261 1663 1396 1724 καθ’
1430 1664 1459 1723 ὃ
1501 1665 1739 1742 ἄσαρκος
1780 1669 1872 1724 καὶ

258 1750 545 1824 ἀσώματος
575 1748 812 1857 ὑπαρχει
842 1750 945 1824 τὴν
974 1750 1179 1824 φύσιν,
1212 1748 1348 1808 ουδε
1378 1748 1516 1808 καθ’
1549 1747 1582 1808 ὃ
1609 1754 1752 1808 θεοῦ
1780 1748 1875 1807 λό-

258 1860 353 1908 γος
384 1839 477 1892 καὶ
515 1835 649 1902 θεὸς
693 1839 1022 1907 ἐπινοεῖται,
1065 1833 1206 1892 ἄλλα
1235 1834 1366 1892 καθ’
1402 1833 1435 1892 ὃ
1463 1833 1577 1900 οἶός
1620 1857 1680 1891 τε
1708 1826 1779 1907 ἦν
1811 1838 1873 1892 ε’ν
1895 1858 1936 1890 20

145 1944 235 1984 (502)
258 1925 324 1995 τῇ
357 1921 491 1994 πρὸς
521 1920 618 1978 τὸν
647 1923 856 1992 πατέρα
887 1917 1022 1994 ευχῇ
1061 1922 1245 1991 λέγειν
1267 1915 1385 1974 “gu
1426 1917 1496 1974 σὺ
1527 1918 1581 1975 εἷ
1604 1917 1632 1974 ὁ
1667 1918 1876 1976 ἐκσπα-

260 2024 358 2071 σας
389 2029 456 2077 με
488 2009 548 2061 ἐκ
578 2002 842 2111 γαστρὸς,
877 2002 911 2074 ἡ
945 2006 1096 2068 ἐλπίς
1125 2025 1232 2074 μον
1262 2000 1369 2059 ἀπὸ
1392 2005 1615 2075 μαστῶν
1643 2007 1739 2075 τῆς
1769 2027 1875 2076 μη-

258 2087 384 2160 τρός
414 2112 537 2187 μου.
602 2089 690 2143 ἐπὶ
720 2088 781 2143 σε
813 2090 1119 2158 ἐπερρίφην
1151 2089 1210 2143 ἐκ
1232 2085 1469 2160 μήτρας,
1502 2084 1609 2144 ἀπὸ
1640 2085 1875 2160 γαστρὸς

260 2171 461 2245 μητρός
491 2195 599 2244 μου
628 2170 763 2236 θεός
792 2195 900 2243 μου
933 2169 983 2226 εἷ
1014 2169 1097 2227 σύ.
1102 2166 1134 2189 ”
1197 2175 1279 2228 68.
1314 2172 1473 2238 οὗτος
1506 2169 1575 2243 δὴ
1605 2173 1708 2229 οὐν
1738 2169 1875 2244 πρὸς

259 2261 335 2333 τῷ
375 2254 546 2313 παθει
587 2254 828 2327 γεγονώς
868 2278 1082 2328 ευχεται
1119 2279 1186 2311 τα
1226 2261 1562 2329 προκείμενα
1601 2254 1737 2328 πρὸς
1774 2255 1872 2313 τὸν
1894 2278 1937 2310 25

260 2342 500 2415 πατέρα,
542 2343 634 2396 καὶ
674 2338 982 2412 τοσούτων,
1029 2341 1195 2412 φησὶ,
1246 2339 1563 2412 μελλόντων
1601 2363 1669 2412 με
1717 2362 1875 2413 περι-

261 2423 566 2496 στήσεσθαι
616 2423 1013 2497 ἀντικειμένων
1066 2426 1387 2498 ἐνεργειῶν,
1447 2426 1539 2480 καὶ
1593 2422 1876 2498 δαιμόνων

263 2508 623 2610 ακαθαρτων,
654 2511 746 2565 καὶ
778 2532 1168 2582 πνευματικων
1191 2515 1479 2581 πονηρίας,
1511 2510 1602 2565 καὶ
1628 2511 1716 2566 ἐπὶ
1740 2513 1874 2566 πᾶσι

261 2599 360 2650 τοῦ
400 2616 626 2650 παντων
675 2599 953 2667 χειρίστου
993 2591 1165 2649 αὐτου
1214 2591 1282 2664 δὴ
1331 2616 1430 2649 του
1471 2591 1734 2665 ἄρχοντος
1774 2596 1873 2650 τοῦ

264 2683 465 2743 αἰῶνος
494 2676 723 2750 τούτου,
763 2675 861 2743 οὓς
900 2681 994 2749 τῆς
1034 2683 1228 2743 κακίας
1259 2679 1450 2734 ε’νεκεν
1487 2680 1669 2750 θῆρας
1699 2700 1874 2749 πονη-
1895 2699 1936 2730 30

266 2759 396 2835 ρούς
436 2760 723 2834 ὀνομαζειν
762 2759 947 2834 ἄξιον,
990 2763 1083 2818 καὶ
1121 2759 1239 2833 ἤτοι
1282 2759 1519 2834 ταύρους
1549 2758 1805 2834 αγρίους,
1837 2757 1871 2833 ἢ

223 2866 241 2896 b
266 2842 522 2917 μόσχους,
555 2841 587 2918 ἢ
611 2848 854 2918 λέοντας,
879 2842 914 2917 ἢ
938 2869 1127 2917 κυνας,
1151 2846 1367 2918 μέλλων
1390 2868 1449 2901 τε
1471 2844 1607 2918 πρὸς
1625 2868 1872 2911 απαντας
