1946 3158
237 118 342 171 124
906 118 1156 160 EUSEBII

370 239 486 291 133.
529 230 920 307 “Ἐπένθησαν
970 238 1026 290 οἱ
1060 231 1268 307 ὑψηλοὶ
1299 236 1394 307 τῆς
1425 237 1554 307 γῆς,
1595 229 1628 306 ἡ
1671 234 1733 291 δὲ
1768 237 1841 308 γῆ

237 316 482 393 ἠνόμησε
527 317 618 376 διὰ
658 317 787 384 τοῦς
827 321 1220 385 κατοικοῦντας
1260 316 1447 392 αὐτήν.
1542 315 1632 375 δια
1678 321 1842 376 τοῦτο

238 405 443 476 πτωχοὶ
476 408 694 461 ἔσονται
723 407 781 459 οἰ
809 405 1150 470 ἐνοικοῦντες
1184 403 1272 460 ἐπὶ
1311 406 1406 475 τῆς
1437 406 1565 476 γῆς,
1607 404 1699 459 καὶ
1745 426 1839 459 κα-

192 512 214 545 d
238 486 705 560 ταλειφθήσονται
729 484 1021 562 ἅνθρωποι
1051 483 1274 559 ὀλίγοι.”

365 574 475 628 Καὶ
518 575 578 628 ἐν
618 569 835 638 τούτοις
878 570 1008 637 τοὺς
1039 569 1492 645 παραβεβηκότας
1532 569 1628 628 τὸν
1666 568 1885 644 νόμονῡ

236 658 327 712 καὶ
351 655 453 727 τὴν
496 659 594 713 τοῦ
625 659 764 713 θεοῦ
813 654 1092 729 διαθήκην
1130 658 1228 712 τοῦ
1269 659 1329 713 ἐκ
1367 657 1664 729 περιτομῆς
1703 658 1842 713 λαοῦ

235 737 562 812 ἆπελέγξας,
607 738 907 812 ἀπειλήσας
939 764 996 797 τε
1028 738 1216 809 αὐτοῖς
1257 739 1323 797 τὰ
1362 737 1842 814 ἀναγεγραμμένα,

234 822 788 898 καταλειφθήσεσθαι
807 823 1144 897 ἀνθρώπους
1168 827 1221 893 ἐξ
1253 822 1440 882 αὐτῶν
1458 822 1679 897 ὀλίγους
1705 846 1843 899 προ-

234 907 478 981 φητεύει.
543 908 658 968 εἷεν
683 907 739 967 δ’
775 906 846 966 ἂν
876 901 1029 967 οὗτοι
1060 908 1118 966 τὸ
1152 907 1545 982 ὠνομασμένον
1575 907 1723 981 παρὰ
1763 913 1840 985 τῷ

233 990 520 1071 ἅποστόλῳ
552 1001 752 1067 λεῖμμα
782 991 899 1051 κατ’
938 991 1171 1067 ἐκλογὴν
1200 991 1432 1067 χάριτος.
1865 1015 1905 1047 ιο

366 1082 481 1134 134.
524 1073 1146 1152 “’Kotwlscqw‘ffq'ffovwc
1177 1076 1365 1144 πόλεις
1406 1083 1624 1151 ἔρημοι,
1665 1078 1758 1133 καὶ
1788 1079 1846 1134 οὗ

234 1161 374 1218 οἶκοι
398 1166 456 1218 oc
483 1164 1027 1270 ἐγκαταλελειμμένοι
1050 1161 1400 1220 ἀπολοῦνται.
1453 1163 1627 1218 ταῦτα
1658 1158 1841 1223 πάντα

179 1268 191 1289 ⁵
236 1251 387 1302 ε”σται
421 1249 479 1303 έν
509 1249 578 1320 τῇ
607 1249 681 1320 γῇ
712 1250 771 1304 ἐν
815 1249 965 1325 μέσῳ
995 1253 1108 1304 τῶν
1134 1249 1348 1320 ἐθνῶν,
1388 1239 1456 1303 ὁν
1506 1244 1710 1318 τρόπον
1744 1243 1842 1302 ἐαν

144 1355 210 1396 (79)
234 1355 314 1398 τις
345 1332 724 1404 καλαμήσηται
751 1335 959 1404 ε’λαιαν,
985 1329 1161 1398 οὕτως
1184 1328 1592 1404 καλαμησονται
1611 1326 1841 1397 αὐτούς

233 1416 325 1471 καὶ
359 1414 455 1472 εἀν
486 1414 762 1488 παύσηται
792 1411 820 1472 ὁ
852 1415 1139 1490 τρυγητὸς,
1170 1417 1322 1473 οὑτοι
1354 1418 1520 1490 φωνῇ
1547 1413 1837 1487 φωνήσου·
1865 1437 1906 1470 15

232 1517 342 1572 σιν,
376 1504 435 1556 015
463 1500 522 1556 δὲ
547 1503 1013 1573 καταλειφθέντες
1047 1502 1132 1557 ἐπὶ
1164 1505 1260 1574 τῆς
1290 1503 1388 1574 γῆς
1414 1497 1839 1574 εὐφρανθήσον-

232 1607 321 1641 ται
352 1580 463 1657 ἅμα
493 1589 559 1658 τῇ
595 1583 726 1657 δόξῃ
758 1581 1004 1657 κυρίου.”

360 1670 471 1725 Καὶ
517 1671 764 1727 ἐνταῦθα
794 1673 852 1726 οὗ
887 1670 1352 1741 καταλειφθέντες
1392 1667 1552 1741 μόνοι
1599 1665 1839 1741 εὐφραν-

232 1750 516 1824 θήσεσθαι
558 1755 838 1826 λέγονται,
878 1756 991 1810 τῶν
1030 1756 1240 1811 λοιπῶν
1279 1748 1543 1810 ἁπάντων
1581 1766 1696 1818 τοῖς
1736 1762 1840 1810 θε-

231 1839 576 1910 σπιζομένοις
606 1839 1172 1912 παραδοθησομένων.
1860 1861 1904 1893 20

362 1925 478 1980 135.
519 1919 1098 1994 “Καταπατηθη’σεται
1129 1916 1157 1978 ὁ
1190 1922 1460 1993 στέφανος
1485 1925 1579 1992 τῆς
1601 1918 1838 1995 ὕβρεως,

231 2008 290 2061 οἱ
338 2006 611 2078 μισθωτοὶ
657 2008 757 2063 τοῦ
793 2001 1041 2079 Ἐφραΐμ.
1115 2007 1206 2062 καὶ
1258 2011 1408 2062 ἔσται
1448 2004 1509 2062 τὸ
1561 2003 1736 2071 ἄνθος
1775 2003 1836 2062 τὸ

231 2087 465 2146 ἐκπεσὸν
494 2093 590 2161 τῆς
638 2092 858 2157 ἐλπίδος
887 2095 982 2162 τῆς
1015 2087 1174 2163 δόξης
1221 2086 1305 2147 ἐπ’
1340 2087 1515 2161 ἄκρου
1545 2095 1642 2147 τοῦ
1671 2087 1836 2163 ὅρους

228 2178 326 2230 τοῦ
377 2171 621 2246 ὑψηλοῦ,
674 2169 746 2240 ὦς
794 2172 1106 2248 πρόδρομος
1146 2173 1345 2232 σύκου·
1406 2170 1435 2231 ὁ
1487 2172 1625 2231 ἰδὼν
1678 2170 1833 2246 αὐτὸ,

228 2258 363 2330 πρὶν
394 2254 427 2330 ἢ
451 2263 529 2324 εἰς
551 2255 654 2330 τὴν
674 2272 829 2332 χεῖρα
852 2265 1049 2331 λαβεῖν
1079 2255 1233 2331 αὐτὸ,
1256 2257 1484 2330 θελήσει
1513 2256 1647 2315 αὐτὸ
1668 2282 1830 2315 κατα·
1857 2281 1901 2314 25

180 2364 203 2396 b
228 2354 390 2399 πιεῖν.
451 2345 516 2416 τῇ
548 2337 724 2419 ἡμέρα
756 2345 940 2417 ἐκείνῃ
972 2341 1159 2415 κύριος
1191 2348 1341 2399 ἔσται
1372 2339 1398 2399 ὁ
1432 2344 1702 2414 στέφανος
1734 2346 1833 2415 τῆς

229 2428 470 2499 ἐλπίδος,
502 2425 530 2484 ὁ
562 2428 789 2494 πλακεὶς
820 2430 916 2500 τῆς
960 2426 1119 2500 δόξης
1148 2430 1225 2503 τῷ
1255 2428 1683 2499 καταλειφθέντι
1734 2430 1835 2483 τοῦ

228 2516 365 2568 λαοῦ
397 2508 573 2570 αὐτοῦ
590 2528 599 2537 ”
633 2510 1173 2586 καταλειφθήσονται
1194 2510 1298 2586 γὰρ
1331 2514 1391 2568 ἐν
1412 2508 1685 2585 πνεύματι
1717 2518 1831 2587 κρί-

226 2593 412 2662 σεως.”

223 2874 274 2913 21
308 2819 359 2912 E1
393 2818 471 2914 E'fs‘
503 2819 572 2914 234,
602 2820 644 2858 4.
850 2821 901 2859 10
932 2819 1058 2859 Rom.
1095 2820 1168 2869 11,
1210 2820 1249 2859 5.
1457 2819 1506 2857 11
1545 2818 1621 2858 Es.
1655 2819 1723 2868 24,
1759 2818 1825 2856 12.

350 2886 383 2915 s.
416 2885 438 2912 :-
474 2903 483 2924 ,
519 2880 554 2911 ‘.
