1992 3186
249 138 350 191 368
918 138 1167 180 EUSEBH

249 254 490 329 χάσμασι
520 257 611 311 καὶ
642 251 1008 326 κοιλώμασιν,
1051 250 1175 310 οὐδ’
1211 257 1272 310 ἐν
1311 268 1597 320 ταπειναῖς
1638 256 1730 310 καὶ
1760 278 1860 327 χα-

250 341 535 412 μαιπετέσι
568 343 867 409 διανοίαις,
902 333 1024 393 ἀλλ’
1063 339 1124 394 ἐν
1157 340 1486 413 ἐπηρμέναις
1509 335 1569 395 τὸ
1600 337 1858 411 φρόνημα

250 429 579 495 κατεγίνετο.
642 420 814 496 ταύτῃ
838 423 977 493 γοῦν
998 421 1402 496 τροπικώτερον
1426 420 1588 488 αὐτὸς
1618 421 1646 478 5
1671 420 1858 495 κύριος

203 530 225 562 b
250 505 662 578 καταβήσεσθαι
695 508 784 563 ἐπὶ
815 504 880 562 τὰ
909 503 1026 578 ῦψη
1057 511 1154 578 τῆς
1184 509 1283 578 γῆς
1316 515 1514 579 εἴρητο.
1586 511 1631 563 7.
1664 503 1765 580 ὅρη
1800 508 1860 562 δὲ

251 589 507 662 σειόμενα
536 586 906 647 ὑποκάτωθεν
937 586 1109 647 αὐτοῦ
1140 586 1279 646 αὐτοὶ
1313 588 1380 662 δὴ
1407 593 1591 647 ἐκεῖνα
1613 582 1684 662 ἦν
1717 597 1859 648 ἔνθα
1882 615 1902 647 5

249 671 471 746 ανήχθη
523 669 632 731 ὑπὸ
684 680 782 731 τοῦ
824 672 1136 747 πνεύματος
1177 679 1553 748 πειρασθῆναι
1601 669 1710 730 ὑπὸ
1763 678 1861 731 τοῦ

253 756 582 830 ὃιαβόλου“
592 757 682 815 ότε
722 761 815 815 καὶ
857 756 1279 832 παραλαμβάνει
1319 755 1490 815 αὐτὸν
1530 757 1559 815 5
1604 756 1860 830 διάβολος

252 849 328 909 εις
358 840 484 916 ὄρος
512 838 731 915 ὑψηλὸν
761 848 916 914 λίαν,
949 844 1041 899 καὶ
1071 844 1142 915 ἡν
1171 866 1306 916 μετα
1335 847 1447 900 τῶν
1475 840 1731 916 θηρίωνῖ
1813 847 1860 899 8.

249 924 349 1000 ὅρη
383 923 434 983 5’
468 922 539 984 ἂν
571 937 655 1000 εἰή
687 919 855 993 αὖθις
886 926 1298 999 τροπικῶτερον
1321 925 1353 999 ἡ
1390 929 1451 984 ἐν
1473 940 1586 993 τοῖς
1617 924 1771 998 ὄρεσι
1800 925 1860 984 τὸ

249 1013 383 1085 πρὶν
426 1014 818 1084 ἐπιτελουμένη
861 1017 1283 1085 εἰδωλολατρία,
1324 1013 1416 1068 καὶ
1458 1014 1519 1067 αἱ
1558 1013 1617 1067 ἐν
1647 1009 1863 1078 τούτοις
1887 1035 1926 1066 10

251 1093 617 1167 ἐνεργήσασαι
649 1092 870 1170 ἀόρατοι
902 1098 994 1152 καὶ
1025 1092 1341 1168 αρχοντικαὶ
1377 1091 1723 1167 δυνάμεις,
1702 1120 1766 1162 ας
1796 1092 1863 1151 οὐ

250 1185 456 1252 μικρῶς
489 1175 520 1251 ἡ
551 1185 649 1236 τοῦ
689 1186 933 1253 σωτῆρος
963 1176 1119 1252 ἡμῶν
1158 1175 1376 1236 άνέσειέ
1402 1202 1462 1235 τε
1492 1181 1585 1235 καὶ
1615 1177 1864 1236 ανεκίνει

253 1268 597 1320 διδασκαλία.
659 1262 872 1321 τούτων
902 1288 1006 1335 γαρ
1037 1260 1063 1319 ὁ
1098 1269 1292 1330 ε’νθεος
1325 1259 1497 1319 αὐτοῦ
1529 1261 1707 1334 λόγος,
1741 1260 1776 1334 ἥ
1805 1286 1864 1320 τε

206 1379 222 1400 e
251 1345 676 1421 θαυματουργός
722 1350 813 1404 καὶ
846 1345 1281 1421 παραδοξοποιός
1324 1345 1505 1420 ίσχυς,
1549 1345 1864 1419 λεληθότως

251 1431 351 1503 τὴν
382 1430 518 1488 κατὰ
548 1435 660 1488 τῶν
691 1428 1012 1505 ἀνθρώπων
1042 1428 1261 1504 μακράν
1291 1434 1382 1488 καὶ
1415 1428 1656 1487 παλαιὰν
1689 1435 1862 1487 δυνα-
1888 1454 1928 1487 15

251 1522 441 1572 στειαν
471 1514 727 1589 καθήρει.
799 1521 845 1573 9.
881 1512 1144 1582 ὡσαύτως
1189 1517 1249 1572 δε
1288 1517 1379 1572 καὶ
1419 1513 1671 1581 κοιλάδες
1702 1514 1863 1587 τηκό-

250 1622 413 1672 μεναι
438 1624 510 1666 ως
534 1597 700 1674 κηρὸς
724 1597 831 1657 άπὸ
849 1600 1148 1674 προσώπου
1174 1598 1347 1675 πυρός
1373 1595 1679 1672 δαίμονες
1656 1624 1727 1656 αν
1752 1596 1865 1656 εἶεν

251 1682 469 1756 χθόνιοι
521 1685 615 1740 καὶ
668 1691 963 1758 περίγειοι,
1018 1683 1149 1741 καθ’
1208 1708 1287 1741 ων
1326 1683 1385 1741 τὸ
1427 1681 1727 1741 καυστικὸν
1770 1687 1866 1754 τῆς

252 1773 583 1876 μοχθηρίας
591 1766 780 1826 αὐτων
811 1772 923 1876 πῦρ
955 1767 1140 1841 ἠφίει,
1172 1766 1386 1839 λέγων
1391 1766 1524 1840 “πῦρ
1555 1768 1734 1840 ηλθον
1763 1773 1867 1838 βα-

252 1859 373 1908 λειν
405 1853 495 1909 ε’πὶ
524 1851 625 1925 τὴν
655 1856 789 1924 γῆν,
823 1854 914 1909 καὶ
945 1858 1004 1908 τί
1028 1854 1178 1908 θέλω
1206 1858 1257 1908 εί
1284 1849 1392 1923 ἤδη
1423 1847 1708 1923 ἀνήφθη;’
1713 1846 1859 1923 ’ὑφ’
1888 1875 1929 1907 20

181 1939 183 1941 ’
253 1927 320 1993 οῦ
350 1933 524 2008 πυρὸς
557 1934 625 2007 δὴ
657 1934 966 2039 καιόμενοι,
999 1937 1092 1991 και
1121 1934 1196 2006 μὴ
1228 1931 1342 1991 οἷοί
1366 1958 1424 1992 τε
1447 1932 1601 2000 ὄντες
1632 1959 1726 2001 τας
1757 1933 1865 1991 ἀπὸ

253 2022 347 2090 τῆς
379 2017 617 2092 ἀοράτου
648 2019 853 2091 φλογὸς
884 2020 1077 2117 φέρειν
1107 2017 1418 2092 βασάνους,
1463 2014 1864 2094 ὑπανεχώρουν

252 2125 365 2158 των
409 2099 783 2175 ἆνθρωπειων
823 2101 1120 2175 σωμάτων,
1171 2105 1263 2159 καὶ
1303 2102 1363 2159 τό
1405 2105 1641 2176 συνέχον
1680 2126 1743 2176 γε
1773 2105 1865 2160 καὶ

209 2210 231 2244 d
255 2188 492 2243 ἐλαῦνον
522 2183 722 2251 αυτοῦς
765 2183 1159 2259 άνωμολόγουν
1200 2183 1505 2258 βοωντες“
1514 2193 1603 2260 ἔα,
1649 2193 1708 2244 τί
1733 2183 1867 2260 ημῖν

253 2271 345 2326 καὶ
378 2272 493 2342 σοὶ,
524 2271 612 2327 υίε
643 2275 740 2328 τοῦ
772 2276 943 2340 θεοῦ;
988 2271 1159 2343 ηλθες
1199 2268 1305 2345 πρὸ
1336 2277 1534 2344 καιροῦ
1565 2277 1865 2342 βασανίσαι
1888 2295 1929 2328 25

253 2350 421 2427 ημᾶς;
455 2357 686 2428 οῖ”δαμεν
717 2373 780 2412 σε
810 2360 890 2421 τίς
917 2354 983 2426 εἶ,
1015 2352 1044 2411 5
1075 2351 1228 2426 άγιος
1259 2360 1358 2411 τοῦ
1383 2358 1536 2412 θεοῦ.
1548 2351 1578 2372 ”
1629 2359 1708 2413 10.
1742 2354 1864 2412 τού-

252 2462 380 2506 τους
413 2439 475 2495 δὲ
504 2438 738 2512 μάλιστα
768 2437 998 2514 ᾐκίζετο,
1031 2440 1122 2496 καὶ
1145 2436 1272 2504 τοῦς
1304 2441 1393 2496 ἐπὶ
1423 2437 1633 2496 τούτων
1663 2436 1865 2513 α’ρχον-

253 2546 348 2588 τας
394 2522 662 2597 καθῄρει,
717 2548 801 2580 οτι
851 2523 926 2597 μὴ
980 2520 1346 2597 αρκεσθέντες
1386 2527 1454 2597 τῇ
1493 2548 1603 2580 των
1655 2528 1865 2582 λοιπῶν

255 2611 442 2665 ε’θνων
474 2611 786 2684 διαφθορᾷ,
830 2606 902 2665 δι’
939 2608 1002 2680 ἦς
1033 2631 1160 2674 τους
1200 2606 1407 2674 πάντας
1453 2614 1529 2675 εἰς
1559 2607 1661 2681 τὴν
1691 2607 1865 2665 πολύ-

369 2829 392 2866 7
423 2827 590 2870 Matth.
612 2830 653 2878 4,
676 2830 715 2872 8,
777 2829 921 2869 Mare.
947 2831 985 2879 1,
1010 2830 1074 2870 13.
1250 2830 1302 2869 19
1333 2830 1445 2870 Luc.
1472 2831 1536 2880 12,
1560 2831 1629 2871 49.

258 2884 311 2922 24
342 2882 506 2926 Matth.
530 2886 570 2935 8,
594 2886 660 2924 29.
721 2886 863 2928 Marc.
889 2888 925 2937 1,
951 2887 1018 2925 24.
