1992 3186
235 142 340 194 370
912 140 1158 182 EUSEBII

188 294 205 315 e
365 261 445 315 15.
481 255 636 315 Σιών
668 257 728 314 δὲ
759 257 852 312 καὶ
876 250 1234 329 Ἰερουσαλὴμ
1274 259 1365 314 καὶ
1405 255 1466 314 τὸ
1497 254 1844 329 καλούμενον

234 341 360 417 ὅρος
390 346 487 399 τοῦ
526 351 711 413 οἴκου,
751 337 910 397 ταῦτ’
943 331 1014 411 ἦν
1058 342 1241 398 ἐκεῖνα
1280 338 1346 397 τοὶ
1384 340 1636 414 πρόσθεν
1678 346 1841 413 δεδη-

236 428 455 500 λωμένα
486 423 577 482 διά
606 427 706 482 τοῦ
734 419 867 481 “ocal
898 422 1345 496 σαλευθήσονται
1382 425 1449 482 τὰ
1487 424 1589 497 ὄρη
1630 423 1845 481 ὑποκά-

235 522 421 568 τωθεν
451 508 657 581 αὐτοῦ,
700 511 792 565 καὶ
833 512 895 565 αἱ
921 507 1176 575 κοιλάδες
1214 507 1545 582 τακήσονται
1577 507 1648 576 ὡς
1679 508 1844 582 κηρὸς

235 593 342 651 άπὸ
373 594 672 667 προσώπου
703 593 905 666 πυρὸς,
939 591 1011 649 δι’
1050 591 1310 665 ἀσέβειαν
1332 592 1542 666 Ἰακώβ.
1619 593 1709 650 διὰ
1738 592 1844 667 γὰρ
1888 617 1909 649 5

234 676 328 744 τὰς
360 684 698 751 δρασθείσας
722 673 843 734 κατ’
877 675 1052 734 αὐτοῦ
1078 682 1405 750 δυσσεβείας
1431 675 1604 744 εὐθὺς
1629 679 1722 733 καὶ
1745 676 1848 735 οῦκ

236 768 313 829 εἰς
354 760 570 836 μακρὸν
610 764 702 818 καὶ
743 760 809 819 τά
849 760 951 834 ὄρη
991 764 1084 819 καὶ
1123 767 1180 819 οἱ
1222 766 1282 819 ἐν
1320 760 1534 827 τούτοις
1565 765 1846 826 οἰκοῦντες

234 845 697 921 πεπολιόρκηντο,
743 845 1064 919 ἐμπρησμόν
1102 869 1161 903 τε
1201 849 1294 903 καὶ
1333 845 1568 919 ἐσχάτην
1613 848 1847 919 ἐρημίαν

233 931 294 988 τὸ
325 929 483 989 Σιών
511 929 637 1005 ὅρος
667 929 950 1004 ὑπέμεινε,
982 933 1073 987 καὶ
1103 932 1297 1003 γέγονε
1326 930 1387 987 τὸ
1417 928 1544 1004 ὅρος
1567 933 1666 987 τοῦ
1688 940 1844 987 οἴκου

233 1019 332 1073 τοῦ
362 1019 503 1073 θεοῦ
533 1022 611 1081 εἰς
641 1013 807 1081 ἄλσος
841 1019 1069 1088 δρυμοῦ.
1142 1020 1223 1072 16.
1256 1019 1430 1072 ταῦτα
1468 1015 1572 1088 μὲν
1610 1005 1715 1071 οῦν
1755 1016 1844 1071 ε’πὶ
1869 1040 1910 1071 10

233 1105 299 1175 τῇ
330 1103 429 1157 τοῦ
460 1106 659 1173 κυρίου
692 1102 744 1167 ἐξ
775 1098 1032 1173 οὐρανῶν
1056 1098 1285 1175 καθόδῳ
1309 1101 1436 1172 περὶ
1455 1102 1700 1165 ἐκείνους
1731 1103 1845 1155 ἔσε-

236 1194 371 1241 σθαι
402 1186 494 1241 καὶ
536 1183 570 1256 ἡ
602 1189 860 1257 παροῦσα
900 1190 1213 1257 προφητεία
1244 1189 1528 1256 σημαίνει,
1570 1179 1605 1238 ἃ
1635 1185 1727 1239 καὶ
1760 1186 1844 1239 εὐ-

188 1291 210 1323 d
236 1272 376 1343 αργῆ
406 1267 509 1340 τὴν
540 1273 769 1340 ἔκβασιν
787 1275 980 1340 εἴληφε
1003 1266 1138 1340 μετά
1160 1266 1264 1339 τὴν
1293 1271 1391 1324 τοῦ
1415 1272 1660 1340 σωτῆρος
1689 1262 1846 1339 ἡμῶν

226 1351 408 1426 Ἰησοῦ
447 1355 691 1426 Χριστοῦ
730 1359 1058 1425 παρουσίαν.
1135 1356 1215 1408 17.
1253 1357 1303 1407 εἰ
1339 1354 1480 1423 γοῦν
1519 1374 1571 1407 τι
1611 1348 1846 1407 δύναται

235 1439 327 1494 καὶ
357 1435 391 1508 ἡ
423 1432 659 1508 ἡμετέρα
692 1440 928 1508 ἱστορία,
963 1433 1093 1492 καθ’
1131 1434 1271 1508 ἡμᾶς
1311 1433 1513 1500 αὐτοῦς
1543 1434 1645 1506 τὴν
1675 1433 1842 1491 πάλαι
1870 1460 1908 1492 15

233 1522 524 1593 βοωμένην
555 1521 711 1578 Σιών
742 1518 956 1592 ζεύγεσι
987 1525 1136 1591 βοῶν
1167 1515 1275 1576 ῦπὸ
1297 1517 1581 1592 Ῥωμαίων
1621 1519 1846 1590 ἀνδρῶν

234 1604 551 1679 ἀρουμένην
580 1601 894 1677 ὀφθαλμοῖς
925 1602 1374 1678 παρειλήφαμεν,
1407 1605 1500 1661 καὶ
1530 1601 1631 1675 τήν
1660 1625 1724 1675 γε
1748 1599 1845 1660 Ἱε-

236 1686 548 1763 ρουσαλὴμ,
592 1687 665 1755 ὡς
697 1685 835 1745 αὐτό
865 1691 932 1760 γέ
957 1706 1095 1761 φησι
1124 1687 1184 1745 τὸ
1216 1686 1432 1760 λόγιον,
1473 1684 1844 1759 ὀπωροφυλα-

235 1779 360 1831 κίου
393 1779 557 1846 δίκην
595 1770 1064 1845 ἀπολειφθέντος,
1108 1777 1168 1830 ἐν
1198 1779 1463 1829 παντελεῖ
1494 1774 1844 1827 καταστᾶσαν

237 1862 458 1932 ἐρημίᾳ·
505 1853 540 1913 ἂ
563 1859 655 1914 καὶ
680 1855 752 1913 δι’
789 1857 957 1914 οὐδὲν
980 1860 1171 1929 ἕτερον
1194 1854 1382 1921 αὐτοῖς
1407 1852 1440 1926 ἢ
1467 1852 1558 1910 διά
1581 1854 1676 1920 τὰς
1710 1859 1840 1911 δυσ-
1865 1882 1906 1913 20

236 1947 455 2014 σεβείας
487 1937 671 1998 αὐτῶν
702 1942 1046 2012 συμβέβηκε,
1093 1938 1164 1995 δι’
1201 1935 1264 2005 ἃς
1307 1941 1399 1995 καὶ
1429 1933 1457 1995 ὁ
1493 1937 1652 2010 λόγος
1683 1934 1711 1995 ὃ
1743 1937 1845 1995 οῦ-

235 2024 422 2097 ράνιος
455 2027 514 2080 ἐκ
543 2029 640 2080 τοῦ
671 2029 880 2080 οἰκείου
901 2021 1072 2080 τόπου
1098 2021 1462 2094 προελήλυθε.
1524 2027 1603 2078 18.
1639 2025 1730 2079 καὶ
1763 2021 1837 2079 δι’

237 2110 424 2182 ἑτέρας
456 2108 518 2164 δὲ
550 2113 727 2172 αἰτίας
770 2105 798 2163 ὁ
829 2111 928 2163 τοῦ
971 2112 1112 2163 θεοῦ
1143 2104 1301 2178 λόγος
1342 2104 1657 2179 οὐρανόθεν
1687 2130 1840 2163 κατε-

234 2194 541 2265 ληλυθέναι
577 2215 635 2248 τε
676 2193 768 2247 καὶ
809 2192 1196 2262 ἐπιβεβηκέναι
1237 2193 1327 2247 ἐπὶ
1365 2190 1433 2247 τὰ
1471 2188 1588 2262 ὕψη
1618 2194 1713 2262 τῆς
1742 2196 1842 2263 γῆς

234 2275 341 2349 ἤδη
381 2274 651 2349 πρότερον
692 2277 933 2347 ἐλέγετο,
973 2270 1123 2340 ὅπως
1162 2273 1228 2330 τὰ
1266 2276 1368 2348 μὲν
1409 2273 1579 2331 πάλαι
1620 2273 1840 2348 ἐπαιρό-
1863 2299 1905 2331 25

126 2387 214 2428 (274)
233 2384 373 2434 μενα
403 2362 496 2417 καὶ
524 2358 963 2431 ῦπερυψοῦμενα
993 2356 1130 2415 κατὰ
1159 2364 1256 2430 τῆς
1286 2356 1543 2430 γνώσεως
1572 2361 1669 2414 τοῦ
1699 2363 1840 2414 θεοῦ

234 2444 334 2519 ὅρη
356 2449 609 2518 σαλευθῇ
631 2440 1000 2501 ὑποκάτωθεν
1029 2439 1218 2514 αὐτοῦ,
1251 2441 1338 2516 (αἱ
1358 2439 1620 2514 δυνάμεις
1645 2446 1838 2513 δηλον-

236 2529 319 2587 ότι
361 2535 424 2587 αἰ
463 2527 866 2602 άντικείμεναι,
922 2534 985 2584 αἳ
1023 2526 1129 2600 πρὸ
1172 2530 1267 2598 τῆς
1319 2522 1490 2582 αὐτοῦ
1533 2531 1841 2599 παρουσίας

236 2613 370 2686 μετὰ
408 2617 521 2671 τῶν
559 2619 768 2671 λοιπῶν
807 2610 1129 2687 ἀνθρώπων
1169 2608 1349 2667 καὶτὸ
1373 2606 1645 2682 Ἐβραίων
1675 2615 1840 2674 ἔθνος

235 2713 347 2764 τοῖς
365 2704 460 2771 τῆς
485 2704 810 2770 δυσσεβείας
828 2699 919 2754 καὶ
938 2700 1360 2767 εἰδωλολατρίας
1378 2693 1659 2766 πράγμασι
1677 2716 1836 2750 κατα·
1860 2717 1909 2749 30·

239 2781 661 2855 δεδοῦλωνται,)
692 2787 749 2839 oc
769 2783 830 2839 δὲ
853 2782 1084 2854 πονηροὶ
1109 2784 1385 2851 δαίμονες,
1418 2776 1694 2851 (κοιλάδες
1727 2781 1837 2833 ε’πι-

237 2864 566 2939 καλούμενοι
598 2864 689 2923 διά
725 2865 785 2923 τὸ
827 2869 888 2923 ἐν
927 2863 1165 2939 χάσμασι
1196 2869 1432 2929 σκοτίοις
1463 2864 1554 2919 καὶ
1584 2875 1696 2927 τοῖς
1726 2863 1838 2917 τῶν
