1992 3186
557 115 864 156 DEMONST.
895 115 1118 158 EVANG.
1148 117 1251 158 vn.
1286 120 1322 157 1.
1630 115 1734 166 447

126 227 433 304 ἀνθρώπου
464 229 894 302 προστάσσεται,
925 234 1122 288 τοῦτον
1147 233 1239 287 καὶ
1261 235 1357 303 τῆς
1389 234 1579 302 καινῆς
1612 237 1731 288 δια-

125 314 303 386 θήκης
346 317 687 386 δηλουμένης
728 314 824 371 τὸν
863 314 1082 387 τρόπον.
1166 315 1734 389 προσπαραλαμβοὲνει

128 400 187 455 δὲ
217 402 328 456 τῶν
359 401 666 471 εἰρημένων
695 397 977 472 μάρτυρας
1006 402 1154 472 ἱερέα
1176 402 1263 456 καὶ
1291 399 1601 472 προφήτην,
1635 403 1734 456 τοῦ

126 481 292 555 λόγου
332 482 694 549 παιδεύοντος
727 508 799 549 ως
838 480 920 539 ὅτι
954 483 1138 556 δεήσει
1181 488 1239 540 ἐν
1269 498 1387 550 ταῖς
1418 482 1734 552 ἀποδείξεσι

81 591 101 624 5
124 582 243 634 ταῖς
274 569 399 675 περὶ
440 571 537 624 τοῦ
569 571 814 640 Χριστου
841 566 936 633 τὰς
967 567 1074 624 ἀπὸ
1113 571 1206 640 τῆς
1240 572 1300 625 ἐν
1330 566 1479 644 νόμῳ
1513 573 1734 640 ἱερουρ-

123 657 245 722 γίας
278 653 368 708 καὶ
399 675 511 708 των
541 675 675 725 μετα
705 656 878 708 ταῦτα
902 656 1202 725 προφητῶν
1225 659 1529 752 μαρτυρίας
1553 675 1733 725 παρα-

124 735 454 808 λαμβανειν·
503 755 730 802 πιστους
764 737 822 793 δε
852 735 1108 808 βούλεται
1126 738 1216 792 καὶ
1242 734 1420 803 ἄλλως
1450 736 1733 810 μάρτυρας

125 819 267 876 εἶναι
297 819 424 886 τοὺς
454 814 556 892 τὴν
585 823 805 892 γένεσιν
835 824 935 876 τοῦ
966 822 1312 892 δηλουμένου
1343 826 1571 878 παιδίου
1602 823 1733 893 μέλ-

124 912 318 969 λοντας
351 904 694 975 ἐποπτεύειν,
728 911 805 970 εἰς
835 902 894 960 τὸ
919 907 1171 961 συνιέναι
1197 903 1481 962 δύνασθαι
1504 904 1570 962 τὰ
1601 928 1732 978 προ-

59 1011 101 1042 10
123 987 488 1061 φητευόμενα.
555 992 670 1044 111.
697 983 834 1044 “ε’ὰν
857 986 962 1060 γὰρ
993 986 1066 1060 μὴ
1098 987 1451 1061 πιστεύσητε,
1493 986 1626 1045 οὐδὲ
1656 989 1730 1061 μὴ

123 1069 386 1145 συνῆτε,”
431 1075 643 1144 ἐλέγετο
684 1070 972 1144 ἀνωτέρω,
1014 1075 1105 1128 καὶ
1147 1071 1243 1129 τὸν
1286 1074 1388 1145 μὲν
1428 1080 1574 1146 ἔχειν
1613 1078 1731 1144 φῶς

120 1160 288 1228 θεοῦ,
322 1157 506 1229 (τοῦτο
538 1155 640 1228 γὰρ
673 1155 700 1212 ὁ
740 1155 949 1228 Οὐρίας
983 1156 1367 1230 ἑρμηνεύεται)
1400 1156 1497 1213 τὸν
1524 1158 1582 1214 δὲ
1608 1157 1732 1214 υἱὸν
1755 1181 1843 1222 (332)

120 1237 254 1297 ὅντα
287 1238 540 1313 εὐλογίας
566 1239 669 1312 τὴν
691 1239 914 1313 μνήμην
937 1246 1034 1296 τοῦ
1058 1246 1200 1298 θεοῦ
1227 1244 1285 1298 έν
1311 1244 1488 1317 ἑαυτῷ
1513 1245 1727 1316 φέρειν·

122 1324 307 1396 (τοῦτο
338 1350 441 1399 γαρ
474 1327 566 1382 καὶ
596 1324 624 1381 ὁ
655 1349 754 1381 του
792 1331 1064 1398 Βαραχίου
1097 1332 1372 1426 Ζαχαρίας
1405 1325 1607 1398 δηλοῖ.)

58 1429 99 1461 15
256 1412 440 1466 Ταῦτα
478 1433 581 1482 μεν
611 1402 713 1466 οὗν
745 1415 822 1474 εἰς
851 1433 978 1475 τους
1018 1408 1218 1475 τόπους
1248 1407 1402 1483 ημεῖς
1436 1408 1732 1482 ἐπιβεβλή-

119 1509 317 1565 καμεν·
379 1497 492 1549 112.
528 1499 578 1550 εἰ
623 1495 687 1549 δέ
727 1517 806 1560 τις
851 1517 963 1550 των
1011 1497 1069 1550 ἐκ
1113 1499 1407 1567 περιτομῆς
1447 1491 1514 1549 ού
1560 1497 1730 1550 ταῦτα

118 1575 293 1642 οὕτως
324 1583 469 1650 ἔχειν
500 1575 775 1649 βούλεται,
809 1575 924 1647 ω’ρα
953 1573 1087 1650 ἡμῖν
1117 1575 1287 1634 αὐτὸν
1311 1575 1729 1649 αποδεικνύναι,

117 1667 200 1727 τίς
231 1659 450 1718 πώποτε
481 1658 613 1732 παρ’
648 1660 835 1727 αὐτοῖς
859 1659 1206 1761 Ἐμμανουήλ
1237 1664 1459 1734 γέγονε,
1493 1664 1583 1718 καὶ
1614 1667 1730 1727 πῶς

118 1741 147 1801 ὁ
189 1744 472 1818 προφήτης
514 1749 800 1818 προσῆλθε
842 1744 978 1844 πρὸς
1003 1770 1104 1819 την
1134 1750 1438 1818 προφῆτιν,
1480 1748 1571 1802 καὶ
1603 1753 1728 1802 τίνα

55 1850 97 1883 20
119 1827 356 1901 ταύτην,
389 1832 480 1886 καὶ
511 1852 626 1895 πως
658 1834 990 1902 παραχρῆμα
1022 1832 1324 1901 συνέλαβε,
1373 1832 1464 1886 καὶ
1496 1837 1576 1896 τίς
1606 1829 1634 1886 ὁ
1670 1833 1728 1886 ἐκ

117 1918 212 1985 τῆς
252 1913 591 1986 προφήτιδος
631 1912 957 1986 ἀποτεχθεὶς
996 1913 1146 1985 υίὸς,
1191 1914 1232 1990 ᾧ
1275 1911 1438 1980 αὐτὸς
1477 1939 1505 1970 ο
1539 1911 1727 1987 κύριος

120 2001 449 2054 ἐπιτέθειται
482 1997 656 2069 ὄνομα
697 1998 922 2071 ταχέως
955 1997 1295 2071 σκύλευσον,
1327 1997 1490 2065 ὀξέως
1523 1997 1727 2071 προνό-
1753 2021 1774 2052 b

117 2079 381 2154 μευσον,”
416 2084 507 2138 καὶ
547 2090 629 2149 τίς
669 2079 701 2154 ἡ
735 2089 883 2139 αι’τία
927 2089 1022 2154 τῆς
1052 2086 1278 2139 τοιᾶσδε
1307 2087 1406 2139 τοῦ
1436 2085 1728 2155 τεχθέντος

117 2173 501 2239 προσηγορίας.
582 2171 696 2222 113.
742 2165 1121 2224 δεικνύτωσαν
1169 2168 1230 2223 δὲ
1275 2169 1367 2223 καὶ
1411 2166 1470 2223 τὸ
1517 2169 1649 2239 πρὶν
1694 2163 1839 2237 ἢιεωα]

55 2269 97 2302 25
118 2256 331 2320 γνῶναι
360 2250 420 2307 τὸ
451 2256 678 2308 παιδίον
708 2259 899 2309 καλεῖν
929 2253 1137 2326 πατέρα
1167 2246 1201 2322 ἦ
1232 2252 1467 2324 μητέρα,
1498 2249 1601 2322 τὴν
1633 2249 1727 2306 δυ’-

117 2358 284 2406 ναμιν
325 2333 588 2407 εἰληφότα
618 2339 929 2408 Δαμασκοῦ
969 2337 1061 2391 καὶ
1102 2333 1168 2392 τόι
1199 2341 1377 2392 σκῦλα
1407 2341 1728 2407 Σαμαρείας

118 2423 304 2474 ἔναντι
349 2422 617 2489 βασιλέως
657 2417 980 2493 Ἀσσυρίων.
1067 2418 1225 2492 ἡμεῖς
1270 2419 1376 2492 γὰρ
1420 2424 1590 2474 ταῦτα
1636 2419 1727 2473 καὶ

119 2498 254 2572 πρὸς
299 2503 445 2569 λέξιν
491 2505 581 2559 καὶ
626 2508 896 2577 τροπικῶς
940 2501 1283 2574 ἐξειληφότες
1325 2505 1726 2573 πεπληρῶσθαι

120 2581 259 2639 αὐτοὶ
292 2589 588 2658 δείκνυμεν
619 2589 705 2644 ἐπὶ
737 2591 831 2660 τῆς
856 2591 954 2644 τοῦ
978 2590 1219 2660 σωτῆρος
1251 2582 1407 2658 ἡμῶν
1438 2587 1726 2656 γενέσεως,

57 2686 97 2719 30
120 2672 490 2740 παριστῶντες
520 2672 639 2727 τοτὲ
669 2672 770 2744 μὲν
803 2674 977 2745 ῥητῶς
1002 2669 1137 2726 κατὰ
1161 2668 1261 2741 τὴν
1284 2667 1578 2743 πρόχειρον
1610 2667 1726 2724 διά-

119 2776 298 2823 νοιαν,
331 2754 448 2809 τοτὲ
481 2754 542 2810 δὲ
571 2759 842 2825 τροπικῶς
870 2760 991 2811 δεῖν
1017 2752 1333 2826 ἐπιβάλλειν
1362 2767 1480 2821 ταῖς
1512 2776 1724 2826 προφη-

119 2842 302 2902 τείαις.
382 2841 495 2893 114.
531 2835 726 2894 αὐτίκα
759 2841 880 2912 ἑξῆς
910 2853 1028 2904 ταῖς
1059 2841 1478 2912 προειρημέναις
1510 2850 1724 2911 φωναῖς
1748 2867 1765 2889 c
