1946 3158
189 140 291 192 178
853 141 1101 183 EUSEBH

186 260 440 332 λέγοντος
472 253 576 315 “οὐ
617 256 936 331 φονεύσεις,
976 255 1044 315 οὐ
1074 256 1410 332 μοιχεύσεις,
1452 258 1520 317 οὐ
1553 261 1792 332 κλέψεις,

185 340 251 400 οὐ
282 339 888 416 ψευδομαρτυρήσεις,”

139 450 160 482 d
185 452 264 494 τις
317 429 495 500 λέγων
550 432 804 502 εἰρωνείᾳ
845 430 1019 484 ταῦτα
1059 425 1232 499 φάναι
1275 430 1363 485 καὶ
1405 427 1790 502 προσποιήσει·

186 517 267 570 70.
302 509 605 584 βούλεσθαι
643 511 746 583 μὲν
783 510 888 585 γάρ
928 510 1056 578 τοὺς
1099 507 1379 584 ὑπηκόους
1410 515 1500 570 καὶ
1528 513 1795 586 φονεύειν

936 347 1304 416 συκοφαντῶν
1337 341 1506 401 αὐτὸν
1538 347 1799 417 διέβαλλέ

185 599 275 653 καὶ
316 594 596 668 μοιχεύειν
637 597 727 652 καὶ
769 592 1034 654 τάναντία
1065 594 1326 669 πράττειν
1365 594 1446 664 οἷς
1478 608 1791 671 νομοθετεῖ,
1815 622 1837 655 5

182 689 612 754 προσποιεῖσθαι
635 680 696 737 δὲ
709 686 1137 755 σχηματίζεσθαι
1159 682 1249 737 καὶ
1273 688 1794 755 καθυποκρίνεσθαι

182 764 278 822 τὸν
319 762 524 838 σεμνὸν
564 770 706 837 βίον.
778 764 948 839 ταύτῃ
981 763 1084 839 γάρ
1117 766 1209 822 καὶ
1249 763 1343 832 τας
1374 769 1485 824 τῶν
1515 762 1647 839 παρ’
1667 764 1796 824 ’Ἐλ-

183 857 309 923 λησι
350 847 674 924 φιλοσόφων
715 845 1006 922 ὑποθήκας
1048 848 1338 922 διαβάλλοι
1379 848 1448 907 ἄν
1487 874 1568 918 τις
1599 849 1696 908 τόν
1736 874 1794 908 τε

184 933 510 1009 καρτερικὸν
541 940 667 1007 βίον
699 937 790 991 καὶ
821 933 946 1000 τούς
970 932 1166 1006 λόγους
1191 932 1378 992 αὐτῶν
1408 933 1652 1008 πάντων,
1685 933 1795 1008 φά-

183 1037 333 1077 σκων
380 1022 640 1085 ἐναντίως
681 1019 784 1093 μὲν
823 1033 936 1086 τοῖς
977 1015 1481 1093 ἀναγεγραμμένοις
1515 1025 1792 1077 διατεθεῖ-

184 1114 317 1161 σθαι
350 1099 553 1170 αὐτοὺς
585 1105 675 1160 καὶ
708 1100 1182 1176 ἀναβεβιωκέναι,
1216 1106 1701 1177 προσπεποιῆσθαι
1733 1104 1796 1161 δὲ

71 1212 162 1255 (118)
186 1184 319 1245 καθ’
353 1183 651 1261 ὑπόκρισιν
679 1187 777 1245 τὸν
797 1186 1106 1261 φιλόσοφον
1133 1190 1280 1245 ἑλεῖν
1303 1194 1442 1260 βίον.
1508 1194 1588 1245 71.
1623 1185 1796 1255 οὕτως

186 1274 251 1329 δέ
276 1295 354 1339 τις
387 1274 479 1329 καὶ
510 1271 688 1340 πάσας
719 1272 906 1339 ἁπλῶς
939 1278 1117 1330 εἰπεῖν
1139 1270 1235 1338 τας
1259 1276 1370 1330 τῶν
1393 1275 1646 1329 παλαιῶν
1678 1278 1795 1329 δια-

182 1355 376 1428 βάλλοι
406 1353 476 1414 άν
508 1361 775 1431 ἱστορίας,
808 1354 1029 1414 αθετῶν
1052 1354 1154 1428 τὴν
1187 1381 1246 1413 εν
1278 1354 1470 1424 αὐταις
1501 1355 1793 1431 ἀλήθειαν,

183 1443 274 1498 καὶ
331 1448 407 1507 εἰς
460 1439 790 1499 τούναντίον
830 1466 893 1498 τα
945 1439 1258 1514 δηλούμενα
1299 1440 1788 1542 παρεκδεχόμενος.

185 1531 265 1582 72.
300 1523 423 1582 ἀλλ’
462 1550 535 1593 ως
566 1524 668 1583 οὐκ
699 1523 768 1583 άν
797 1550 877 1593 τις
906 1522 1161 1598 ὀκνήσειε
1192 1530 1304 1583 τῶν
1335 1528 1399 1585 εὐ
1429 1524 1793 1600 φρονούντων

181 1617 485 1683 μαίνεσθαι
525 1611 621 1669 τὸν
651 1614 903 1668 τοιοῦτον
934 1608 1363 1683 ἀποφήνασθαι,
1406 1609 1549 1668 οὕτω
1581 1612 1672 1668 καὶ
1704 1613 1794 1668 ἐπὶ

181 1698 291 1752 τῶν
332 1701 429 1753 τοῦ
470 1698 715 1767 σωτῆρος
760 1694 941 1768 λόγων
979 1718 1038 1752 τε
1080 1697 1172 1752 καὶ
1210 1693 1589 1769 μαθημάτων,
1634 1703 1793 1761 εἴτις

181 1778 420 1852 τάληθὲς
452 1783 804 1854 διαστρέφων
833 1779 936 1852 τὴν
961 1783 1221 1837 ἐναντίαν
1243 1776 1325 1846 οἷς
1351 1782 1610 1836 ἐδίδασκε
1640 1802 1791 1851 περι-

1818 1043 1860 1075 10

1819 1467 1859 1499 15

181 1863 408 1936 βάλλειν
449 1861 598 1940 αὐτῷ
645 1863 811 1932 δόξαν
842 1867 1091 1940 πειρῷτο.
1167 1866 1246 1919 73.
1281 1860 1427 1935 πλὴν
1458 1858 1581 1919 ἀλλ’
1619 1862 1790 1937 ἐδόθη
1814 1887 1858 1920 20

181 1950 272 2005 καὶ
313 1952 474 2005 τοῦτο
515 1944 588 2015 ὥς
632 1951 691 2005 ἐν
729 1947 1024 2019 ὑποθέσει,
1066 1946 1212 2013 ὅπως
1258 1950 1348 2004 καὶ
1382 1950 1440 2004 ἐκ
1470 1953 1791 2021 περιουσίας

181 2034 272 2088 καὶ
307 2035 366 2090 ἐν
395 2029 580 2108 ἀτόπῳ
606 2030 950 2106 συγχωρήσει
981 2029 1040 2088 τὸ
1065 2030 1376 2090 ἀσύστατον
1399 2036 1496 2090 τοῦ
1521 2031 1594 2089 δι’
1633 2036 1791 2090 ε’ναν-

94 2183 99 2188 .
135 2141 157 2171 h
182 2122 301 2182 τίας
334 2114 503 2188 λόγου
533 2119 702 2190 φανῇ.

311 2204 392 2257 74.
421 2197 816 2273 Ἐληλεγμένου
849 2205 986 2272 δῆτα
1016 2198 1244 2271 τούτου,
1276 2203 1411 2275 φέρε
1435 2199 1791 2275 ἀναδραμόν-

181 2308 268 2351 τες
302 2287 390 2342 ἐπὶ
413 2284 516 2357 τὴν
538 2308 648 2342 των
673 2287 840 2356 ίερων
868 2309 1102 2358 γραφων
1132 2281 1246 2357 άλή
1241 2295 1405 2342 θειαν
1429 2282 1486 2342 τὸ
1510 2277 1648 2357 ἦθος
1678 2287 1790 2342 τῶν
1812 2307 1857 2341 25

182 2374 279 2426 τοῦ
302 2368 480 2442 Ἰησοῦ
521 2371 790 2442 μαθητων
828 2367 1183 2443 θεασώμεθα.
1262 2367 1508 2426 αυτόθεν
1546 2392 1649 2442 μεν
1689 2362 1791 2426 οὖν

95 2481 160 2522 177]
182 2479 252 2511 αν
292 2478 370 2520 τις
413 2455 474 2510 εὐ
518 2457 745 2529 φρονῶν
788 2475 903 2519 πως
947 2451 1015 2510 οὐ
1059 2452 1236 2525 πάσης
1279 2450 1554 2526 αποδοχῆς
1587 2450 1790 2521 αὐτούς

182 2536 368 2606 ἀξίους
399 2544 670 2612 κρίνειεν,
704 2536 912 2614 άνδρας
943 2538 1045 2611 μὲν
1078 2534 1316 2604 ευτελεΐς
1339 2533 1792 2611 ὁμολογουμένως

182 2625 273 2680 καὶ
313 2623 410 2680 τὸν
448 2622 614 2695 λόγον
654 2621 877 2690 ἰδιώτας
892 2668 906 2694 ,
951 2619 1212 2694 εὐσεβοῦς
1256 2622 1317 2678 δὲ
1356 2626 1447 2678 καὶ
1477 2620 1791 2695 φιλοσόφου

185 2712 547 2774 διδασκαλίας
591 2714 668 2775 εἰς
713 2714 887 2781 ἔρωτα
918 2704 1362 2780 συμβεβηκότας,
1405 2709 1495 2764 καὶ
1527 2709 1788 2780 στέρξαν-
1811 2729 1855 2761 30

181 2816 275 2857 τας
307 2797 433 2863 βιόν
464 2792 786 2867 καρτερικὸν
817 2794 908 2849 καὶ
942 2795 1235 2862 ἐπίπονον,
1272 2789 1361 2847 διά
1390 2794 1678 2865 νηστειῶν,
1711 2799 1786 2848 οῖ’-

181 2899 282 2933 νου
314 2900 370 2933 τε
403 2878 493 2933 καὶ
526 2880 704 2950 κρεῶν
735 2875 969 2950 ἀποχῆς,
1003 2878 1093 2934 καὶ
1124 2882 1380 2949 πλείστης
1406 2874 1571 2948 ἄλλης
1602 2897 1787 2933 ταπει-
