1992 3186
249 81 354 134 610
932 79 1180 122 EUSEBII

249 193 609 269 ποιήσωσιν.”
672 199 720 252 3.
754 192 836 260 οἷς
862 198 1111 268 ἐπιφέρει
1134 197 1311 267 λέγων
1332 194 1465 253 “acab
1487 202 1658 254 ταῦτα
1681 195 1863 255 πάντα

248 278 500 355 γέγονε,”
535 281 782 337 τουτέστι
821 276 881 335 τὸ
914 277 1225 351 ἀναχωρεῖν
1266 276 1436 336 αὐτὸν
1465 282 1556 337 καὶ
1586 279 1646 338 τὸ
1679 284 1862 339 ἐκκλί-

249 391 370 424 νειν
400 362 526 430 τους
559 363 915 435 ἐπιβούλους,
957 365 1048 419 καὶ
1087 360 1147 419 τὸ
1189 362 1495 420 λανθάνειν
1527 364 1859 435 σπουδάζειν

250 454 309 507 ἐν
354 445 435 513 οἷς
482 451 681 520 ἔπραξε
727 445 1083 519 παραδόξοις,
1140 449 1233 504 καὶ
1276 444 1335 503 τὸ
1381 452 1704 521 παρεγγυᾶν
1747 465 1860 516 τοῖς

246 533 718 605 θεραπευομένοις
757 529 831 604 μὴ
862 529 1110 604 φανερὸν
1141 529 1311 587 αὐτὸν
1353 546 1533 589 ποιεῖν
1554 530 1688 589 ’Ἕνα
1719 541 1860 606 πλη-
1881 561 1906 594 5

246 620 405 692 ρωθῇ
447 615 506 674 τὸ
555 616 733 691 ῥηθὲν
775 615 866 672 διὰ
896 613 1315 688 τοῦ-προφήτου
1347 618 1630 688 λέγοντος,
1676 617 1800 674 ἰδοῦ
1831 615 1860 675 ὁ

244 716 373 768 παῖς
404 726 539 775 μου,
574 706 650 766 εἰς
679 696 744 757 ὃν
778 698 1082 772 εὐδόκησα,
1115 695 1143 756 ὁ
1174 696 1451 772 ἀγαπητός
1481 724 1607 773 μου,
1639 696 1705 757 ὃν
1734 696 1860 774 ᾑρέ-

243 804 395 843 τισεν
427 782 460 857 ἡ
492 783 642 858 ψυχή
672 808 794 857 μου.
866 782 1026 857 θήσω
1058 782 1118 841 τὸ
1149 784 1367 856 πνεῦμά
1408 808 1514 858 μου
1548 781 1636 842 ἐπ’
1671 781 1861 858 αὐτὸν,

244 873 336 927 καὶ
367 875 552 943 κρίσιν
589 883 702 935 τοῖς
744 875 972 926 ἔθνεσιν
1003 865 1319 940 ἀπαγγελεῖ.
1393 867 1496 926 οὐκ
1527 872 1698 942 ἐρίσει
1727 868 1862 928 οὐδὲ

243 953 574 1028 κραυγάσει,
607 951 740 1010 οὐδὲ
770 950 1071 1010 ἀκούσεταί
1095 976 1175 1019 τις
1209 957 1269 1010 ἐν
1298 967 1417 1019 ταῖς
1447 958 1728 1020 πλατείαις
1761 951 1861 1027 τὴν
1883 984 1927 1016 10

195 1063 216 1096 d
242 1038 442 1111 φωνὴν
474 1035 665 1095 αὐτοῦ.
727 1036 975 1110 κάλαμον
1007 1038 1472 1112 συντετριμμένον
1503 1034 1569 1095 οὐ
1594 1036 1859 1111 κατεάξει,

243 1126 334 1180 καὶ
366 1130 523 1180 λίνον
562 1120 878 1195 τυφόμενον
921 1120 987 1180 οὐ
1030 1124 1249 1194 σβέσει,
1293 1124 1392 1187 ἕως
1432 1117 1502 1179 ἂν
1544 1120 1748 1195 ἐκβάλῃ
1781 1128 1859 1190 εἰς

241 1221 394 1274 νῖκος
436 1205 538 1279 τὴν
577 1212 790 1280 κρίσιν,
836 1208 928 1263 καὶ
976 1207 1065 1263 ἐπὶ
1104 1210 1179 1282 τῷ
1231 1204 1458 1278 ὀνόματι
1503 1203 1677 1263 αὐτοῦ
1718 1212 1858 1280 ἔθνη

243 1289 585 1349 ἐλπιοῦσιν.”
629 1295 677 1347 4.
712 1289 866 1362 τήρει
897 1292 958 1347 δὲ
980 1293 1247 1362 ἐπιμελῶς
1271 1295 1396 1346 τίνα
1419 1289 1623 1363 τρόπον
1646 1289 1674 1347 ὁ
1700 1300 1858 1348 Ματ-

239 1386 403 1442 θαῖος
435 1373 607 1432 εἰπών
631 1371 798 1431 “ι’δού
829 1374 856 1431 ὁ
889 1389 1018 1440 παῖς
1042 1399 1176 1447 μου,
1208 1371 1273 1431 ὃν
1295 1372 1550 1447 ᾑρέτισα,
1581 1372 1609 1430 ὁ
1641 1373 1855 1448 ἀγαπη-
1880 1403 1923 1436 15

238 1459 328 1526 τός
359 1484 494 1532 μου,
539 1463 598 1516 ἐν
633 1450 678 1535 ᾦ
710 1457 1016 1531 εὐδόκησεν
1046 1457 1079 1531 ἡ
1121 1457 1269 1532 ψυχή
1299 1456 1441 1530 μου”
1477 1455 1604 1515 οὔτε
1633 1464 1731 1516 τοῦ
1756 1456 1859 1517 Ἰα-

238 1542 356 1616 κωβ
387 1541 514 1601 οὔτε
542 1547 641 1601 τοῦ
667 1541 885 1618 Ἰσραὴλ
918 1542 1184 1616 ἐμνήσθη.
1246 1539 1313 1600 οὐ
1344 1540 1449 1616 γὰρ
1483 1543 1638 1600 εἶπεν
1661 1541 1857 1616 Ἰακώβ

237 1627 266 1686 ὃ
299 1642 428 1695 παῖς
458 1653 586 1702 μου,
611 1626 827 1701 Ἰσραὴλ
857 1623 884 1684 ὁ
918 1626 1166 1695 ἐκλεκτός
1196 1652 1323 1700 μου,
1354 1624 1622 1699 ἀορίστως
1649 1628 1709 1684 δὲ
1741 1626 1858 1700 ἐξή-

238 1736 441 1786 νεγκεν
474 1710 646 1770 εἰπών
668 1711 838 1770 “ἰδοῦ
861 1708 889 1769 ὁ
919 1726 1049 1778 παῖς
1071 1736 1178 1786 μου
1210 1714 1303 1769 καὶ
1327 1708 1355 1768 ὁ
1381 1710 1659 1784 ἀγαπητός
1689 1709 1855 1785 μου.”

237 1802 284 1856 5.
319 1796 477 1869 ὅθεν,
511 1797 583 1864 ὡς
614 1798 756 1871 μηδὲ
789 1801 849 1855 ἐν
870 1801 945 1874 τῷ
970 1795 1243 1872 Ἑβραϊκῷ
1265 1801 1362 1868 τῆς
1385 1802 1722 1869 προφητείας
1744 1818 1852 1852 κει·
1875 1824 1919 1857 20

236 1886 434 1956 μένης,
467 1881 616 1955 παρὰ
647 1882 750 1955 μὲν
780 1895 893 1949 τοῖς
925 1880 1304 1953 ἑβδομήκοντα
1344 1876 1636 1951 ὤβέλισται
1665 1879 1726 1936 τὸ
1755 1885 1853 1937 τοῦ

120 1991 211 2034 [282]
233 1963 431 2038 Ἰακώβ
461 1969 554 2023 καὶ
583 1964 643 2023 τὸ
683 1968 783 2023 τοῦ
805 1964 1021 2039 Ἰσραὴλ
1050 1963 1252 2037 ὄνομα,
1295 1966 1387 2020 καὶ
1414 1957 1563 2037 παρὰ
1594 1978 1706 2031 τοῖς
1737 1972 1853 2021 λοι-

237 2066 362 2116 ποῖς
396 2051 456 2106 δὲ
502 2053 865 2123 ἑρμηνευταῖς
909 2046 1423 2122 παρασεσιῡᾶπηται,
1471 2050 1592 2104 ἐπεὶ
1621 2045 1755 2121 μηδ’
1792 2052 1853 2107 ἐν

119 2161 215 2202 (453)
237 2140 313 2211 τῷ
347 2133 622 2209 Ἑβραϊκςό
658 2136 897 2206 φέρεται.
969 2137 1016 2189 6.
1061 2138 1228 2190 ἔνθεν
1270 2131 1490 2198 εἰκότως
1529 2131 1663 2189 οὐδὲ
1704 2133 1852 2206 παρὰ

235 2222 311 2295 τῷ
343 2215 706 2291 εὐαγγελιστῇ
737 2226 948 2290 εἴρηται
971 2213 1207 2293 Ἑβραίῳ
1245 2214 1364 2274 ὄντι
1405 2219 1497 2273 καὶ
1526 2214 1849 2284 ἀκολούθως
1872 2245 1914 2277 25

234 2306 303 2377 τῇ
324 2301 597 2375 Ἑβραίων
626 2305 812 2377 γραφῇ
843 2301 945 2374 τὴν
987 2307 1331 2375 προφητείαν
1376 2303 1675 2378 ἐκθεμένῳ.
1736 2325 1851 2358 τοι-

234 2393 447 2462 γαροῦν
491 2383 624 2444 οὐδὲ
655 2385 790 2444 κατὰ
822 2385 1077 2443 διάνοιαν
1105 2388 1184 2462 τῷ
1214 2389 1274 2442 ἐκ
1303 2389 1598 2458 περιτομῆς
1638 2388 1754 2462 λαςὸ
1781 2383 1849 2442 τοὶ

233 2470 605 2544 θεσπιζόμενα
636 2467 884 2545 ἁρμόζει,
925 2469 1075 2547 μόνῳ
1119 2471 1180 2527 δὲ
1209 2476 1284 2547 τῷ
1317 2475 1537 2546 Χριστῷ
1578 2474 1675 2527 τοῦ
1705 2474 1848 2527 θεοῦ

233 2559 668 2632 μαρτυρουμένῳ
709 2552 819 2613 ὑπὸ
858 2558 954 2628 τῆς
986 2559 1270 2627 ἐναργείας
1302 2557 1392 2612 καὶ
1434 2557 1529 2626 τῆς
1559 2559 1674 2610 τῶν
1703 2575 1848 2626 πρα-

233 2640 457 2714 γμάτων
491 2638 780 2712 ἐκβάσεως.
852 2638 1019 2713 μόνος
1058 2637 1161 2712 γαρ
1202 2631 1360 2705 οὗτος
1390 2640 1493 2710 τὴν
1531 2640 1845 2711 μέλλουσαν
1867 2663 1908 2695 30

234 2731 419 2793 κρίσιν
450 2739 563 2791 τοῖς
595 2732 786 2782 ἔθνεσι
818 2723 1224 2798 προεκήρυξεν,
1265 2722 1444 2796 ἡσυχῆ
1484 2726 1562 2798 τῷ
1592 2728 1696 2798 βίῳ
1727 2727 1842 2778 τῶν

231 2806 554 2884 ἀνθρώπων
586 2808 946 2883 ἐπιδημήσας,
977 2810 1067 2866 καὶ
1093 2813 1278 2882 κρίσιν
1303 2809 1390 2864 ἐπὶ
1421 2810 1516 2879 τῆς
1547 2810 1647 2879 γῆς
1676 2808 1842 2878 θέμε*
