1992 3186
267 119 372 172 644
949 116 1196 158 EUSEBII

772 285 903 346 Ἀπὸ
935 289 1034 344 τοῦ
1066 293 1362 362 Ζαχαρίου.

392 417 469 464 IV.
498 399 648 459 “Kal
681 398 923 474 λήψομαι
948 403 1167 476 ἐμαυτῷ
1187 397 1288 457 δύο
1319 399 1582 474 ῥάβδους,
1611 398 1713 474 τὴν
1743 406 1878 474 μίαν

268 487 499 548 ἐκάλεσα
529 484 756 559 κάλλος,
802 487 895 542 καὶ
934 484 1037 557 τὴν
1069 487 1263 558 ἑτέραν
1306 483 1537 543 ἐκάλεσα
1567 491 1875 559 σχοίνισμα,

265 576 357 630 καὶ
388 573 642 645 ποιμανῶ
679 570 745 628 τὰ
776 568 1027 644 πρόβατά
1055 593 1193 643 μου,
1240 571 1332 626 καὶ
1374 572 1548 644 ἐξαρῶ
1575 567 1703 635 τοῦς
1731 583 1878 645 τρεῖς

157 683 245 724 (4τ9)
268 658 532 731 ποιμένας
565 658 625 714 ἐν
655 657 788 729 μηνὶ
822 656 935 727 ἑνὶ,
968 656 1060 711 καὶ
1091 653 1508 728 βαρυνθήσεται
1535 653 1568 726 ἡ
1593 652 1742 728 ψυχή
1771 678 1878 727 μου
1901 680 1921 712 5

270 739 358 799 ἐπ’
403 739 623 807 αὐτούς.
695 742 788 797 καὶ
840 738 945 814 γὰρ
1000 743 1063 796 αἱ
1108 741 1279 812 ψυχαὶ
1333 736 1520 797 αὐτῶν
1566 737 1881 811 ἐπωρύοντο

269 825 355 884 ἐπ’
395 827 486 899 ἐμὲ
504 870 519 898 ‚
551 827 644 882 καὶ
670 825 823 896 εἶπα,
856 822 922 881 οὐ
947 827 1199 897 ποιμανῶ
1222 820 1388 897 ὑμᾶς·
1435 823 1496 882 τὸ
1519 822 1883 897 ἀποθνῆσκον

158 936 243 977 [⁵298]
272 909 701 983 ἀποθνησκέτω,
752 911 844 966 καὶ
889 907 948 966 τὸ
1000 911 1259 967 ἐκλεῖπον
1302 910 1622 982 ἐκλειπέτω,
1674 910 1767 966 καὶ
1817 905 1883 965 τά

269 994 573 1053 κατάλοιπα
606 997 974 1067 ἐσθιέτωσαν,
1008 997 1232 1060 ἕκαστος
1262 993 1358 1061 τὰς
1388 992 1594 1069 σάρκας
1618 999 1716 1051 τοῦ
1747 1000 1882 1065 πλη·

271 1086 394 1139 σίον
436 1076 624 1137 αὐτοῦ.
699 1081 792 1136 καὶ
833 1077 1077 1152 λήψομαι
1129 1078 1231 1151 τὴν
1283 1077 1494 1153 ῥάβδον
1545 1077 1646 1152 τὴν
1685 1076 1879 1150 καλὴν,

269 1166 362 1221 καὶ
430 1163 725 1239 ἀπορρίψω
785 1160 960 1235 αὐτὴν
1026 1168 1125 1220 τοῦ
1187 1161 1547 1220 διασκεδάσαι
1604 1161 1707 1235 τὴν
1765 1167 1882 1219 δια-

269 1247 457 1321 θήκην
495 1272 629 1322 μου,
669 1244 740 1320 ’ἣν
782 1249 1051 1321 διεθέμην
1096 1247 1231 1321 πρὸς
1277 1246 1486 1314 πάντας
1527 1248 1656 1313 τοὺς
1697 1244 1879 1314 λαούς.

270 1335 363 1390 καὶ
396 1330 938 1403 διασκεδασθήσεται
970 1335 1030 1390 ἐν
1058 1337 1126 1406 τῇ
1159 1328 1335 1407 ἡμέρᾳ
1369 1336 1584 1408 ἐκείνῃ,
1616 1333 1708 1388 καὶ
1740 1355 1885 1403 γνω-

270 1436 459 1475 σονται
489 1441 542 1474 οι
531 1421 863 1475 ’Χαναναῖοι
886 1440 951 1472 τα
975 1415 1228 1489 πρόβατα
1257 1441 1323 1474 τα
1352 1414 1750 1490 φυλασσόμενά
1771 1440 1881 1489 μοι,

267 1500 350 1559 ὅτι
382 1499 540 1574 λόγος
571 1508 770 1575 κυρίου
797 1504 927 1558 ἐστί.
972 1503 1064 1558 καὶ
1098 1504 1202 1575 ἐρῶ
1227 1500 1362 1576 πρὸς
1386 1500 1606 1574 αὐτούς,
1641 1507 1693 1558 εἰ
1713 1500 1883 1559 καλὸν

271 1584 512 1643 ἐντόπιον
550 1585 710 1658 ὑμῶν
755 1588 897 1658 ἐστι,
953 1584 1079 1642 δότε
1116 1585 1213 1643 τὸν
1262 1585 1471 1659 μισθόν
1508 1610 1616 1660 μου
1655 1581 1690 1658 ἢ
1729 1582 1882 1642 ἀπεί-

225 1698 248 1730 b
272 1680 472 1728 πασθε.
519 1673 611 1727 καὶ
642 1676 880 1743 ἔστησαν
902 1667 1000 1728 τὸν
1030 1669 1239 1744 μισθόν
1268 1695 1375 1744 μου
1398 1670 1692 1743 τριάκοντα
1715 1668 1884 1744 ἀργυ-

270 1757 418 1830 ροῦς.
465 1758 561 1812 καὶ
591 1755 746 1812 εἶπεν
775 1753 965 1829 κύριος
996 1753 1134 1830 πρός
1164 1779 1251 1828 με,
1283 1754 1455 1822 κάθες
1486 1753 1686 1821 αὐτοὺς
1718 1760 1795 1820 εἰς
1823 1754 1884 1811 τὸ

269 1838 664 1914 χωνευτήριον,
697 1842 789 1896 καὶ
821 1842 1023 1909 σκέψαι
1055 1845 1104 1896 εἰ
1127 1838 1356 1912 δόκιμόν
1381 1843 1547 1911 ἐστιν,
1583 1835 1649 1895 ὃν
1677 1837 1884 1910 τρόπον

273 1923 653 1997 ἐδοκιμάσθην
675 1923 817 1998 ὑπὲρ
849 1922 1050 1981 αὐτῶν.
1094 1925 1187 1980 καὶ
1213 1929 1415 1994 ἔλαβον
1437 1921 1565 1989 τοῦς
1587 1921 1883 1997 τριάκοντα

270 2005 580 2081 ἀργυροῦς,
611 2009 702 2064 καὶ
737 2010 1004 2078 ἐνέβαλον
1032 2003 1234 2072 αὐτοὺς
1266 2013 1343 2073 εἰς
1372 2006 1468 2064 τὸν
1498 2008 1654 2065 οἷκον
1684 2012 1883 2082 κυρίου

272 2097 348 2157 εἰς
389 2090 447 2148 τὸ
489 2089 891 2165 χωνευτήριον,
940 2092 1031 2146 καὶ
1069 2089 1348 2165 ἀπέρριψα
1386 2091 1489 2164 τὴν
1529 2090 1742 2166 ῥάβδον
1780 2089 1883 2162 τὴν

272 2178 542 2246 δευτέραν
571 2174 630 2232 τὸ
664 2180 961 2248 σχοίνισμα
999 2178 1098 2232 τοῦ
1144 2174 1506 2233 διασκεδάσαι
1545 2176 1647 2248 τὴν
1680 2174 1885 2248 διαθή-

270 2283 375 2332 κην
405 2256 511 2317 ἀνὰ
540 2261 711 2332 μέσον
733 2257 919 2316 Ἰούδα
949 2261 1041 2316 καὶ
1071 2257 1179 2317 ἀνὰ
1208 2262 1378 2332 μέσον
1402 2257 1672 2334 Ἰσραήλ.”

1906 1105 1947 1137 10

1906 1526 1946 1559 15

1905 1950 1945 1982 20

397 2348 445 2400 2.
479 2346 589 2400 Καὶ
620 2346 791 2401 ταῦτα
821 2346 1012 2410 τέλους
1044 2341 1340 2417 ἐτύγχανεν
1368 2343 1459 2401 ὅτε
1489 2369 1625 2401 κατα
1654 2369 1757 2418 μεν
1785 2368 1882 2402 τον
1904 2370 1945 2403 25

439 2433 461 2443 ιν
513 2424 584 2447 ‘C’

230 2464 246 2485 c
275 2437 498 2488 Λουκαν
552 2426 861 2486 απελθων
838 2452 865 2485 ο
883 2426 1094 2495 Ἰούδας
1116 2427 1406 2486 συνελάλει
1427 2443 1540 2496 τοῖς
1563 2427 1883 2532 ἀρχιερεῦσι

272 2514 364 2569 καὶ
395 2519 774 2587 γραμματεῦσι
805 2514 897 2570 καὶ
927 2526 1253 2587 στρατηγοῖς
1282 2517 1383 2571 τοῦ
1407 2519 1577 2587 ιεροῦ,
1608 2511 1756 2580 ὅπως
1787 2511 1884 2570 αῦ-

271 2595 367 2654 τὸν
409 2600 646 2674 παραδῷ
684 2595 898 2664 αὐτοῖς·
954 2600 1046 2655 καὶ
1087 2596 1391 2671 ἐχάρησαν,
1444 2601 1536 2656 καὶ
1578 2600 1883 2656 συνέθεντο

1712 2679 1772 2703 “C

273 2678 425 2757 αὐτῷ
463 2679 699 2756 ἀργύρια
743 2679 995 2755 δοῦναι,”
1041 2681 1178 2739 κατὰ
1222 2683 1282 2739 δε
1322 2681 1419 2742 τὸν
1449 2681 1688 2759 Μάρκον
1749 2704 1883 2755 οπη·

387 2874 411 2911 2
443 2873 583 2914 Zaeh.
611 2877 677 2926 11,
703 2877 741 2915 7.
920 2877 973 2917 26
1004 2851 1123 2917 Luc.¹
1140 2877 1207 2927 22,
1230 2877 1271 2916 4.
