<?xml version="1.0" encoding="UTF-8"?>
<!DOCTYPE html PUBLIC "-//W3C//DTD XHTML 1.0 Transitional//EN"
    "http://www.w3.org/TR/xhtml1/DTD/xhtml1-transitional.dtd">
<html xmlns="http://www.w3.org/1999/xhtml" xml:lang="en" lang="en">
 <head>
  <title>
</title>
<meta http-equiv="Content-Type" content="text/html;charset=utf-8" />
  <meta name='ocr-system' content='tesseract 3.04.00' />
  <meta name='ocr-capabilities' content='ocr_page ocr_carea ocr_par ocr_line ocrx_word'/>
</head>
<body>
  <div class='ocr_page' id='page_1' title='image "./operaeusebius03euseuoft_0706.png"; bbox 0 0 1992 3186; ppageno 0'>
   <div class='ocr_carea' id='block_1_1' title="bbox 253 100 1196 154">
    <p class='ocr_par' dir='ltr' id='par_1_1' title="bbox 253 100 1196 154">
     <span class='ocr_line' id='line_1_1' title="bbox 253 100 1196 154; baseline -0.016 0"><span class='ocrx_word' id='word_1_1' title='bbox 253 101 357 154; x_wconf 77' lang='lat'><strong><em>682</em></strong></span> <span class='ocrx_word' id='word_1_2' title='bbox 949 100 1196 141; x_wconf 78' lang='lat' dir='ltr'>EUSEBH</span> 
     </span>
    </p>
   </div>
   <div class='ocr_carea' id='block_1_2' title="bbox 140 215 1934 2741">
    <p class='ocr_par' dir='ltr' id='par_1_2' title="bbox 140 215 1933 1393">
     <span class='ocr_line' id='line_1_2' title="bbox 255 215 1864 293; baseline -0.002 -16"><span class='ocrx_word' id='word_1_3' title='bbox 255 216 578 293; x_wconf 81' lang='grc' dir='ltr'><strong><em>μεμηνότων</em></strong></span> <span class='ocrx_word' id='word_1_4' title='bbox 618 216 747 281; x_wconf 81' lang='grc' dir='ltr'><strong><em>τοὺς</em></strong></span> <span class='ocrx_word' id='word_1_5' title='bbox 775 215 1055 288; x_wconf 83' lang='grc' dir='ltr'><strong><em>ῦλαγμούς</em></strong></span> <span class='ocrx_word' id='word_1_6' title='bbox 1096 222 1326 289; x_wconf 82' lang='grc' dir='ltr'><strong><em>ἔφερον,</em></strong></span> <span class='ocrx_word' id='word_1_7' title='bbox 1366 215 1433 273; x_wconf 68' lang='lat' dir='ltr'><strong><em>vo}</em></strong></span> <span class='ocrx_word' id='word_1_8' title='bbox 1472 215 1724 291; x_wconf 88' lang='grc' dir='ltr'><strong><em>πρόβατα</em></strong></span> <span class='ocrx_word' id='word_1_9' title='bbox 1763 220 1864 274; x_wconf 88' lang='grc' dir='ltr'><strong><em>τοῦ</em></strong></span> 
     </span>
     <span class='ocr_line' id='line_1_3' title="bbox 256 298 1866 376; baseline -0.002 -15"><span class='ocrx_word' id='word_1_10' title='bbox 256 306 514 376; x_wconf 80' lang='grc' dir='ltr'><strong><em>ποιμένος</em></strong></span> <span class='ocrx_word' id='word_1_11' title='bbox 546 304 944 372; x_wconf 78' lang='grc' dir='ltr'><strong><em>ἐξαγριοῦντες,</em></strong></span> <span class='ocrx_word' id='word_1_12' title='bbox 978 298 1118 357; x_wconf 69' lang='grc' dir='ltr'><strong><em>ὥστε</em></strong></span> <span class='ocrx_word' id='word_1_13' title='bbox 1151 298 1374 367; x_wconf 81' lang='grc' dir='ltr'><strong><em>εἰκότως</em></strong></span> <span class='ocrx_word' id='word_1_14' title='bbox 1397 299 1588 368; x_wconf 80' lang='grc' dir='ltr'><strong><em>αὐτοῖς</em></strong></span> <span class='ocrx_word' id='word_1_15' title='bbox 1607 298 1866 375; x_wconf 76' lang='grc' dir='ltr'><strong><em>ἁρμόζειν</em></strong></span> 
     </span>
     <span class='ocr_line' id='line_1_4' title="bbox 256 383 1867 459; baseline -0.002 -13"><span class='ocrx_word' id='word_1_16' title='bbox 256 389 317 446; x_wconf 88' lang='grc' dir='ltr'><strong><em>τὸ</em></strong></span> <span class='ocrx_word' id='word_1_17' title='bbox 339 383 832 457; x_wconf 73' lang='grc' dir='ltr'><strong><em>“περιεκυ’κλωσοὶν</em></strong></span> <span class='ocrx_word' id='word_1_18' title='bbox 850 408 918 458; x_wconf 89' lang='grc' dir='ltr'><strong><em>με</em></strong></span> <span class='ocrx_word' id='word_1_19' title='bbox 941 383 1104 450; x_wconf 80' lang='grc' dir='ltr'><strong><em>κύνες</em></strong></span> <span class='ocrx_word' id='word_1_20' title='bbox 1127 387 1339 457; x_wconf 80' lang='grc' dir='ltr'><strong><em>πολλοὶ,</em></strong></span> <span class='ocrx_word' id='word_1_21' title='bbox 1371 388 1668 458; x_wconf 81' lang='grc' dir='ltr'><strong><em>συναγωγὴ</em></strong></span> <span class='ocrx_word' id='word_1_22' title='bbox 1692 409 1867 459; x_wconf 90' lang='grc' dir='ltr'><strong><em>πονη-</em></strong></span> 
     </span>
     <span class='ocr_line' id='line_1_5' title="bbox 140 465 1865 547; baseline -0.002 -16"><span class='ocrx_word' id='word_1_23' title='bbox 140 496 232 539; x_wconf 86' lang='lat'><strong>(506)</strong></span> <span class='ocrx_word' id='word_1_24' title='bbox 256 474 575 547; x_wconf 89' lang='grc' dir='ltr'><strong><em>ρευομένων</em></strong></span> <span class='ocrx_word' id='word_1_25' title='bbox 604 473 898 543; x_wconf 78' lang='grc' dir='ltr'><strong><em>περιέσχον</em></strong></span> <span class='ocrx_word' id='word_1_26' title='bbox 927 465 1050 542; x_wconf 86' lang='grc' dir='ltr'><strong><em>με.”</em></strong></span> <span class='ocrx_word' id='word_1_27' title='bbox 1121 473 1203 526; x_wconf 80' lang='grc'><strong><em>84.</em></strong></span> <span class='ocrx_word' id='word_1_28' title='bbox 1238 471 1330 526; x_wconf 88' lang='grc' dir='ltr'><strong><em>καὶ</em></strong></span> <span class='ocrx_word' id='word_1_29' title='bbox 1375 469 1578 535; x_wconf 77' lang='grc' dir='ltr'><strong><em>πάντες</em></strong></span> <span class='ocrx_word' id='word_1_30' title='bbox 1610 471 1673 527; x_wconf 75' lang='grc' dir='ltr'><strong><em>δὲ</em></strong></span> <span class='ocrx_word' id='word_1_31' title='bbox 1702 475 1759 528; x_wconf 79' lang='grc' dir='ltr'><strong><em>οἱ</em></strong></span> <span class='ocrx_word' id='word_1_32' title='bbox 1788 478 1865 536; x_wconf 85' lang='grc' dir='ltr'><strong><em>εἰς</em></strong></span> 
     </span>
     <span class='ocr_line' id='line_1_6' title="bbox 258 552 1908 628; baseline -0.002 -15"><span class='ocrx_word' id='word_1_33' title='bbox 258 559 423 627; x_wconf 87' lang='grc' dir='ltr'><strong><em>δεῦρο</em></strong></span> <span class='ocrx_word' id='word_1_34' title='bbox 453 553 551 612; x_wconf 84' lang='grc' dir='ltr'><strong><em>τὸν</em></strong></span> <span class='ocrx_word' id='word_1_35' title='bbox 580 552 772 627; x_wconf 81' lang='grc' dir='ltr'><strong><em>ὅμοιον</em></strong></span> <span class='ocrx_word' id='word_1_36' title='bbox 810 555 1017 627; x_wconf 91' lang='grc' dir='ltr'><strong><em>τρόπον</em></strong></span> <span class='ocrx_word' id='word_1_37' title='bbox 1048 557 1282 620; x_wconf 85' lang='grc' dir='ltr'><strong><em>ἐκείνοις</em></strong></span> <span class='ocrx_word' id='word_1_38' title='bbox 1315 555 1774 628; x_wconf 84' lang='grc' dir='ltr'><strong><em>διαπραττόμενοι</em></strong></span> <span class='ocrx_word' id='word_1_39' title='bbox 1806 558 1866 612; x_wconf 87' lang='grc' dir='ltr'><strong><em>ἐν</em></strong></span> <span class='ocrx_word' id='word_1_40' title='bbox 1888 578 1908 610; x_wconf 86' lang='lat'>5</span> 
     </span>
     <span class='ocr_line' id='line_1_7' title="bbox 253 635 1868 717; baseline -0.001 -19"><span class='ocrx_word' id='word_1_41' title='bbox 253 645 329 717; x_wconf 77' lang='grc' dir='ltr'><strong><em>τῷ</em></strong></span> <span class='ocrx_word' id='word_1_42' title='bbox 352 641 806 712; x_wconf 86' lang='grc' dir='ltr'><strong><em>βλασφημεῖνκαὶ</em></strong></span> <span class='ocrx_word' id='word_1_43' title='bbox 824 637 1087 696; x_wconf 81' lang='grc' dir='ltr'><strong><em>ὑλακτεῖν</em></strong></span> <span class='ocrx_word' id='word_1_44' title='bbox 1098 635 1195 695; x_wconf 83' lang='grc' dir='ltr'><strong><em>τὸν</em></strong></span> <span class='ocrx_word' id='word_1_45' title='bbox 1206 637 1449 712; x_wconf 82' lang='grc' dir='ltr'><strong><em>Χριστὸν</em></strong></span> <span class='ocrx_word' id='word_1_46' title='bbox 1470 642 1571 695; x_wconf 90' lang='grc' dir='ltr'><strong><em>τοῦ</em></strong></span> <span class='ocrx_word' id='word_1_47' title='bbox 1595 641 1742 697; x_wconf 90' lang='grc' dir='ltr'><strong><em>θεοῦ</em></strong></span> <span class='ocrx_word' id='word_1_48' title='bbox 1763 639 1868 696; x_wconf 81' lang='grc' dir='ltr'><strong><em>οὐκ</em></strong></span> 
     </span>
     <span class='ocr_line' id='line_1_8' title="bbox 255 722 1869 796; baseline -0.001 -14"><span class='ocrx_word' id='word_1_49' title='bbox 255 722 326 782; x_wconf 76' lang='grc' dir='ltr'><strong><em>ἂν</em></strong></span> <span class='ocrx_word' id='word_1_50' title='bbox 355 723 632 794; x_wconf 81' lang='grc' dir='ltr'><strong><em>ἀλλότριοι</em></strong></span> <span class='ocrx_word' id='word_1_51' title='bbox 665 727 895 781; x_wconf 84' lang='grc' dir='ltr'><strong><em>ἐκείνων</em></strong></span> <span class='ocrx_word' id='word_1_52' title='bbox 925 732 1244 796; x_wconf 83' lang='grc' dir='ltr'><strong><em>λογισθεῖεν</em></strong></span> <span class='ocrx_word' id='word_1_53' title='bbox 1263 739 1273 749; x_wconf 86' lang='grc'><em>·</em></span> <span class='ocrx_word' id='word_1_54' title='bbox 1320 722 1459 780; x_wconf 77' lang='grc' dir='ltr'><strong><em>ἀλλὰ</em></strong></span> <span class='ocrx_word' id='word_1_55' title='bbox 1499 725 1589 780; x_wconf 87' lang='grc' dir='ltr'><strong><em>καὶ</em></strong></span> <span class='ocrx_word' id='word_1_56' title='bbox 1620 729 1678 780; x_wconf 78' lang='lat'><strong><em>015</em></strong></span> <span class='ocrx_word' id='word_1_57' title='bbox 1706 729 1869 796; x_wconf 88' lang='grc' dir='ltr'><strong><em>δίκην</em></strong></span> 
     </span>
     <span class='ocr_line' id='line_1_9' title="bbox 255 806 1870 882; baseline -0.001 -15"><span class='ocrx_word' id='word_1_58' title='bbox 255 813 367 867; x_wconf 73' lang='grc' dir='ltr'><strong><em>τῶν</em></strong></span> <span class='ocrx_word' id='word_1_59' title='bbox 379 808 500 866; x_wconf 89' lang='grc' dir='ltr'><strong><em>τότε</em></strong></span> <span class='ocrx_word' id='word_1_60' title='bbox 522 806 880 881; x_wconf 76' lang='grc' dir='ltr'><strong><em>ἀσεβούντων</em></strong></span> <span class='ocrx_word' id='word_1_61' title='bbox 897 811 1248 880; x_wconf 73' lang='grc' dir='ltr'><strong><em>στρατιωτῶν</em></strong></span> <span class='ocrx_word' id='word_1_62' title='bbox 1270 806 1750 882; x_wconf 86' lang='grc' dir='ltr'><strong><em>ἀνασταυροῦντες</em></strong></span> <span class='ocrx_word' id='word_1_63' title='bbox 1772 808 1870 866; x_wconf 84' lang='grc' dir='ltr'><strong><em>τὸν</em></strong></span> 
     </span>
     <span class='ocr_line' id='line_1_10' title="bbox 255 889 1869 966; baseline -0.001 -14"><span class='ocrx_word' id='word_1_64' title='bbox 255 892 382 952; x_wconf 77' lang='grc' dir='ltr'><strong><em>υἱὸν</em></strong></span> <span class='ocrx_word' id='word_1_65' title='bbox 423 897 521 950; x_wconf 88' lang='grc' dir='ltr'><strong><em>τοῦ</em></strong></span> <span class='ocrx_word' id='word_1_66' title='bbox 560 898 701 950; x_wconf 88' lang='grc' dir='ltr'><strong><em>θεοῦ</em></strong></span> <span class='ocrx_word' id='word_1_67' title='bbox 741 895 834 949; x_wconf 88' lang='grc' dir='ltr'><strong><em>καὶ</em></strong></span> <span class='ocrx_word' id='word_1_68' title='bbox 872 898 1460 966; x_wconf 81' lang='grc' dir='ltr'><strong><em>παραδειγματίζοντες</em></strong></span> <span class='ocrx_word' id='word_1_69' title='bbox 1508 889 1614 950; x_wconf 84' lang='grc' dir='ltr'><strong><em>οῦκ</em></strong></span> <span class='ocrx_word' id='word_1_70' title='bbox 1655 889 1726 951; x_wconf 71' lang='grc' dir='ltr'><strong><em>ἂν</em></strong></span> <span class='ocrx_word' id='word_1_71' title='bbox 1771 898 1869 964; x_wconf 83' lang='grc' dir='ltr'><strong><em>τῆς</em></strong></span> 
     </span>
     <span class='ocr_line' id='line_1_11' title="bbox 259 970 1933 1052; baseline -0.001 -16"><span class='ocrx_word' id='word_1_72' title='bbox 259 982 490 1037; x_wconf 81' lang='grc' dir='ltr'><strong><em>ἐκείνων</em></strong></span> <span class='ocrx_word' id='word_1_73' title='bbox 518 976 736 1052; x_wconf 79' lang='grc' dir='ltr'><strong><em>μακρὰν</em></strong></span> <span class='ocrx_word' id='word_1_74' title='bbox 763 979 1014 1050; x_wconf 81' lang='grc' dir='ltr'><strong><em>γένοιντο</em></strong></span> <span class='ocrx_word' id='word_1_75' title='bbox 1047 980 1368 1044; x_wconf 83' lang='grc' dir='ltr'><strong><em>διαθέσεως.</em></strong></span> <span class='ocrx_word' id='word_1_76' title='bbox 1427 982 1512 1035; x_wconf 80' lang='lat'><strong><em>85.</em></strong></span> <span class='ocrx_word' id='word_1_77' title='bbox 1538 977 1740 1043; x_wconf 76' lang='grc' dir='ltr'><strong><em>πάντες</em></strong></span> <span class='ocrx_word' id='word_1_78' title='bbox 1763 970 1869 1035; x_wconf 83' lang='grc' dir='ltr'><strong><em>οῦν</em></strong></span> <span class='ocrx_word' id='word_1_79' title='bbox 1892 1002 1933 1034; x_wconf 86' lang='lat'><strong><em>10</em></strong></span> 
     </span>
     <span class='ocr_line' id='line_1_12' title="bbox 258 1062 1870 1135; baseline 0 -15"><span class='ocrx_word' id='word_1_80' title='bbox 258 1066 424 1121; x_wconf 85' lang='grc' dir='ltr'><strong><em>εἰσέτι</em></strong></span> <span class='ocrx_word' id='word_1_81' title='bbox 454 1066 546 1119; x_wconf 83' lang='grc' dir='ltr'><strong><em>καὶ</em></strong></span> <span class='ocrx_word' id='word_1_82' title='bbox 577 1067 685 1120; x_wconf 89' lang='grc' dir='ltr'><strong><em>νῦν</em></strong></span> <span class='ocrx_word' id='word_1_83' title='bbox 715 1067 773 1120; x_wconf 79' lang='grc' dir='ltr'><strong><em>οῖ</em></strong></span> <span class='ocrx_word' id='word_1_84' title='bbox 796 1062 856 1119; x_wconf 88' lang='grc' dir='ltr'><strong><em>τὸ</em></strong></span> <span class='ocrx_word' id='word_1_85' title='bbox 888 1066 1046 1135; x_wconf 80' lang='grc' dir='ltr'><strong><em>σῶμα</em></strong></span> <span class='ocrx_word' id='word_1_86' title='bbox 1075 1066 1173 1119; x_wconf 92' lang='grc' dir='ltr'><strong><em>τοῦ</em></strong></span> <span class='ocrx_word' id='word_1_87' title='bbox 1197 1066 1457 1135; x_wconf 75' lang='grc' dir='ltr'><strong><em>Χριστοῦ,</em></strong></span> <span class='ocrx_word' id='word_1_88' title='bbox 1489 1065 1736 1120; x_wconf 85' lang='grc' dir='ltr'><strong><em>τουτέστι</em></strong></span> <span class='ocrx_word' id='word_1_89' title='bbox 1767 1062 1870 1134; x_wconf 83' lang='grc' dir='ltr'><strong><em>τὴν</em></strong></span> 
     </span>
     <span class='ocr_line' id='line_1_13' title="bbox 258 1145 1868 1220; baseline 0 -16"><span class='ocrx_word' id='word_1_90' title='bbox 258 1153 584 1220; x_wconf 82' lang='grc' dir='ltr'><strong><em>ἐκκλησίαν,</em></strong></span> <span class='ocrx_word' id='word_1_91' title='bbox 617 1146 969 1220; x_wconf 76' lang='grc' dir='ltr'><strong><em>λωβώμενοι,</em></strong></span> <span class='ocrx_word' id='word_1_92' title='bbox 1010 1161 1197 1220; x_wconf 89' lang='grc' dir='ltr'><strong><em>χεῖρας</em></strong></span> <span class='ocrx_word' id='word_1_93' title='bbox 1228 1145 1400 1204; x_wconf 80' lang='grc' dir='ltr'><strong><em>αὐτοῦ</em></strong></span> <span class='ocrx_word' id='word_1_94' title='bbox 1431 1149 1523 1204; x_wconf 85' lang='grc' dir='ltr'><strong><em>καὶ</em></strong></span> <span class='ocrx_word' id='word_1_95' title='bbox 1571 1147 1746 1213; x_wconf 82' lang='grc' dir='ltr'><strong><em>πόδας</em></strong></span> <span class='ocrx_word' id='word_1_96' title='bbox 1777 1150 1868 1204; x_wconf 86' lang='grc' dir='ltr'><strong><em>καὶ</em></strong></span> 
     </span>
     <span class='ocr_line' id='line_1_14' title="bbox 257 1228 1871 1306; baseline -0.001 -15"><span class='ocrx_word' id='word_1_97' title='bbox 257 1236 484 1306; x_wconf 87' lang='grc' dir='ltr'><strong><em>προσέτι</em></strong></span> <span class='ocrx_word' id='word_1_98' title='bbox 522 1232 589 1288; x_wconf 76' lang='grc' dir='ltr'><strong><em>τὰ</em></strong></span> <span class='ocrx_word' id='word_1_99' title='bbox 627 1230 791 1289; x_wconf 84' lang='grc' dir='ltr'><strong><em>ὀστέα</em></strong></span> <span class='ocrx_word' id='word_1_100' title='bbox 834 1237 1281 1305; x_wconf 85' lang='grc' dir='ltr'><strong><em>διαχειρίζονται,</em></strong></span> <span class='ocrx_word' id='word_1_101' title='bbox 1335 1240 1391 1289; x_wconf 79' lang='grc' dir='ltr'><strong><em>εἴ</em></strong></span> <span class='ocrx_word' id='word_1_102' title='bbox 1422 1257 1484 1304; x_wconf 79' lang='grc' dir='ltr'><strong><em>γε</em></strong></span> <span class='ocrx_word' id='word_1_103' title='bbox 1524 1230 1726 1299; x_wconf 77' lang='grc' dir='ltr'><strong><em>πάντες</em></strong></span> <span class='ocrx_word' id='word_1_104' title='bbox 1766 1228 1871 1290; x_wconf 53' lang='lat' dir='ltr'><strong><em>“gv</em></strong></span> 
     </span>
     <span class='ocr_line' id='line_1_15' title="bbox 257 1313 1870 1393; baseline -0.001 -18"><span class='ocrx_word' id='word_1_105' title='bbox 257 1316 415 1390; x_wconf 72' lang='grc' dir='ltr'><strong><em>σῶμα</em></strong></span> <span class='ocrx_word' id='word_1_106' title='bbox 447 1319 611 1390; x_wconf 89' lang='grc' dir='ltr'><strong><em>ἐσμεν</em></strong></span> <span class='ocrx_word' id='word_1_107' title='bbox 643 1320 701 1374; x_wconf 90' lang='grc' dir='ltr'><strong><em>ἐν</em></strong></span> <span class='ocrx_word' id='word_1_108' title='bbox 733 1322 974 1393; x_wconf 78' lang='grc' dir='ltr'><strong><em>Χριστῷ,</em></strong></span> <span class='ocrx_word' id='word_1_109' title='bbox 1005 1315 1034 1373; x_wconf 86' lang='grc' dir='ltr'>ὁ</span> <span class='ocrx_word' id='word_1_110' title='bbox 1070 1314 1289 1374; x_wconf 75' lang='grc' dir='ltr'><strong><em>δὲκαθ’</em></strong></span> <span class='ocrx_word' id='word_1_111' title='bbox 1327 1314 1404 1384; x_wconf 83' lang='grc' dir='ltr'><strong><em>εἷς</em></strong></span> <span class='ocrx_word' id='word_1_112' title='bbox 1428 1313 1684 1389; x_wconf 87' lang='grc' dir='ltr'><strong><em>ἀλλήλων</em></strong></span> <span class='ocrx_word' id='word_1_113' title='bbox 1713 1319 1870 1390; x_wconf 88' lang='grc' dir='ltr'><strong><em>μέλη,</em></strong></span> 
     </span>
    </p>

    <p class='ocr_par' dir='ltr' id='par_1_3' title="bbox 209 1398 1934 2403">
     <span class='ocr_line' id='line_1_16' title="bbox 209 1398 1933 1475; baseline -0.001 -17"><span class='ocrx_word' id='word_1_114' title='bbox 209 1426 231 1458; x_wconf 90' lang='lat' dir='ltr'>b</span> <span class='ocrx_word' id='word_1_115' title='bbox 255 1404 347 1460; x_wconf 89' lang='grc' dir='ltr'><strong><em>καὶ</em></strong></span> <span class='ocrx_word' id='word_1_116' title='bbox 389 1400 492 1458; x_wconf 82' lang='grc' dir='ltr'><strong><em>οὐκ</em></strong></span> <span class='ocrx_word' id='word_1_117' title='bbox 530 1398 601 1459; x_wconf 72' lang='grc' dir='ltr'><strong><em>ἂν</em></strong></span> <span class='ocrx_word' id='word_1_118' title='bbox 643 1410 786 1458; x_wconf 83' lang='grc' dir='ltr'><strong><em>εἴποι</em></strong></span> <span class='ocrx_word' id='word_1_119' title='bbox 816 1399 848 1474; x_wconf 78' lang='grc' dir='ltr'>ἡ</span> <span class='ocrx_word' id='word_1_120' title='bbox 881 1399 1095 1474; x_wconf 83' lang='grc' dir='ltr'><strong><em>κεφαλὴ</em></strong></span> <span class='ocrx_word' id='word_1_121' title='bbox 1125 1414 1239 1467; x_wconf 90' lang='grc' dir='ltr'><strong><em>τοῖς</em></strong></span> <span class='ocrx_word' id='word_1_122' title='bbox 1279 1404 1439 1473; x_wconf 83' lang='grc' dir='ltr'><strong><em>ποσὶ,</em></strong></span> <span class='ocrx_word' id='word_1_123' title='bbox 1479 1407 1672 1475; x_wconf 86' lang='grc' dir='ltr'><strong><em>χρείαν</em></strong></span> <span class='ocrx_word' id='word_1_124' title='bbox 1712 1398 1871 1474; x_wconf 73' lang='grc' dir='ltr'><strong><em>ὑμῶν</em></strong></span> <span class='ocrx_word' id='word_1_125' title='bbox 1893 1423 1933 1456; x_wconf 87' lang='lat'><strong><em>15</em></strong></span> 
     </span>
     <span class='ocr_line' id='line_1_17' title="bbox 256 1482 1871 1559; baseline -0.001 -15"><span class='ocrx_word' id='word_1_126' title='bbox 256 1485 358 1544; x_wconf 83' lang='grc' dir='ltr'><strong><em>οὐκ</em></strong></span> <span class='ocrx_word' id='word_1_127' title='bbox 390 1493 515 1559; x_wconf 83' lang='grc' dir='ltr'><strong><em>ἔχω,</em></strong></span> <span class='ocrx_word' id='word_1_128' title='bbox 549 1485 624 1552; x_wconf 81' lang='grc' dir='ltr'><strong><em>ὡς</em></strong></span> <span class='ocrx_word' id='word_1_129' title='bbox 647 1482 783 1543; x_wconf 77' lang='grc' dir='ltr'><strong><em>οῦδὲ</em></strong></span> <span class='ocrx_word' id='word_1_130' title='bbox 805 1500 925 1553; x_wconf 88' lang='grc' dir='ltr'><strong><em>ταῖς</em></strong></span> <span class='ocrx_word' id='word_1_131' title='bbox 955 1488 1147 1559; x_wconf 87' lang='grc' dir='ltr'><strong><em>χερσὶν</em></strong></span> <span class='ocrx_word' id='word_1_132' title='bbox 1169 1491 1224 1543; x_wconf 83' lang='grc' dir='ltr'><strong><em>οἱ</em></strong></span> <span class='ocrx_word' id='word_1_133' title='bbox 1250 1483 1589 1559; x_wconf 85' lang='grc' dir='ltr'><strong><em>ὀφθαλμοί.”</em></strong></span> <span class='ocrx_word' id='word_1_134' title='bbox 1625 1491 1708 1543; x_wconf 82' lang='grc'><strong><em>86.</em></strong></span> <span class='ocrx_word' id='word_1_135' title='bbox 1734 1483 1871 1543; x_wconf 75' lang='grc' dir='ltr'><strong><em>κατὰ</em></strong></span> 
     </span>
     <span class='ocr_line' id='line_1_18' title="bbox 256 1569 1871 1645; baseline 0 -17"><span class='ocrx_word' id='word_1_136' title='bbox 256 1576 398 1643; x_wconf 82' lang='grc' dir='ltr'><strong><em>γοῦν</em></strong></span> <span class='ocrx_word' id='word_1_137' title='bbox 436 1571 565 1637; x_wconf 80' lang='grc' dir='ltr'><strong><em>τοὺς</em></strong></span> <span class='ocrx_word' id='word_1_138' title='bbox 605 1569 833 1645; x_wconf 81' lang='grc' dir='ltr'><strong><em>καιροῦς</em></strong></span> <span class='ocrx_word' id='word_1_139' title='bbox 873 1573 985 1629; x_wconf 75' lang='grc' dir='ltr'><strong><em>τῶν</em></strong></span> <span class='ocrx_word' id='word_1_140' title='bbox 1027 1574 1288 1644; x_wconf 73' lang='grc' dir='ltr'><strong><em>διωγμῶν</em></strong></span> <span class='ocrx_word' id='word_1_141' title='bbox 1321 1581 1376 1628; x_wconf 77' lang='grc' dir='ltr'><strong><em>εἷ’</em></strong></span> <span class='ocrx_word' id='word_1_142' title='bbox 1408 1573 1545 1628; x_wconf 90' lang='grc' dir='ltr'><strong><em>ποτέ</em></strong></span> <span class='ocrx_word' id='word_1_143' title='bbox 1578 1595 1703 1628; x_wconf 91' lang='grc' dir='ltr'><strong><em>τινα</em></strong></span> <span class='ocrx_word' id='word_1_144' title='bbox 1733 1569 1871 1628; x_wconf 75' lang='grc' dir='ltr'><strong><em>κατὰ</em></strong></span> 
     </span>
     <span class='ocr_line' id='line_1_19' title="bbox 255 1654 1870 1731; baseline 0 -18"><span class='ocrx_word' id='word_1_145' title='bbox 255 1660 370 1713; x_wconf 78' lang='grc' dir='ltr'><strong><em>τῶν</em></strong></span> <span class='ocrx_word' id='word_1_146' title='bbox 399 1658 582 1728; x_wconf 75' lang='grc' dir='ltr'><strong><em>μελιᾶν</em></strong></span> <span class='ocrx_word' id='word_1_147' title='bbox 611 1659 710 1713; x_wconf 87' lang='grc' dir='ltr'><strong><em>τοῦ</em></strong></span> <span class='ocrx_word' id='word_1_148' title='bbox 741 1658 987 1729; x_wconf 75' lang='grc' dir='ltr'><strong><em>Χριστοῦ</em></strong></span> <span class='ocrx_word' id='word_1_149' title='bbox 1015 1654 1151 1729; x_wconf 86' lang='grc' dir='ltr'><strong><em>πρὸς</em></strong></span> <span class='ocrx_word' id='word_1_150' title='bbox 1181 1660 1295 1713; x_wconf 76' lang='grc' dir='ltr'><strong><em>τῶν</em></strong></span> <span class='ocrx_word' id='word_1_151' title='bbox 1338 1659 1559 1731; x_wconf 76' lang='grc' dir='ltr'><strong><em>ἐχθρῶν</em></strong></span> <span class='ocrx_word' id='word_1_152' title='bbox 1588 1658 1681 1712; x_wconf 84' lang='grc' dir='ltr'><strong><em>καὶ</em></strong></span> <span class='ocrx_word' id='word_1_153' title='bbox 1711 1663 1870 1713; x_wconf 87' lang='grc' dir='ltr'><strong><em>πολε-</em></strong></span> 
     </span>
     <span class='ocr_line' id='line_1_20' title="bbox 256 1736 1869 1813; baseline -0.001 -16"><span class='ocrx_word' id='word_1_154' title='bbox 256 1748 401 1813; x_wconf 88' lang='grc' dir='ltr'><strong><em>μίων</em></strong></span> <span class='ocrx_word' id='word_1_155' title='bbox 433 1744 730 1813; x_wconf 81' lang='grc' dir='ltr'><strong><em>ἐνεργοῖτο,</em></strong></span> <span class='ocrx_word' id='word_1_156' title='bbox 763 1749 907 1798; x_wconf 79' lang='grc' dir='ltr'><strong><em>εἴποι</em></strong></span> <span class='ocrx_word' id='word_1_157' title='bbox 938 1736 1009 1797; x_wconf 68' lang='grc' dir='ltr'><strong><em>ἂν</em></strong></span> <span class='ocrx_word' id='word_1_158' title='bbox 1031 1742 1124 1797; x_wconf 87' lang='grc' dir='ltr'><strong><em>καὶ</em></strong></span> <span class='ocrx_word' id='word_1_159' title='bbox 1148 1743 1276 1813; x_wconf 89' lang='grc' dir='ltr'><strong><em>περὶ</em></strong></span> <span class='ocrx_word' id='word_1_160' title='bbox 1299 1738 1472 1799; x_wconf 78' lang='grc' dir='ltr'><strong><em>αὐτὸν</em></strong></span> <span class='ocrx_word' id='word_1_161' title='bbox 1495 1739 1597 1798; x_wconf 79' lang='grc' dir='ltr'><strong><em>οὐκ</em></strong></span> <span class='ocrx_word' id='word_1_162' title='bbox 1627 1738 1869 1813; x_wconf 78' lang='grc' dir='ltr'><strong><em>ἀκαίρως</em></strong></span> 
     </span>
     <span class='ocr_line' id='line_1_21' title="bbox 255 1821 1932 1902; baseline -0.002 -20"><span class='ocrx_word' id='word_1_163' title='bbox 255 1823 316 1882; x_wconf 85' lang='grc' dir='ltr'><strong><em>τὸ</em></strong></span> <span class='ocrx_word' id='word_1_164' title='bbox 339 1821 601 1898; x_wconf 77' lang='grc' dir='ltr'><strong><em>“ὠ’ρυξαν</em></strong></span> <span class='ocrx_word' id='word_1_165' title='bbox 623 1823 809 1900; x_wconf 77' lang='grc' dir='ltr'><strong><em>χεῖράς</em></strong></span> <span class='ocrx_word' id='word_1_166' title='bbox 831 1849 968 1898; x_wconf 92' lang='grc' dir='ltr'><strong><em>μου,</em></strong></span> <span class='ocrx_word' id='word_1_167' title='bbox 1000 1827 1093 1902; x_wconf 87' lang='grc' dir='ltr'><strong><em>καὶ</em></strong></span> <span class='ocrx_word' id='word_1_168' title='bbox 1118 1825 1294 1891; x_wconf 89' lang='grc' dir='ltr'><strong><em>πόδας</em></strong></span> <span class='ocrx_word' id='word_1_169' title='bbox 1316 1849 1424 1897; x_wconf 89' lang='grc' dir='ltr'><strong><em>μου</em></strong></span> <span class='ocrx_word' id='word_1_170' title='bbox 1438 1870 1453 1895; x_wconf 90' lang='grc'><strong><em>,</em></strong></span> <span class='ocrx_word' id='word_1_171' title='bbox 1488 1828 1868 1897; x_wconf 81' lang='grc' dir='ltr'><strong><em>ἐξηρίθμησαν</em></strong></span> <span class='ocrx_word' id='word_1_172' title='bbox 1890 1846 1932 1879; x_wconf 78' lang='lat'><strong><em>20</em></strong></span> 
     </span>
     <span class='ocr_line' id='line_1_22' title="bbox 255 1907 1871 1982; baseline 0 -17"><span class='ocrx_word' id='word_1_173' title='bbox 255 1908 436 1966; x_wconf 80' lang='grc' dir='ltr'><strong><em>πάντα</em></strong></span> <span class='ocrx_word' id='word_1_174' title='bbox 465 1908 532 1966; x_wconf 77' lang='grc' dir='ltr'><strong><em>τὰ</em></strong></span> <span class='ocrx_word' id='word_1_175' title='bbox 561 1907 695 1966; x_wconf 77' lang='grc' dir='ltr'><strong><em>ὀστᾶ</em></strong></span> <span class='ocrx_word' id='word_1_176' title='bbox 724 1933 848 1982; x_wconf 91' lang='grc' dir='ltr'><strong><em>μου.</em></strong></span> <span class='ocrx_word' id='word_1_177' title='bbox 921 1907 1077 1967; x_wconf 77' lang='grc' dir='ltr'><strong><em>αὐτοὶ</em></strong></span> <span class='ocrx_word' id='word_1_178' title='bbox 1112 1911 1174 1966; x_wconf 76' lang='grc' dir='ltr'><strong><em>δὲ</em></strong></span> <span class='ocrx_word' id='word_1_179' title='bbox 1203 1907 1546 1980; x_wconf 86' lang='grc' dir='ltr'><strong><em>κατενόησαν</em></strong></span> <span class='ocrx_word' id='word_1_180' title='bbox 1585 1910 1677 1964; x_wconf 85' lang='grc' dir='ltr'><strong><em>καὶ</em></strong></span> <span class='ocrx_word' id='word_1_181' title='bbox 1719 1912 1871 1965; x_wconf 88' lang='grc' dir='ltr'><strong><em>ἐπεῖ-</em></strong></span> 
     </span>
     <span class='ocr_line' id='line_1_23' title="bbox 259 1987 1870 2066; baseline 0.001 -17"><span class='ocrx_word' id='word_1_182' title='bbox 259 1992 360 2051; x_wconf 90' lang='grc' dir='ltr'><strong><em>δόν</em></strong></span> <span class='ocrx_word' id='word_1_183' title='bbox 398 1991 520 2066; x_wconf 87' lang='grc' dir='ltr'><strong><em>με.”</em></strong></span> <span class='ocrx_word' id='word_1_184' title='bbox 592 1998 674 2050; x_wconf 84' lang='grc'><strong><em>87.</em></strong></span> <span class='ocrx_word' id='word_1_185' title='bbox 719 1987 842 2050; x_wconf 82' lang='grc' dir='ltr'><strong><em>τότε</em></strong></span> <span class='ocrx_word' id='word_1_186' title='bbox 885 1993 947 2050; x_wconf 74' lang='grc' dir='ltr'><strong><em>δὲ</em></strong></span> <span class='ocrx_word' id='word_1_187' title='bbox 986 1995 1078 2050; x_wconf 86' lang='grc' dir='ltr'><strong><em>καὶ</em></strong></span> <span class='ocrx_word' id='word_1_188' title='bbox 1133 1998 1536 2066; x_wconf 83' lang='grc' dir='ltr'><strong><em>διαμερίζονται</em></strong></span> <span class='ocrx_word' id='word_1_189' title='bbox 1576 1992 1642 2049; x_wconf 77' lang='grc' dir='ltr'><strong><em>τὰ</em></strong></span> <span class='ocrx_word' id='word_1_190' title='bbox 1683 1992 1870 2065; x_wconf 77' lang='grc' dir='ltr'><strong><em>ἱμάτια</em></strong></span> 
     </span>
     <span class='ocr_line' id='line_1_24' title="bbox 257 2074 1870 2150; baseline 0.002 -18"><span class='ocrx_word' id='word_1_191' title='bbox 257 2074 433 2133; x_wconf 78' lang='grc' dir='ltr'><strong><em>αὐτοῦ</em></strong></span> <span class='ocrx_word' id='word_1_192' title='bbox 463 2080 697 2147; x_wconf 79' lang='grc' dir='ltr'><strong><em>ἑαυτοῖς,</em></strong></span> <span class='ocrx_word' id='word_1_193' title='bbox 728 2079 821 2132; x_wconf 88' lang='grc' dir='ltr'><strong><em>καὶ</em></strong></span> <span class='ocrx_word' id='word_1_194' title='bbox 845 2079 934 2132; x_wconf 83' lang='grc' dir='ltr'><strong><em>ἐπὶ</em></strong></span> <span class='ocrx_word' id='word_1_195' title='bbox 963 2074 1061 2133; x_wconf 82' lang='grc' dir='ltr'><strong><em>τὸν</em></strong></span> <span class='ocrx_word' id='word_1_196' title='bbox 1085 2076 1375 2150; x_wconf 78' lang='grc' dir='ltr'><strong><em>ἱματισμὸν</em></strong></span> <span class='ocrx_word' id='word_1_197' title='bbox 1399 2075 1573 2134; x_wconf 81' lang='grc' dir='ltr'><strong><em>αὐτοῦ</em></strong></span> <span class='ocrx_word' id='word_1_198' title='bbox 1601 2076 1870 2149; x_wconf 77' lang='grc' dir='ltr'><strong><em>βάλλουσι</em></strong></span> 
     </span>
     <span class='ocr_line' id='line_1_25' title="bbox 258 2155 1871 2234; baseline 0.002 -18"><span class='ocrx_word' id='word_1_199' title='bbox 258 2163 496 2234; x_wconf 82' lang='grc' dir='ltr'><strong><em>κλῆρον,</em></strong></span> <span class='ocrx_word' id='word_1_200' title='bbox 537 2159 627 2217; x_wconf 80' lang='grc' dir='ltr'><strong><em>ὅτε</em></strong></span> <span class='ocrx_word' id='word_1_201' title='bbox 666 2159 763 2217; x_wconf 87' lang='grc' dir='ltr'><strong><em>τὸν</em></strong></span> <span class='ocrx_word' id='word_1_202' title='bbox 803 2164 901 2218; x_wconf 91' lang='grc' dir='ltr'><strong><em>τοῦ</em></strong></span> <span class='ocrx_word' id='word_1_203' title='bbox 940 2159 1108 2232; x_wconf 83' lang='grc' dir='ltr'><strong><em>λόγου</em></strong></span> <span class='ocrx_word' id='word_1_204' title='bbox 1138 2160 1373 2234; x_wconf 84' lang='grc' dir='ltr'><strong><em>κόσμον,</em></strong></span> <span class='ocrx_word' id='word_1_205' title='bbox 1415 2159 1533 2234; x_wconf 82' lang='grc' dir='ltr'><strong><em>ἤτοι</em></strong></span> <span class='ocrx_word' id='word_1_206' title='bbox 1573 2155 1670 2229; x_wconf 71' lang='grc' dir='ltr'><strong><em>τὰς</em></strong></span> <span class='ocrx_word' id='word_1_207' title='bbox 1700 2165 1871 2230; x_wconf 84' lang='grc' dir='ltr'><strong><em>λέξεις</em></strong></span> 
     </span>
     <span class='ocr_line' id='line_1_26' title="bbox 257 2243 1934 2318; baseline -0.001 -17"><span class='ocrx_word' id='word_1_208' title='bbox 257 2250 371 2302; x_wconf 76' lang='grc' dir='ltr'><strong><em>τῶν</em></strong></span> <span class='ocrx_word' id='word_1_209' title='bbox 400 2251 578 2302; x_wconf 87' lang='grc' dir='ltr'><strong><em>θείων</em></strong></span> <span class='ocrx_word' id='word_1_210' title='bbox 607 2248 870 2318; x_wconf 76' lang='grc' dir='ltr'><strong><em>γραφῶν,</em></strong></span> <span class='ocrx_word' id='word_1_211' title='bbox 915 2243 1109 2303; x_wconf 75' lang='grc' dir='ltr'><strong><em>ἄλλοτε</em></strong></span> <span class='ocrx_word' id='word_1_212' title='bbox 1139 2244 1317 2313; x_wconf 70' lang='grc' dir='ltr'><strong><em>ἄλλως</em></strong></span> <span class='ocrx_word' id='word_1_213' title='bbox 1350 2248 1574 2313; x_wconf 80' lang='grc' dir='ltr'><strong><em>ἕκαστος</em></strong></span> <span class='ocrx_word' id='word_1_214' title='bbox 1605 2253 1870 2318; x_wconf 87' lang='grc' dir='ltr'><strong><em>διαφθεί-</em></strong></span> <span class='ocrx_word' id='word_1_215' title='bbox 1891 2267 1934 2300; x_wconf 78' lang='lat'><strong><em>25</em></strong></span> 
     </span>
     <span class='ocr_line' id='line_1_27' title="bbox 260 2326 1872 2403; baseline 0.001 -17"><span class='ocrx_word' id='word_1_216' title='bbox 260 2353 376 2400; x_wconf 91' lang='grc' dir='ltr'><strong><em>ρων</em></strong></span> <span class='ocrx_word' id='word_1_217' title='bbox 421 2332 746 2401; x_wconf 78' lang='grc' dir='ltr'><strong><em>ἐπισπᾶται,</em></strong></span> <span class='ocrx_word' id='word_1_218' title='bbox 790 2331 882 2386; x_wconf 88' lang='grc' dir='ltr'><strong><em>καὶ</em></strong></span> <span class='ocrx_word' id='word_1_219' title='bbox 922 2326 1014 2387; x_wconf 78' lang='grc' dir='ltr'><strong><em>ὅτε</em></strong></span> <span class='ocrx_word' id='word_1_220' title='bbox 1054 2327 1148 2397; x_wconf 74' lang='grc' dir='ltr'><strong><em>τὰς</em></strong></span> <span class='ocrx_word' id='word_1_221' title='bbox 1179 2333 1307 2403; x_wconf 87' lang='grc' dir='ltr'><strong><em>περὶ</em></strong></span> <span class='ocrx_word' id='word_1_222' title='bbox 1349 2328 1523 2388; x_wconf 80' lang='grc' dir='ltr'><strong><em>αὑτοῦ</em></strong></span> <span class='ocrx_word' id='word_1_223' title='bbox 1554 2329 1716 2398; x_wconf 80' lang='grc' dir='ltr'><strong><em>δόξας</em></strong></span> <span class='ocrx_word' id='word_1_224' title='bbox 1748 2335 1872 2387; x_wconf 89' lang='grc' dir='ltr'><strong><em>δια-</em></strong></span> 
     </span>
    </p>

    <p class='ocr_par' dir='ltr' id='par_1_4' title="bbox 215 2411 1932 2741">
     <span class='ocr_line' id='line_1_28' title="bbox 215 2411 1872 2488; baseline 0.001 -18"><span class='ocrx_word' id='word_1_225' title='bbox 215 2447 235 2469; x_wconf 83' lang='lat' dir='ltr'>c</span> <span class='ocrx_word' id='word_1_226' title='bbox 258 2411 518 2488; x_wconf 85' lang='grc' dir='ltr'><strong><em>στρόφοις</em></strong></span> <span class='ocrx_word' id='word_1_227' title='bbox 549 2419 933 2482; x_wconf 87' lang='grc' dir='ltr'><strong><em>διδασκαλίαις</em></strong></span> <span class='ocrx_word' id='word_1_228' title='bbox 960 2412 1479 2488; x_wconf 80' lang='grc' dir='ltr'><strong><em>ἀπολαμβάνουσιν,</em></strong></span> <span class='ocrx_word' id='word_1_229' title='bbox 1509 2414 1674 2473; x_wconf 88' lang='grc' dir='ltr'><strong><em>ὁποῖα</em></strong></span> <span class='ocrx_word' id='word_1_230' title='bbox 1704 2414 1872 2487; x_wconf 81' lang='grc' dir='ltr'><strong><em>σύνη-</em></strong></span> 
     </span>
     <span class='ocr_line' id='line_1_29' title="bbox 258 2495 1870 2571; baseline 0 -15"><span class='ocrx_word' id='word_1_231' title='bbox 258 2508 359 2565; x_wconf 88' lang='grc' dir='ltr'><strong><em>θες</em></strong></span> <span class='ocrx_word' id='word_1_232' title='bbox 389 2513 503 2564; x_wconf 88' lang='grc' dir='ltr'><strong><em>τοῖς</em></strong></span> <span class='ocrx_word' id='word_1_233' title='bbox 533 2495 723 2566; x_wconf 89' lang='grc' dir='ltr'><strong><em>ἀθέοις</em></strong></span> <span class='ocrx_word' id='word_1_234' title='bbox 754 2497 1101 2571; x_wconf 73' lang='grc' dir='ltr'><strong><em>αἱρεσιιόταις</em></strong></span> <span class='ocrx_word' id='word_1_235' title='bbox 1131 2514 1327 2557; x_wconf 84' lang='grc' dir='ltr'><strong><em>ποιεῖν.</em></strong></span> <span class='ocrx_word' id='word_1_236' title='bbox 1377 2501 1467 2556; x_wconf 89' lang='grc' dir='ltr'><strong><em>ἐπὶ</em></strong></span> <span class='ocrx_word' id='word_1_237' title='bbox 1491 2505 1625 2556; x_wconf 80' lang='grc' dir='ltr'><strong><em>πᾶσι</em></strong></span> <span class='ocrx_word' id='word_1_238' title='bbox 1656 2497 1870 2565; x_wconf 81' lang='grc' dir='ltr'><strong><em>τούτοις</em></strong></span> 
     </span>
     <span class='ocr_line' id='line_1_30' title="bbox 259 2581 1870 2658; baseline 0 -19"><span class='ocrx_word' id='word_1_239' title='bbox 259 2582 398 2656; x_wconf 85' lang='grc' dir='ltr'><strong><em>πρὸς</em></strong></span> <span class='ocrx_word' id='word_1_240' title='bbox 427 2581 525 2639; x_wconf 81' lang='grc' dir='ltr'><strong><em>τὸν</em></strong></span> <span class='ocrx_word' id='word_1_241' title='bbox 554 2585 755 2640; x_wconf 81' lang='grc' dir='ltr'><strong><em>ἑαυτοῦ</em></strong></span> <span class='ocrx_word' id='word_1_242' title='bbox 785 2582 923 2640; x_wconf 84' lang='grc' dir='ltr'><strong><em>θεὸν</em></strong></span> <span class='ocrx_word' id='word_1_243' title='bbox 953 2586 1045 2640; x_wconf 85' lang='grc' dir='ltr'><strong><em>καὶ</em></strong></span> <span class='ocrx_word' id='word_1_244' title='bbox 1076 2583 1271 2656; x_wconf 87' lang='grc' dir='ltr'><strong><em>κύριον</em></strong></span> <span class='ocrx_word' id='word_1_245' title='bbox 1290 2586 1382 2641; x_wconf 89' lang='grc' dir='ltr'><strong><em>καὶ</em></strong></span> <span class='ocrx_word' id='word_1_246' title='bbox 1407 2587 1616 2658; x_wconf 89' lang='grc' dir='ltr'><strong><em>πατέρα</em></strong></span> <span class='ocrx_word' id='word_1_247' title='bbox 1644 2581 1747 2656; x_wconf 81' lang='grc' dir='ltr'><strong><em>τὴν</em></strong></span> <span class='ocrx_word' id='word_1_248' title='bbox 1779 2581 1870 2640; x_wconf 83' lang='grc' dir='ltr'><strong><em>εὐ-</em></strong></span> 
     </span>
     <span class='ocr_line' id='line_1_31' title="bbox 258 2664 1932 2741; baseline -0.001 -18"><span class='ocrx_word' id='word_1_249' title='bbox 258 2665 363 2739; x_wconf 84' lang='grc' dir='ltr'><strong><em>χὴν</em></strong></span> <span class='ocrx_word' id='word_1_250' title='bbox 413 2665 707 2734; x_wconf 89' lang='grc' dir='ltr'><strong><em>ἀποτείνας</em></strong></span> <span class='ocrx_word' id='word_1_251' title='bbox 752 2670 1000 2741; x_wconf 85' lang='grc' dir='ltr'><strong><em>ἐπιφέρει</em></strong></span> <span class='ocrx_word' id='word_1_252' title='bbox 1053 2669 1231 2740; x_wconf 84' lang='grc' dir='ltr'><strong><em>λέγων</em></strong></span> <span class='ocrx_word' id='word_1_253' title='bbox 1261 2664 1369 2724; x_wconf 43' lang='grc' dir='ltr'><strong><em>’(σῦ</em></strong></span> <span class='ocrx_word' id='word_1_254' title='bbox 1422 2669 1510 2740; x_wconf 74' lang='grc' dir='ltr'><strong><em>δὲ,</em></strong></span> <span class='ocrx_word' id='word_1_255' title='bbox 1564 2666 1742 2740; x_wconf 80' lang='grc' dir='ltr'><strong><em>κύριε,</em></strong></span> <span class='ocrx_word' id='word_1_256' title='bbox 1794 2665 1868 2740; x_wconf 83' lang='grc' dir='ltr'><strong><em>μὴ</em></strong></span> <span class='ocrx_word' id='word_1_257' title='bbox 1889 2688 1932 2722; x_wconf 83' lang='lat'><strong><em>30</em></strong></span> 
     </span>
    </p>
   </div>
   <div class='ocr_carea' id='block_1_3' title="bbox 450 2792 596 2796">
    <p class='ocr_par' dir='ltr' id='par_1_5' title="bbox 450 2792 596 2796">
     <span class='ocr_line' id='line_1_32' title="bbox 450 2792 596 2796; baseline 0 0"><span class='ocrx_word' id='word_1_258' title='bbox 450 2792 596 2796; x_wconf 95' lang='lat' dir='ltr'><strong><em> </em></strong></span> 
     </span>
    </p>
   </div>
   <div class='ocr_carea' id='block_1_4' title="bbox 376 2860 1356 2912">
    <p class='ocr_par' dir='ltr' id='par_1_6' title="bbox 376 2860 1356 2912">
     <span class='ocr_line' id='line_1_33' title="bbox 376 2860 1356 2912; baseline 0.002 -14"><span class='ocrx_word' id='word_1_259' title='bbox 376 2861 427 2899; x_wconf 88' lang='lat'><strong><em>13</em></strong></span> <span class='ocrx_word' id='word_1_260' title='bbox 459 2860 587 2900; x_wconf 84' lang='lat' dir='ltr'>Rom.</span> <span class='ocrx_word' id='word_1_261' title='bbox 613 2862 678 2910; x_wconf 71' lang='lat'><strong><em>12,</em></strong></span> <span class='ocrx_word' id='word_1_262' title='bbox 702 2863 742 2900; x_wconf 83' lang='lat'><strong><em>5.</em></strong></span> <span class='ocrx_word' id='word_1_263' title='bbox 921 2863 972 2902; x_wconf 90' lang='lat'><strong><em>15</em></strong></span> <span class='ocrx_word' id='word_1_264' title='bbox 1006 2863 1044 2900; x_wconf 87' lang='lat'><strong><em>1.</em></strong></span> <span class='ocrx_word' id='word_1_265' title='bbox 1069 2860 1172 2902; x_wconf 89' lang='lat' dir='ltr'><strong>Cor.</strong></span> <span class='ocrx_word' id='word_1_266' title='bbox 1199 2863 1263 2912; x_wconf 82' lang='lat'><strong><em>12,</em></strong></span> <span class='ocrx_word' id='word_1_267' title='bbox 1288 2862 1356 2901; x_wconf 76' lang='lat'><strong><em>21.</em></strong></span> 
     </span>
    </p>
   </div>
  </div>
 </body>
</html>
