1946 3158
593 146 902 188 DEMONST.
933 147 1152 188 EVANG.
1180 146 1263 186 111.
1296 148 1334 188 2.
1648 146 1742 196 147

140 260 315 320 αὐτοῦ
344 265 563 338 γραφῆς
592 264 790 320 τοῦτον
830 258 1163 335 ἆνεφῶνησε
1201 260 1299 319 τὸν
1337 259 1546 334 τρόπον
1582 257 1744 330 “Ege-

139 345 392 406 λεύσεται
422 345 721 418 ἅνθρωπος
747 348 806 403 ἐκ
835 352 934 403 τοῦ
965 348 1274 421 σπέρματος
1314 343 1484 404 αὐτοῦ
1501 344 1549 370 ”
1598 349 1744 419 λέγει

141 433 202 488 δὲ
233 435 331 488 τοῦ
355 428 600 505 Ἰσραήλ
628 427 770 488 “nal
814 430 1097 504 κυριεύσει
1129 433 1344 504 ἐθνῶν,
1387 433 1478 488 καὶ
1509 426 1742 503 υψωθή-

140 537 292 574 σεται
322 514 356 588 ἡ
388 522 642 588 βασιλεία
673 513 892 573 αὐτοῦ.”

96 626 116 657 5
265 603 348 657 33.
397 606 470 659 Εἰ
499 598 568 673 δὴ
598 602 790 673 μηδεὶς
814 598 976 667 ἄλλος
1007 599 1227 657 πῶποτε
1271 603 1383 656 τῶν
1424 603 1483 657 ἐκ
1524 623 1744 672 περιτο-

137 688 241 758 μῆς
281 681 567 758 ἀρχόντων
606 687 698 742 καὶ
748 687 1026 757 βασιλέων
1066 684 1254 759 κύριος
1297 687 1482 742 ἐθνῶν
1523 687 1744 742 πολλῶν

138 772 397 842 κατέστη,
432 766 692 843 (οὐδεμία
731 769 835 841 γὰρ
884 773 1096 842 ἱστορία
1139 774 1302 841 δηλοῖ
1328 768 1514 842 τοῦτο)
1548 775 1652 844 βοᾷ
1685 770 1744 826 δὲ

138 857 231 911 καὶ
273 855 542 927 κέκραγεν
583 852 616 925 ἡ
658 851 897 925 ἀλήθεια
960 855 1050 909 ἐπὶ
1108 852 1283 926 μόνου
1341 857 1440 910 τοῦ
1499 858 1777 926 σωτ’ῆρος’

140 934 312 1011 ἡμῶν,
338 935 421 994 ὅτι
456 936 524 1010 δὴ
555 935 749 1012 κύριον
781 936 953 995 αὐτὸν
983 939 1076 994 καὶ
1108 937 1210 994 οὐκ
1242 937 1377 994 αὐτὸ
1417 935 1590 1011 μόνον
1630 954 1744 1004 τοῖς

73 1049 113 1080 10
137 1028 362 1095 χείλεσι,
397 1024 648 1080 διαθέσει
703 1022 764 1078 δὲ
820 1020 1166 1095 γνησιωτάτῃ
1225 1028 1397 1097 μυρία
1438 1020 1628 1095 πλήθη
1690 1027 1743 1090 ἐξ

135 1105 398 1165 ἁπάντων
427 1110 539 1166 τῶν
571 1110 759 1165 ἐθνῶν
789 1105 1062 1180 ὁμολογεῖ,
1107 1113 1164 1163 τί
1201 1105 1272 1179 δή
1311 1129 1443 1164 ποτε
1488 1105 1745 1179 ἐμποδῶν

135 1191 208 1291 μὴ
249 1189 373 1265 οὐχὶ
416 1190 588 1249 αὐτὸν
628 1191 770 1248 εἶναι
808 1190 1045 1264 φάσκειν
1084 1192 1180 1248 τὸν
1222 1189 1743 1265 προφητευόμενον;

136 1274 218 1333 ὅτι
261 1276 323 1332 δε
369 1282 576 1349 Μωσῆς
624 1282 798 1334 ταῦτα
847 1300 952 1334 ουκ
1010 1273 1407 1349 απεριορίστως
1466 1278 1741 1350 προλέγει,

138 1358 258 1416 οὐδ’
292 1365 369 1427 εἰς
400 1357 629 1434 ἄπειρον
660 1385 750 1417 και
781 1359 1149 1434 ἀπερίμετρον
1180 1359 1383 1434 χρόνον
1415 1359 1744 1441 ἐπισκιάζων

76 1469 115 1501 15
138 1442 238 1516 τὴν
269 1442 604 1518 πρόρρησιν,
648 1469 710 1502 ευ
745 1443 890 1518 μαλα
935 1446 996 1502 δε
1027 1444 1270 1517 ἀκριβῶς
1311 1444 1413 1517 τὴν
1446 1451 1559 1502 τῶν
1604 1469 1744 1520 προ-

138 1530 533 1601 φητευομένων
575 1535 805 1601 ἔκβασιν
853 1528 1071 1604 χρόνοις
1126 1525 1450 1602 ὡρισμένοις
1481 1529 1742 1601 περιγρά-

135 1636 286 1684 φων,
318 1636 486 1670 ακουε
515 1610 605 1670 οἷα
636 1615 727 1670 καὶ
768 1616 891 1688 περὶ
932 1611 1132 1671 τούτου
1170 1619 1419 1681 θεσπίζει
1457 1609 1608 1670 “οὐκ
1652 1616 1741 1670 ε’κ-

135 1702 314 1764 λείψει
345 1695 530 1800 ἅρχων
562 1701 615 1765 ἐξ
640 1696 842 1769 Ἰούδα,
875 1701 967 1755 καὶ
995 1694 1300 1771 ηγούμενος
1333 1701 1392 1755 ἐκ
1415 1700 1526 1754 τῶν
1549 1703 1742 1771 μηρῶν

136 1779 330 1854 αὐτοῦ,
365 1784 464 1848 ε’ως
495 1806 565 1838 αν
596 1789 736 1857 ἐλθη
785 1775 826 1860 ᾦ
858 1781 1171 1854 ἀπόκειται,
1225 1784 1316 1838 καὶ
1358 1778 1522 1849 αὐτὸς
1568 1801 1741 1857 προσ-

73 1890 114 1922 20
139 1870 296 1923 δοκία
321 1869 523 1923 ἐθνῶν.
526 1862 554 1884 ”

260 1955 344 2006 34.
392 1947 486 2007 Δί’
519 1943 598 2008 ῶν
627 1947 695 2008 ού
740 1955 1053 2020 διαλείψειν
1093 1953 1216 2022 ἑξῆς
1258 1948 1518 2007 καὶκατὰ
1550 1956 1740 2009 διαδο-

132 2032 235 2107 χὴν
298 2031 636 2108 ἡγουμένους
705 2038 796 2092 καὶ
862 2034 1133 2110 ἄρχοντας
1193 2038 1252 2092 ἐκ
1302 2039 1400 2093 τοῦ
1453 2034 1740 2093 Ἰουδαίων

133 2125 334 2186 ἔθνους
382 2121 540 2192 μέχρι
588 2124 683 2192 τῆς
733 2123 834 2177 τοῦ
902 2122 1372 2194 προσδοκωμένου
1432 2126 1740 2193 παρουσίας

131 2200 517 2277 ἀποφαίνεται,
551 2203 920 2262 διαλιπόντων
967 2205 1029 2262 δὲ
1067 2209 1178 2262 τῶν
1233 2201 1366 2279 παρ’
1414 2201 1603 2271 αὐτοῖς
1644 2201 1739 2277 ἆρ-

70 2311 110 2344 25
133 2286 344 2360 χόντων
374 2291 719 2360 παρέσεσθαι
749 2289 846 2346 τὸν
875 2287 1380 2362 προφητευόμενον.
1414 2293 1497 2346 35.
1512 2286 1740 2346 Ἰούδαν

134 2372 194 2429 δὲ
225 2375 334 2430 νῦν
362 2370 440 2448 ιὀὐ
470 2374 567 2446 τὴν
608 2373 796 2447 φυλὴν
837 2372 1120 2447 ὀνομάζει,
1143 2373 1263 2430 ἀλλ’
1312 2375 1431 2431 ἐπεὶ
1457 2372 1593 2430 κατά
1615 2398 1739 2430 τινα

131 2464 530 2530 προσωνυμίαν
554 2460 614 2515 ἐν
643 2471 757 2525 τοῖς
798 2458 933 2531 μετὰ
963 2462 1134 2516 ταῦτα
1174 2457 1390 2531 χρόνοις
1431 2455 1540 2514 ἀπὸ
1581 2463 1734 2528 βασι-

134 2544 286 2612 λικῆς
315 2546 497 2614 φυλῆς
519 2546 616 2614 τῆς
639 2541 822 2600 Ἰούδα
852 2543 912 2600 τὸ
944 2546 1056 2600 πᾶν
1079 2541 1370 2600 Ἰουδαίων
1392 2547 1556 2608 ἔθνος
1576 2545 1735 2615 ἐχρη-

132 2623 350 2696 μάτιζεν
380 2622 452 2692 ῶς
483 2629 574 2684 καὶ
617 2636 694 2694 εἰς
736 2626 978 2701 σήμερον
1012 2625 1318 2693 Ἰουδαίους
1348 2623 1734 2699 ὀνομάζεσθαι,
1765 2668 1770 2682 .

69 2733 110 2765 30
137 2708 356 2783 σφόδρα
398 2717 734 2784 θαυμαστῶς
789 2714 880 2768 καὶ
922 2715 1275 2785 προφητικῶς
1315 2708 1374 2768 τὸ
1421 2715 1533 2767 πᾶν
1573 2718 1737 2778 ἔθνος

251 2906 270 2942 1
305 2903 432 2946 Num.
459 2905 527 2955 24,
551 2906 588 2944 7.
766 2907 815 2946 17
841 2907 952 2946 Gen.
976 2907 1044 2956 49,
1071 2907 1143 2945 10.

1407 2973 1514 3024 1οε-
