1992 3186
598 130 888 171 DEMONST
937 130 1156 173 EVANG.
1190 131 1268 171 vl.
1300 132 1366 171 24.
1693 130 1794 179 411

190 252 248 304 οἰ
274 248 454 303 λοιποὶ
486 243 864 303 ἐκδεδωκασιν
897 247 1254 318 ἐρμηνευταί·
1306 249 1357 304 4.
1389 244 1418 302 ὁ
1441 246 1543 318 μὲν
1566 244 1798 311 Ἀκύλας

193 329 364 387 εἰπών
385 329 482 386 “τί
509 328 880 403 ὠραιεόθησαν
914 332 999 386 ἐπὶ
1031 327 1096 386 τοὶ
1126 327 1226 402 ὅρη
1258 328 1424 395 πόδες
1456 326 1799 401 εὐαγγελιζο-

189 418 390 488 μένου,
430 411 809 483 ἀκουτίζοντος
842 413 1097 487 εἰρήνην,
1143 413 1633 486 εὐαγγελιζομένου
1661 413 1800 486 ἀγα-

188 498 324 571 θὸν,
357 496 737 566 ἀκουτίζοντος
769 505 1067 571 σωτηρίαν,
1099 501 1354 570 λέγοντος
1369 502 1435 571 τῇ
1466 496 1634 569 Σιών,
1670 502 1800 570 ἐβα-

145 590 451 640 5σίλευσεν
492 579 518 639 ὁ
560 582 693 648 θεός
734 579 897 651 σου;”
949 585 1040 639 καὶ
1079 581 1107 639 ὁ
1153 582 1452 655 Σύμμαχος
1493 581 1675 655 φήσας
1708 582 1806 639 “vl

191 665 482 739 εὐπρεπεῖς
537 669 625 724 ἐπὶ
676 671 788 724 τῶν
838 665 1015 740 ὀρέων
1067 665 1234 733 πόδες
1288 666 1798 739 εὐαγγελιζομένου,

188 749 468 823 ἀκουστὴν
490 754 779 817 ποιοῦντος
805 750 1051 825 εἰρήνην,
1080 749 1566 823 εὐαγγελιζομένου
1593 749 1799 822 ἀγαθοὶ,

187 834 468 907 ἀκουστὴν
518 842 807 901 ποιοῦντος
859 841 1164 906 σωτηρίαν,
1219 837 1474 907 λέγοντος
1514 841 1580 908 τῇ
1631 834 1798 906 Σιων,
1833 870 1847 889 c

191 915 613 989 ἐβασίλευσενὸ
666 918 798 984 θεός
830 917 999 987 σου;”
1048 915 1170 975 ἀντὶ
1217 919 1278 975 δὲ
1316 924 1415 976 τοῦ
1448 915 1648 993 “cpcoviy
1687 923 1801 976 τῶν

126 1029 167 1061 10
192 1002 595 1076 φυλασσόντων
627 1023 689 1059 σε
718 1002 954 1074 ὑψώθη,
987 1005 1078 1058 καὶ
1108 1007 1174 1076 τῇ
1215 1006 1381 1076 φωνῇ
1409 1002 1520 1075 ἅμα
1553 1001 1800 1076 εὐφραν-

187 1086 487 1159 θήσονται,
527 1084 610 1143 ότι
650 1085 934 1159 ὀφθαλμοὶ
966 1085 1102 1160 πρὸς
1142 1085 1470 1160 ὀφθαλμούς
1510 1085 1797 1158 ὅψονται,”

188 1168 216 1228 ὃ
249 1195 351 1244 μεν
382 1170 683 1244 Σύμμαχος
715 1169 892 1236 οὕτως
922 1168 1311 1244 ηρμήνευσεν
1336 1196 1495 1243 φωνη
1532 1177 1645 1228 τῶν
1676 1191 1799 1229 σκο-

190 1260 313 1312 πῶν
364 1274 466 1313 σου
521 1259 731 1328 ἐπῆραν
777 1249 1004 1328 φωνὴν,
1047 1258 1136 1312 ἐπὶ
1177 1255 1237 1312 τὸ
1279 1253 1412 1313 αὐτὸ
1454 1258 1799 1313 αἰνέσουσιν

189 1338 644 1412 ὀφθαλμοφανῶς
674 1364 779 1412 γαρ
809 1337 1076 1407 ὄψονται)
1169 1343 1500 1412 ελλέγοιντο
1542 1339 1594 1397 δ’
1640 1336 1708 1396 ἂν
1742 1343 1801 1397 ἐν

129 1448 169 1480 15
190 1422 402 1488 τούτοις
433 1428 631 1480 σκοποὶ
661 1428 719 1480 οἰ
746 1426 880 1497 ἱεροὶ
913 1428 1011 1481 τοῦ
1035 1428 1279 1497 σωτῆρος
1304 1421 1460 1497 ἡμῶν
1486 1423 1800 1495 ἀπόστολοι,

192 1515 248 1565 οἳ
286 1509 376 1564 καὶ
418 1504 873 1580 ὀφθαλμοφανῶς
915 1507 1127 1573 ἰδόντες
1175 1507 1272 1565 τὸν
1312 1507 1802 1581 προφητευόμενον

189 1591 425 1659 ὕψωσαν
455 1588 641 1649 αὑτων
670 1591 773 1662 τὴν
802 1616 1000 1664 φωνην
1033 1598 1110 1657 εἰς
1140 1597 1324 1649 πᾶσαν
1345 1593 1448 1663 τὴν
1470 1594 1803 1665 οἰκουμένην

192 1675 542 1748 κηρύξαντες.
615 1675 773 1736 Σιων
816 1677 878 1732 δε
922 1678 1012 1732 καὶ
1047 1673 1399 1782 Ιερουσαλὴμ
1441 1674 1543 1748 τὴν
1584 1679 1644 1732 ἐν
1687 1690 1801 1742 τοῖς
1829 1702 1851 1733 d

192 1759 378 1826 τόποις
411 1759 900 1833 εὐαγγελιζομένην
929 1761 1083 1817 οἶδεν
1115 1763 1481 1835 ἐπουρανίους
1511 1756 1540 1816 ὁ
1571 1757 1799 1817 απόστο-

129 1867 171 1899 20
195 1853 286 1911 λος
328 1842 399 1900 δι’
448 1868 528 1900 ων
566 1862 741 1916 φησιν
789 1841 846 1915 ’ἡ
891 1845 954 1900 δὲ
995 1868 1111 1901 ανω
1136 1843 1490 1917 Ιερουσαλὴμ
1534 1847 1802 1915 ἐλεύθερα

195 1929 372 1999 ἐστὶν,
414 1926 533 2000 ἥτις
574 1930 686 1984 ἐστὶ
717 1927 894 2002 μήτηρ
934 1925 1144 2001 ἡμῶν.”
1217 1934 1264 1986 6.
1298 1931 1391 1985 καὶ
1424 1925 1801 2000 ((προσεληλύ-

194 2023 333 2068 θατε
363 2011 518 2070 Σιών
555 2010 673 2085 ὄρει
717 2015 809 2069 καὶ
848 2011 1004 2070 πόλει
1034 2016 1176 2070 θεοῦ
1217 2016 1413 2081 ζῶντος
1446 2009 1803 2084 Ἰερουσαλὴμ

195 2099 528 2173 ἐπουρανίῳ,
546 2099 637 2153 καὶ
650 2095 917 2170 μυριάσιν
932 2096 1183 2169 ἀγγέλων
1199 2096 1521 2170 πανηγύρει.
1535 2094 1564 2114 ”
1592 2099 1803 2169 λέγοιτο

197 2177 249 2236 δ’
291 2177 362 2237 ἂν
392 2178 548 2238 Σιών
587 2184 679 2237 καὶ
719 2177 752 2253 ἡ
795 2187 871 2247 εἰς
914 2180 1094 2239 πάντα
1124 2181 1221 2238 τὸν
1263 2183 1348 2238 ἐπὶ
1381 2187 1481 2253 γῆς
1511 2180 1681 2237 τόπον
1714 2179 1805 2237 διὰ

129 2285 173 2317 25
197 2268 438 2337 Χριστοῦ
468 2268 714 2322 συστᾶσα
747 2269 1034 2336 ἐκκλησία,
1077 2262 1150 2332 ὣς
1190 2268 1282 2322 καὶ
1304 2264 1662 2338 Ἰερουσαλὴμ
1693 2269 1805 2321 πᾶν

193 2347 252 2404 τὸ
284 2349 544 2420 θεοσεβὲς
575 2355 906 2422 πολίτευμα,
939 2346 970 2406 ὃ
998 2352 1090 2406 καὶ
1123 2349 1270 2422 παρὰ
1300 2348 1490 2422 μόνοις
1516 2346 1804 2414 Ἰουδαίοις

195 2445 308 2496 τοῖς
338 2430 507 2488 πάλαι
521 2431 582 2489 τὸ
605 2436 739 2506 πρὶν
762 2431 1040 2498 συνεστώς
1066 2439 1143 2500 εἰς
1169 2437 1401 2506 ἐρημίαν
1426 2431 1517 2488 διὰ
1539 2432 1634 2497 τὰς
1668 2436 1805 2488 δυσ-

198 2520 415 2586 σεβείας
446 2512 631 2574 αὐτῶν
661 2520 1110 2590 περιτέτραπται,
1153 2515 1250 2573 εἶτ’
1288 2509 1361 2572 αὖ
1389 2514 1558 2572 πάλιν
1587 2519 1682 2587 τῆς
1714 2517 1803 2571 ἐπὶ

198 2596 256 2653 τὸ
287 2612 538 2670 κρεῖττον
567 2598 928 2667 ἀνανεώσεως
969 2606 1125 2673 ἔτυχε
1168 2599 1259 2656 διὰ
1303 2603 1398 2670 τῆς
1428 2605 1526 2655 τοῦ
1558 2603 1803 2670 σωτῆρος

134 2704 176 2736 30
198 2680 355 2754 ἡμῶν
386 2685 724 2753 ἐπιφανείας.
782 2690 826 2741 7.
863 2683 948 2740 διό
972 2704 1145 2755 φησιν
1168 2682 1201 2754 ἡ
1226 2691 1533 2756 προφητεία
1550 2679 1799 2754 “ῥηξάτω
1826 2705 1917 2744 (3υ5)

313 2876 366 2914 20
399 2874 497 2917 Gal.
521 2877 561 2925 4,
585 2877 651 2914 26.
824 2878 875 2914 ιη
910 2876 1023 2915 Heb.
1053 2877 1116 2926 12,
1141 2877 1209 2914 22.
