1992 3186
582 147 890 191 DEMONST.
928 147 1146 189 EVANG.
1179 149 1230 188 v.
1268 151 1303 188 1.
1653 146 1754 197 297

130 263 383 341 γρεύομεν
413 262 508 321 τὸν
539 261 708 320 αὐτὸν
739 261 870 321 ὄντα
901 267 970 336 τῇ
1002 266 1314 337 δηλουμένη
1357 270 1542 337 σοφία.
1610 260 1758 330 ὅπως

149 350 207 406 δε
238 352 487 422 γέννημα
529 352 668 406 θεοῦ
701 345 872 405 αὐτὸν
905 348 1046 406 εἶναι
1078 349 1261 421 φαμὲν
1294 352 1438 414 ι’δίας
1470 342 1540 404 ἂν
1581 350 1756 405 δέοιτο

149 432 439 501 ἐξετάσεως
461 477 475 504 ,
510 435 627 490 ἐπεὶ
657 431 791 506 μήτε
823 456 959 488 κατα
991 430 1276 504 προβολὴν
1306 431 1440 533 μήτε
1472 431 1607 488 κατὰ
1641 431 1755 488 δια-

146 537 371 589 στασιν,
407 513 436 590 ἢ
472 522 775 590 διαίρεσιν,
810 512 843 588 ἢ
873 523 1132 590 μείωσιν,
1176 512 1208 588 ἢ
1240 516 1439 590 τομὴν,
1472 513 1505 589 ἢ
1537 515 1673 573 κατα
1704 541 1755 572 τι

103 599 286 670 εὸλως
327 606 439 659 τῶν
482 604 568 658 ἐπὶ
601 606 695 674 τῆς
738 605 947 673 θνητῆς
989 604 1256 673 γενέσεως
1301 603 1756 674 ἐπιτελουμένων,

150 686 251 759 τὴν
310 685 626 787 ἀπόρρητον
686 683 856 743 αυτοῦ
927 693 1349 758 γενεσιουργίαν
1411 687 1756 758 ἐπινοοῦμεν.
1783 717 1799 738 c

148 778 192 829 9.
242 769 375 830 οὐδε
406 796 510 844 γαρ
543 773 704 843 θέμις
744 794 856 827 των
899 774 958 827 έν
998 784 1282 842 γεννητοῖς
1321 790 1430 827 τισι
1461 768 1562 842 τὴν
1592 767 1757 842 ἄρρη-

147 880 243 912 τον
273 858 364 912 καὶ
398 854 862 927 ἆκατωνόμαστον
894 853 1065 911 αὐτοῦ
1095 858 1320 925 γένεσίν
1351 876 1410 910 τε
1442 857 1533 910 καὶ
1557 852 1754 910 οὐσίω-

151 959 240 997 σιν
271 939 600 1013 ἀφομοιοῦν,
632 936 768 996 οὐδέ
796 964 917 996 τινα
949 945 1060 996 τῶν
1093 942 1394 1010 ἐπικαίρων
1418 941 1509 994 καὶ
1532 942 1760 1009 θνητῶν

84 1049 125 1080 10
150 1024 530 1098 παραβάλλειν
563 1022 712 1100 αὐτῷ
747 1022 959 1095 εἰκόνα,
1003 1025 1120 1081 ἐπεὶ
1142 1023 1296 1096 μηδὲ
1326 1022 1462 1079 κατὰ
1493 1022 1586 1088 τὰς
1619 1021 1749 1091 παρ’

153 1108 285 1182 ἡμῖν
315 1112 428 1166 τῶν
469 1112 620 1185 ζῷων
660 1111 902 1180 γενέσεις
943 1106 1143 1164 οὐσίαν
1177 1111 1228 1174 ἐξ
1260 1106 1454 1174 οὐσίας
1486 1105 1621 1163 κατὰ
1652 1107 1758 1162 πά-

151 1204 251 1260 θος
293 1190 326 1265 ἢ
370 1198 643 1264 διαίρεσιν
706 1192 970 1266 μεριστὴν
1000 1195 1090 1249 καὶ
1123 1191 1397 1265 χωριστὴν
1432 1196 1490 1248 ἐκ
1521 1194 1621 1248 τοῦ
1652 1213 1758 1247 πα-

154 1277 278 1350 τρὸς
309 1281 752 1350 προεληλυθέναι
778 1275 872 1334 τὸν
897 1275 1024 1334 υίὸν
1046 1276 1221 1349 φάναι
1244 1273 1412 1335 ὅσιον.
1450 1281 1528 1332 10.
1563 1274 1758 1349 ἀμερὲς
1779 1296 1866 1337 [1351

152 1361 254 1433 γὰρ
286 1363 377 1418 καὶ
409 1360 613 1434 ἄτομον
643 1362 701 1418 τὸ
733 1372 912 1432 θεῖον,
945 1355 1011 1418 οὗ
1036 1363 1392 1434 τεμνόμενον,
1422 1357 1488 1418 οὐ
1514 1358 1757 1433 διαιρού-

90 1469 128 1499 15
152 1469 340 1518 μενον,
374 1443 476 1502 οὐκ
510 1445 915 1518 ἐκτεινόμενον,
948 1444 1014 1502 οὐ
1047 1444 1398 1519 μειούμενον,
1431 1444 1497 1503 οὐ
1531 1452 1755 1502 συστελ·
1784 1474 1803 1505 d

152 1528 416 1602 λόμενον,
463 1528 528 1587 οὐ
573 1537 783 1602 μεῖζον,
826 1527 892 1586 οὗ
936 1543 1148 1602 χεῖρον,
1191 1529 1257 1585 οὐ
1299 1545 1548 1601 κρεῖττον
1585 1525 1755 1586 αὑτοῦ

151 1613 473 1687 γινόμενον,
542 1611 645 1670 οὐκ
707 1621 832 1686 ε”χον
885 1617 946 1670 ἐν
1002 1616 1182 1689 ἑαυτῷ
1235 1612 1423 1684 ἕτερόν
1471 1638 1522 1669 τι
1565 1611 1755 1685 αὐτοῦ,

146 1703 238 1754 ἴνα
285 1700 376 1755 καὶ
417 1697 649 1770 πρόηται
688 1704 862 1755 τοῦτο.
947 1703 1025 1755 11.
1075 1702 1187 1754 πᾶν
1225 1696 1330 1769 γὰρ
1361 1695 1422 1753 τὸ
1464 1703 1524 1754 ἔν
1553 1721 1662 1754 τινι
1691 1692 1756 1752 ὂν

147 1778 178 1853 ἢ
214 1780 288 1849 ὡς
320 1780 686 1855 συμβεβηκὸς,
720 1779 839 1839 οἷον
870 1782 1075 1838 λευκὸν
1109 1785 1167 1838 έν
1199 1780 1437 1854 σώματι,
1471 1778 1503 1853 ἢ
1535 1779 1608 1847 ὠς
1639 1785 1756 1838 ἔτε-

82 1889 122 1921 20
146 1891 245 1937 ρον
277 1871 336 1924 ἐν
370 1868 536 1942 ἑτέρῳ
568 1865 846 1939 τυγχάνει,
880 1865 951 1932 ὡς
979 1866 1038 1924 τὸ
1065 1870 1123 1924 ἐν
1147 1873 1212 1937 τῆ
1238 1864 1591 1938 κυοφορούσῃ
1618 1865 1754 1922 ’κατὰ

146 1949 379 2024 γαστρὸς
411 1949 893 2024 κυοφορούμενον,
936 1948 969 2022 ἢ
1013 1975 1084 2018 ως
1115 1953 1277 2024 μέρος
1325 1954 1382 2006 ἐν
1413 1954 1487 2026 τῷ
1520 1947 1648 2025 ὅλω,
1683 1974 1753 2016 ως

146 2059 216 2091 αν
260 2038 318 2092 ἐν
359 2053 567 2108 σωματι
609 2038 724 2108 χεὶρ
765 2060 797 2106 η
841 2035 977 2102 ποὺς
1023 2031 1052 2107 ἢ
1096 2033 1364 2101 δακτυλος
1404 2039 1502 2091 τοῦ
1549 2034 1753 2100 παντὸς

145 2117 278 2175 ὅντα
308 2122 474 2192 μέρη,
521 2144 599 2177 ων
642 2117 931 2191 αποκοπὴν
972 2118 1005 2191 ἥ
1045 2144 1167 2177 τινα
1210 2118 1382 2192 τομὴν
1414 2143 1446 2191 η
1481 2123 1754 2190 διαίρεσιν

146 2203 531 2274 πεπονθότων,
565 2201 749 2271 ατελες
781 2206 872 2260 καὶ
904 2203 1167 2276 κολοβὸν,
1213 2228 1285 2270 ως
1327 2228 1397 2259 αν
1426 2207 1524 2260 τοῦ
1555 2205 1754 2275 μέρους

82 2309 121 2342 25
146 2285 696 2361 ἠκρωτηριασμένου,
749 2286 1136 2345 ἀπολέλειπται
1177 2288 1237 2344 τὸ
1277 2291 1402 2344 πᾶν.
1485 2291 1565 2344 12.
1615 2285 1753 2343 ἄλλα

146 2372 248 2444 γὰρ
293 2375 384 2428 καὶ
425 2373 484 2429 τὸ
528 2373 697 2430 εἰκόνι
738 2377 921 2447 τοιᾷδε
963 2376 1055 2430 καὶ
1093 2368 1351 2445 ὁμοιώσει
1390 2378 1629 2445 χρῆσθαι
1663 2373 1751 2426 ἐπὶ

145 2458 238 2525 τῆς
268 2452 574 2528 ἆγεννήτου
604 2455 826 2529 φύσεως
856 2460 955 2514 τοῦ
994 2462 1105 2514 τῶν
1135 2455 1282 2513 ὅλων
1312 2462 1481 2526 θεοῦ,
1536 2456 1626 2510 καὶ
1657 2457 1752 2526 τῆς
1771 2476 1865 2516 (214)

148 2541 246 2594 τοῦ
297 2544 630 2613 μονογενοῦς
683 2540 856 2598 αὐτοῦ
909 2545 998 2597 καὶ
1054 2538 1404 2610 πρωτοτόκου
1463 2541 1748 2611 γενέσεως,

148 2619 371 2678 πάντων
401 2619 470 2681 ἂν
501 2634 583 2725 εἴη
608 2623 992 2696 ασεβέστατον.
1047 2628 1124 2680 13.
1159 2623 1224 2680 οὐ
1248 2630 1441 2680 τοίνυν
1466 2621 1537 2707 ᾡς
1564 2625 1751 2694 έτερον

82 2729 124 2761 30
152 2709 211 2761 έν
244 2707 410 2781 ἑτέρω
454 2711 506 2774 ἐξ
545 2706 792 2780 απείρων
823 2712 914 2766 καὶ
946 2731 1202 2780 αναρχων
1227 2706 1449 2764 αιέόνων
1473 2708 1541 2777 ἠν
1571 2702 1598 2762 ὁ
1631 2707 1749 2771 υιός

147 2782 444 2861 αγέννητος
478 2795 536 2847 ἐν
567 2795 643 2868 τῷ
674 2795 857 2865 πατρὶ,
889 2797 1047 2866 μέρος
1086 2788 1164 2848 ὠν
1196 2788 1386 2862 αὐτοῦ,
1419 2787 1448 2847 ὃ
1483 2797 1746 2863 μεταβλη-

150 2875 254 2930 θὲν
285 2871 519 2946 ὕστερον
549 2878 640 2932 καὶ
666 2877 916 2933 κενωθὲν
944 2877 1091 2942 ἐκτὸς
1117 2874 1288 2932 αὐτοῦ
1314 2878 1531 2948 γέγονε·
1574 2878 1748 2946 τροπῇ
