1946 3158
220 149 291 201 20
903 150 1147 192 EUSEBH

220 268 374 340 νέμει
419 279 533 332 τοῖς
579 272 987 341 παραβαίνουσι
1033 266 1098 322 τὰ
1131 270 1513 341 κδιωρισμένα,
1567 266 1712 342 ἀρὰν
1767 270 1827 326 δὲ

221 349 357 408 κατὰ
399 349 624 408 πάντων
667 354 779 408 τῶν
817 352 891 424 μὴ
932 349 996 407 τὰ
1037 349 1216 408 πάντα
1254 351 1576 426 τηρούντων
1617 352 1826 425 ἐπάγει,

222 434 462 510 ῥήμασιν
492 434 677 502 αὐτοῖς
710 437 888 507 λέγων
908 431 1339 510 “έπικατάρατος
1380 434 1439 503 ὃς
1471 434 1573 494 οὐκ
1605 441 1830 510 ε’μμενεϊ

183 556 200 578 c
221 525 354 577 πᾶσι
386 534 499 586 τοῖς
530 522 927 594 γεγραμμένοις
953 523 1012 577 ἐν
1035 523 1178 596 τῷδε
1200 524 1275 597 τῷ
1299 519 1450 598 νόμῳ
1473 525 1572 578 τοῦ
1603 525 1826 594 ποιῆσαι

222 601 416 662 αὕτάῖ’
1849 624 1869 657 5

348 694 433 744 26.
483 687 781 761 Θεώρησον
823 689 883 754 δὲ
922 690 1014 744 καὶ
1053 686 1230 755 ἄλλως
1270 689 1335 745 τὰ
1366 686 1616 747 ἀδύνατα
1659 693 1827 747 πᾶσιν

221 770 541 845 ἀνθρώποις
571 775 665 843 τῆς
697 776 948 839 Μωσέως
979 779 1328 846 νομοθεσίας.
1386 772 1828 846 ὅιαστειλάμενος

220 857 287 914 τὰ
320 856 543 914 ἑκούσια
575 859 666 913 καὶ
697 855 906 930 χαλεποὶ
935 860 1047 914 τῶν
1076 856 1510 931 ἁμαρτημάτων,
1545 860 1636 914 καὶ
1666 881 1828 931 τιμω-

223 947 344 1014 ρίας
375 943 625 1015 περιθεὶς
660 940 871 1017 ἑκάστῳ
901 946 1014 998 τῶν
1043 949 1300 1015 μεγίστης
1332 941 1607 1008 κολάσεως
1637 939 1827 1014 ἀξίων,

221 1025 424 1099 νόμους
454 1033 671 1098 τίθησι,
704 1023 836 1082 καθ’
871 1023 967 1092 οὓς
991 1028 1158 1103 ἑτέρῳ
1181 1025 1365 1103 τρόπω
1390 1029 1481 1084 καὶ
1504 1027 1634 1094 τούς
1664 1025 1827 1085 ἀκου-
1854 1046 1892 1078 10

220 1117 354 1176 σίως
385 1114 837 1183 πλημμελοῦντας
883 1112 1212 1184 ἐπιστρέφει.
1289 1115 1374 1169 27.
1409 1103 1488 1168 ὠν
1526 1109 1554 1168 ὃ
1599 1112 1702 1184 μὲν
1731 1110 1830 1169 οὕ-

221 1219 329 1260 τως
359 1201 470 1267 ἔχει
493 1191 628 1252 “εό“ιν
653 1195 801 1268 ψυχὴ
825 1201 923 1268 μία
945 1190 1159 1302 αμάρτῃ
1183 1193 1456 1261 ἀκουσίως
1482 1199 1542 1253 ἐκ
1563 1201 1661 1252 τοῦ
1691 1200 1830 1253 λαοῦ

222 1283 318 1351 τῆς
347 1283 447 1351 γῆς
480 1282 539 1336 ἐν
569 1283 643 1355 τῷ
675 1298 900 1380 ποιησαι
929 1286 1063 1352 μίαν
1091 1278 1198 1336 ἀπὸ
1223 1284 1417 1336 πασῶν
1447 1284 1559 1336 τῶν
1591 1283 1830 1338 ἐντολῶν

223 1369 421 1437 κυρίου
443 1389 476 1436 η
498 1361 564 1421 οὐ
588 1363 973 1437 ποιηθήσεται,
994 1366 1082 1420 καὶ
1098 1363 1478 1438 πλημμελήσῃ,
1493 1366 1583 1420 καὶ
1597 1369 1829 1439 γνωσθῇ

174 1473 197 1506 d
223 1446 373 1524 αὐτῷ
395 1444 427 1522 ἡ
459 1444 698 1522 ἁμαρτία
727 1445 799 1521 ἣν
828 1447 1098 1548 η’μαρτεν,
1143 1451 1233 1505 καὶ
1265 1458 1403 1506 οἴσει
1445 1452 1627 1523 δῶρον
1658 1447 1831 1506 αὐτοῦ
1854 1465 1893 1497 15

222 1539 457 1606 χίμαρον
512 1537 564 1600 ἐξ
621 1536 795 1606 αἰγῶν
835 1531 1064 1606 ἄμωμον
1102 1531 1339 1605 θήλειαν
1387 1542 1528 1596 οἴσει
1567 1535 1695 1603 περὶ
1733 1539 1828 1605 τῆς

222 1614 491 1690 αμαρτίας
537 1614 709 1675 αυτοῦ
760 1641 823 1690 ης
874 1615 1143 1691 ἥμαρτεν,
1201 1621 1260 1675 ἐν
1290 1621 1368 1694 τῷ
1395 1616 1545 1674 τόπω
1585 1641 1652 1674 ου
1683 1616 1829 1689 σφά-

224 1709 376 1770 ζουσι
399 1725 465 1758 τα
492 1697 940 1775 ολοκαυτώματα,
973 1705 1064 1759 καὶ
1096 1702 1326 1773 λήψεται
1355 1697 1383 1758 ὁ
1408 1699 1587 1775 ἱερευς
1601 1698 1708 1759 άπὸ
1731 1726 1829 1758 του

223 1784 504 1858 αἴματος.”

347 1874 430 1926 28.
464 1871 576 1926 Καὶ
606 1866 708 1942 ὅρα
739 1892 800 1940 γε
832 1893 904 1935 ως
935 1871 1027 1925 καὶ
1053 1872 1299 1927 ἐνταῦθα
1321 1867 1418 1926 τὸν
1441 1869 1747 1928 πταίσαντά
1777 1895 1827 1928 τι
1851 1887 1892 1920 2⁰

221 1951 370 2026 παρά
400 1951 628 2026 γνώμην
661 1956 719 2009 ἐν
749 1957 825 2029 τῷ
855 1952 1005 2037 τόπῳ
1039 1957 1129 2010 δεῖ
1168 1952 1419 2011 ἀπαντᾶν
1459 1979 1526 2012 ου
1559 1954 1828 2027 σφάζουσι

221 2062 287 2094 τα
327 2033 783 2110 ὁλοκαυτώματα·
853 2038 1012 2104 οὗτος
1060 2039 1122 2095 δε
1165 2031 1235 2111 ἦν
1289 2063 1356 2096 ου
1416 2039 1506 2095 δια
1554 2045 1828 2098 πλείστων

221 2120 329 2194 ἤδη
370 2121 639 2196 πρότερον
679 2120 931 2194 ἐμνήσθη
973 2124 1149 2194 λέγων
1172 2118 1343 2179 ςςὸν
1318 2121 1388 2180 α“ν
1421 2126 1696 2196 ἐκλέξηται
1727 2123 1829 2181 κύ-

225 2230 341 2279 ριος
371 2205 400 2262 ὁ
433 2205 567 2272 θεός
599 2203 741 2263 σου.’

348 2295 417 2347 29
475 2295 647 2348 Τοῦτο
681 2289 732 2346 δ’
769 2289 850 2347 ὅτι
881 2290 954 2363 μὴ
987 2289 1229 2349 δυνατὸν
1259 2290 1393 2365 πρὸς
1423 2291 1685 2361 ἁπάντων
1715 2284 1827 2350 τῶν
1852 2308 1891 2341 25

223 2378 313 2432 ε’πὶ
342 2381 441 2448 γῆς
481 2373 802 2448 ἀνθρώπων
833 2378 1176 2433 ἐκτελεῖσθαι
1216 2378 1308 2432 καὶ
1341 2374 1504 2442 αὐτὸς
1534 2375 1560 2433 ὁ
1595 2379 1826 2449 νομοθέ-

220 2484 316 2532 της
362 2460 613 2517 συνιδών
656 2457 897 2533 ἀκριβῶς
943 2459 1349 2532 ἐπεσημήνατο,
1404 2457 1509 2517 οὐκ
1559 2458 1826 2532 ἀορίστως

220 2543 358 2601 κατὰ
398 2542 623 2602 πάντων
663 2567 997 2618 προαγαγων
1035 2544 1133 2602 τὸν
1162 2543 1361 2617 νόμον,
1414 2541 1539 2601 ἀλλ’
1583 2543 1826 2602 ἐπειπων

212 2626 243 2647 η
270 2627 310 2651 ,
1721 2632 1740 2643 .
1791 2627 1822 2648 ‚2

255 2653 351 2686 εαν
382 2627 528 2702 ψυχὴ
569 2628 783 2704 ἁμάρτη
824 2626 1098 2696 ἀκουσίως
1132 2631 1190 2686 ἐκ
1229 2634 1326 2686 τοῦ
1366 2633 1502 2686 λαοῦ
1543 2633 1638 2701 τῆς
1668 2654 1782 2702 γης.

348 2717 429 2770 30.
465 2716 574 2770 Καὶ
606 2713 870 2789 δεύτερον
896 2715 955 2771 δε
986 2712 1158 2788 νόμον
1178 2720 1406 2787 τίθησιν
1427 2711 1601 2780 οὕτως
1633 2721 1824 2788 ἔχοντα
1849 2728 1889 2761 30

334 2909 359 2947 3
390 2907 523 2947 Deut.
546 2909 612 2958 27,
636 2910 702 2948 26.
887 2910 938 2947 12
971 2908 1119 2950 Levit.
1142 2909 1183 2959 4,
1208 2909 1274 2950 28.
1458 2910 1512 2950 30
1543 2909 1695 2949 Levit.
1717 2909 1758 2961 5,
1784 2909 1821 2948 l.
