<?xml version="1.0" encoding="UTF-8"?>
<!DOCTYPE html PUBLIC "-//W3C//DTD XHTML 1.0 Transitional//EN"
    "http://www.w3.org/TR/xhtml1/DTD/xhtml1-transitional.dtd">
<html xmlns="http://www.w3.org/1999/xhtml" xml:lang="en" lang="en">
 <head>
  <title>
</title>
<meta http-equiv="Content-Type" content="text/html;charset=utf-8" />
  <meta name='ocr-system' content='tesseract 3.04.00' />
  <meta name='ocr-capabilities' content='ocr_page ocr_carea ocr_par ocr_line ocrx_word'/>
</head>
<body>
  <div class='ocr_page' id='page_1' title='image "./operaeusebius03euseuoft_0493.png"; bbox 0 0 1992 3186; ppageno 0'>
   <div class='ocr_carea' id='block_1_1' title="bbox 566 126 1759 178">
    <p class='ocr_par' dir='ltr' id='par_1_1' title="bbox 566 126 1759 178">
     <span class='ocr_line' id='line_1_1' title="bbox 566 126 1759 178; baseline 0.009 -11"><span class='ocrx_word' id='word_1_1' title='bbox 566 126 874 170; x_wconf 79' lang='lat' dir='ltr'><strong>DEMONST.</strong></span> <span class='ocrx_word' id='word_1_2' title='bbox 905 127 1126 169; x_wconf 82' lang='lat' dir='ltr'>EVANG.</span> <span class='ocrx_word' id='word_1_3' title='bbox 1158 127 1258 168; x_wconf 84' lang='lat' dir='ltr'><strong><em>vn.</em></strong></span> <span class='ocrx_word' id='word_1_4' title='bbox 1292 129 1332 170; x_wconf 69' lang='lat'><strong><em>⁶2.</em></strong></span> <span class='ocrx_word' id='word_1_5' title='bbox 1652 126 1759 178; x_wconf 81' lang='grc'><strong><em>469</em></strong></span> 
     </span>
    </p>
   </div>
   <div class='ocr_carea' id='block_1_2' title="bbox 44 239 1873 2924">
    <p class='ocr_par' dir='ltr' id='par_1_2' title="bbox 44 239 1873 2924">
     <span class='ocr_line' id='line_1_2' title="bbox 147 239 1756 315; baseline -0.002 -14"><span class='ocrx_word' id='word_1_6' title='bbox 147 245 246 301; x_wconf 86' lang='grc' dir='ltr'><strong><em>τοῦ</em></strong></span> <span class='ocrx_word' id='word_1_7' title='bbox 275 245 415 300; x_wconf 88' lang='grc' dir='ltr'><strong><em>θεοῦ</em></strong></span> <span class='ocrx_word' id='word_1_8' title='bbox 437 239 630 314; x_wconf 71' lang='grc' dir='ltr'><strong><em>Ἰακώβ</em></strong></span> <span class='ocrx_word' id='word_1_9' title='bbox 661 243 875 314; x_wconf 80' lang='grc' dir='ltr'><strong><em>λέγεται</em></strong></span> <span class='ocrx_word' id='word_1_10' title='bbox 898 239 957 299; x_wconf 82' lang='grc' dir='ltr'><strong><em>τὸ</em></strong></span> <span class='ocrx_word' id='word_1_11' title='bbox 989 241 1252 315; x_wconf 85' lang='grc' dir='ltr'><em>σκήνωμα</em></span> <span class='ocrx_word' id='word_1_12' title='bbox 1282 241 1444 314; x_wconf 78' lang='grc' dir='ltr'><strong><em>εἶναι,</em></strong></span> <span class='ocrx_word' id='word_1_13' title='bbox 1478 239 1568 298; x_wconf 70' lang='grc' dir='ltr'><strong><em>διὰ</em></strong></span> <span class='ocrx_word' id='word_1_14' title='bbox 1592 239 1652 299; x_wconf 85' lang='grc' dir='ltr'><strong><em>τὸ</em></strong></span> <span class='ocrx_word' id='word_1_15' title='bbox 1682 244 1756 315; x_wconf 85' lang='grc' dir='ltr'><strong><em>μὴ</em></strong></span> 
     </span>
     <span class='ocr_line' id='line_1_3' title="bbox 146 322 1756 403; baseline -0.001 -19"><span class='ocrx_word' id='word_1_16' title='bbox 146 326 317 384; x_wconf 75' lang='grc' dir='ltr'><strong><em>ἄλλον</em></strong></span> <span class='ocrx_word' id='word_1_17' title='bbox 359 325 502 384; x_wconf 83' lang='grc' dir='ltr'><strong><em>εἶναι</em></strong></span> <span class='ocrx_word' id='word_1_18' title='bbox 542 324 602 383; x_wconf 79' lang='grc' dir='ltr'><strong><em>τὸ</em></strong></span> <span class='ocrx_word' id='word_1_19' title='bbox 644 329 941 399; x_wconf 79' lang='grc' dir='ltr'><strong><em>σκηνῶσαν</em></strong></span> <span class='ocrx_word' id='word_1_20' title='bbox 985 329 1046 384; x_wconf 82' lang='grc' dir='ltr'><strong><em>ἐν</em></strong></span> <span class='ocrx_word' id='word_1_21' title='bbox 1085 323 1236 403; x_wconf 73' lang='grc' dir='ltr'><strong><em>αὐτῷ</em></strong></span> <span class='ocrx_word' id='word_1_22' title='bbox 1265 322 1299 399; x_wconf 78' lang='grc' dir='ltr'><em>ἢ</em></span> <span class='ocrx_word' id='word_1_23' title='bbox 1336 324 1434 383; x_wconf 84' lang='grc' dir='ltr'><strong><em>τὸν</em></strong></span> <span class='ocrx_word' id='word_1_24' title='bbox 1462 329 1538 403; x_wconf 77' lang='grc' dir='ltr'><strong><em>τῷ</em></strong></span> <span class='ocrx_word' id='word_1_25' title='bbox 1562 324 1756 398; x_wconf 78' lang='grc' dir='ltr'><strong><em>Ἰακώβ</em></strong></span> 
     </span>
     <span class='ocr_line' id='line_1_4' title="bbox 149 406 1756 484; baseline -0.001 -16"><span class='ocrx_word' id='word_1_26' title='bbox 149 415 208 469; x_wconf 83' lang='grc' dir='ltr'><strong><em>ἐν</em></strong></span> <span class='ocrx_word' id='word_1_27' title='bbox 239 410 545 484; x_wconf 77' lang='grc' dir='ltr'><strong><em>ἀνθρώπου</em></strong></span> <span class='ocrx_word' id='word_1_28' title='bbox 577 416 714 468; x_wconf 79' lang='grc' dir='ltr'><strong><em>εἴδει</em></strong></span> <span class='ocrx_word' id='word_1_29' title='bbox 738 412 830 468; x_wconf 88' lang='grc' dir='ltr'><strong><em>καὶ</em></strong></span> <span class='ocrx_word' id='word_1_30' title='bbox 854 409 1090 484; x_wconf 87' lang='grc' dir='ltr'><strong><em>σχήματι</em></strong></span> <span class='ocrx_word' id='word_1_31' title='bbox 1113 408 1363 483; x_wconf 81' lang='grc' dir='ltr'><strong><em>ὀφθέντα</em></strong></span> <span class='ocrx_word' id='word_1_32' title='bbox 1392 409 1549 482; x_wconf 82' lang='grc' dir='ltr'><strong><em>θεὸν,</em></strong></span> <span class='ocrx_word' id='word_1_33' title='bbox 1584 407 1656 467; x_wconf 82' lang='grc' dir='ltr'><strong><em>δι’</em></strong></span> <span class='ocrx_word' id='word_1_34' title='bbox 1690 406 1756 467; x_wconf 76' lang='grc' dir='ltr'><strong><em>ὃν</em></strong></span> 
     </span>
     <span class='ocr_line' id='line_1_5' title="bbox 145 492 1873 572; baseline -0.001 -20"><span class='ocrx_word' id='word_1_35' title='bbox 145 498 238 552; x_wconf 85' lang='grc' dir='ltr'><strong><em>καὶ</em></strong></span> <span class='ocrx_word' id='word_1_36' title='bbox 277 499 374 568; x_wconf 84' lang='grc' dir='ltr'><strong><em>τῆς</em></strong></span> <span class='ocrx_word' id='word_1_37' title='bbox 416 497 504 552; x_wconf 84' lang='grc' dir='ltr'><strong><em>ἐπὶ</em></strong></span> <span class='ocrx_word' id='word_1_38' title='bbox 555 499 631 572; x_wconf 78' lang='grc' dir='ltr'><strong><em>τῷ</em></strong></span> <span class='ocrx_word' id='word_1_39' title='bbox 664 493 880 569; x_wconf 86' lang='grc' dir='ltr'><strong><em>Ἰσραὴλ</em></strong></span> <span class='ocrx_word' id='word_1_40' title='bbox 919 501 1314 569; x_wconf 89' lang='grc' dir='ltr'><strong><em>προσωνυμίας</em></strong></span> <span class='ocrx_word' id='word_1_41' title='bbox 1355 492 1570 567; x_wconf 76' lang='grc' dir='ltr'><strong><em>ἠξιώθη</em></strong></span> <span class='ocrx_word' id='word_1_42' title='bbox 1609 496 1757 567; x_wconf 71' lang='grc' dir='ltr'><strong><em>ὁρῶν</em></strong></span> <span class='ocrx_word' id='word_1_43' title='bbox 1784 516 1873 559; x_wconf 70' lang='lat'>[216]</span> 
     </span>
     <span class='ocr_line' id='line_1_6' title="bbox 99 577 1757 654; baseline -0.001 -17"><span class='ocrx_word' id='word_1_44' title='bbox 99 609 119 642; x_wconf 86' lang='lat'>5</span> <span class='ocrx_word' id='word_1_45' title='bbox 145 579 311 654; x_wconf 75' lang='grc' dir='ltr'><strong><em>θεὸν,</em></strong></span> <span class='ocrx_word' id='word_1_46' title='bbox 347 583 508 638; x_wconf 84' lang='grc' dir='ltr'><strong><em>τοῦτο</em></strong></span> <span class='ocrx_word' id='word_1_47' title='bbox 539 579 643 654; x_wconf 78' lang='grc' dir='ltr'><strong><em>γαρ</em></strong></span> <span class='ocrx_word' id='word_1_48' title='bbox 679 578 1039 653; x_wconf 80' lang='grc' dir='ltr'><em>ἑρμηνεύεται</em></span> <span class='ocrx_word' id='word_1_49' title='bbox 1069 579 1128 637; x_wconf 83' lang='grc' dir='ltr'><strong><em>τὸ</em></strong></span> <span class='ocrx_word' id='word_1_50' title='bbox 1158 577 1351 653; x_wconf 74' lang='grc' dir='ltr'><strong><em>ὄνομα,</em></strong></span> <span class='ocrx_word' id='word_1_51' title='bbox 1382 596 1757 653; x_wconf 90' lang='grc' dir='ltr'><strong><em>προσαγορευ-</em></strong></span> 
     </span>
     <span class='ocr_line' id='line_1_7' title="bbox 143 660 1758 740; baseline -0.001 -19"><span class='ocrx_word' id='word_1_52' title='bbox 143 670 269 730; x_wconf 89' lang='grc' dir='ltr'><strong><em>θείς</em></strong></span> <span class='ocrx_word' id='word_1_53' title='bbox 283 680 294 691; x_wconf 90' lang='grc'>·</span> <span class='ocrx_word' id='word_1_54' title='bbox 326 662 429 721; x_wconf 81' lang='grc' dir='ltr'><strong><em>οὐκ</em></strong></span> <span class='ocrx_word' id='word_1_55' title='bbox 446 661 615 721; x_wconf 78' lang='grc' dir='ltr'><strong><em>ἄλλον</em></strong></span> <span class='ocrx_word' id='word_1_56' title='bbox 639 664 702 721; x_wconf 78' lang='grc' dir='ltr'><strong><em>δὲ</em></strong></span> <span class='ocrx_word' id='word_1_57' title='bbox 723 661 858 721; x_wconf 73' lang='grc' dir='ltr'><strong><em>ὄντα</em></strong></span> <span class='ocrx_word' id='word_1_58' title='bbox 880 667 979 721; x_wconf 85' lang='grc' dir='ltr'><strong><em>τοῦ</em></strong></span> <span class='ocrx_word' id='word_1_59' title='bbox 1000 667 1140 720; x_wconf 88' lang='grc' dir='ltr'><strong><em>θεοῦ</em></strong></span> <span class='ocrx_word' id='word_1_60' title='bbox 1163 663 1332 736; x_wconf 86' lang='grc' dir='ltr'><strong><em>λόγου</em></strong></span> <span class='ocrx_word' id='word_1_61' title='bbox 1354 662 1451 721; x_wconf 89' lang='grc' dir='ltr'><strong><em>τὸν</em></strong></span> <span class='ocrx_word' id='word_1_62' title='bbox 1472 667 1547 740; x_wconf 76' lang='grc' dir='ltr'><strong><em>τῷ</em></strong></span> <span class='ocrx_word' id='word_1_63' title='bbox 1565 660 1758 734; x_wconf 77' lang='grc' dir='ltr'><strong><em>Ἰακώβ</em></strong></span> 
     </span>
     <span class='ocr_line' id='line_1_8' title="bbox 143 745 1758 821; baseline -0.001 -17"><span class='ocrx_word' id='word_1_64' title='bbox 143 745 395 821; x_wconf 79' lang='grc' dir='ltr'><strong><em>ὀφθέντα</em></strong></span> <span class='ocrx_word' id='word_1_65' title='bbox 428 751 489 805; x_wconf 85' lang='grc' dir='ltr'><strong><em>ἐν</em></strong></span> <span class='ocrx_word' id='word_1_66' title='bbox 516 763 631 815; x_wconf 85' lang='grc' dir='ltr'><strong><em>τοῖς</em></strong></span> <span class='ocrx_word' id='word_1_67' title='bbox 661 747 896 821; x_wconf 90' lang='grc' dir='ltr'><strong><em>πρω’τοις</em></strong></span> <span class='ocrx_word' id='word_1_68' title='bbox 926 750 1023 820; x_wconf 80' lang='grc' dir='ltr'><strong><em>τῆς</em></strong></span> <span class='ocrx_word' id='word_1_69' title='bbox 1052 747 1188 820; x_wconf 75' lang='grc' dir='ltr'><strong><em>μετὰ</em></strong></span> <span class='ocrx_word' id='word_1_70' title='bbox 1217 760 1405 821; x_wconf 75' lang='grc' dir='ltr'><strong><em>χεῖρας</em></strong></span> <span class='ocrx_word' id='word_1_71' title='bbox 1435 746 1758 814; x_wconf 78' lang='grc' dir='ltr'><em>ὑποθέσεως</em></span> 
     </span>
     <span class='ocr_line' id='line_1_9' title="bbox 145 828 1759 908; baseline -0.002 -19"><span class='ocrx_word' id='word_1_72' title='bbox 145 831 583 907; x_wconf 86' lang='grc' dir='ltr'><strong><em>παρεστήσαμεν.</em></strong></span> <span class='ocrx_word' id='word_1_73' title='bbox 631 836 714 888; x_wconf 82' lang='grc'><strong><em>37.</em></strong></span> <span class='ocrx_word' id='word_1_74' title='bbox 737 835 963 904; x_wconf 78' lang='grc' dir='ltr'><strong><em>ἐδείχθη</em></strong></span> <span class='ocrx_word' id='word_1_75' title='bbox 985 836 1283 905; x_wconf 79' lang='grc' dir='ltr'><strong><em>τοιγαροῦν</em></strong></span> <span class='ocrx_word' id='word_1_76' title='bbox 1303 837 1380 908; x_wconf 77' lang='grc' dir='ltr'><strong><em>τῷ</em></strong></span> <span class='ocrx_word' id='word_1_77' title='bbox 1392 833 1581 904; x_wconf 77' lang='grc' dir='ltr'><strong><em>Δαβὶδ</em></strong></span> <span class='ocrx_word' id='word_1_78' title='bbox 1605 828 1759 899; x_wconf 78' lang='grc' dir='ltr'><strong><em>εὐξα-</em></strong></span> 
     </span>
     <span class='ocr_line' id='line_1_10' title="bbox 144 908 1760 994; baseline -0.001 -20"><span class='ocrx_word' id='word_1_79' title='bbox 144 919 294 994; x_wconf 78' lang='grc' dir='ltr'><strong><em>μένῳ</em></strong></span> <span class='ocrx_word' id='word_1_80' title='bbox 325 919 418 974; x_wconf 82' lang='grc' dir='ltr'><strong><em>καὶ</em></strong></span> <span class='ocrx_word' id='word_1_81' title='bbox 447 914 759 988; x_wconf 87' lang='grc' dir='ltr'><strong><em>ποθήσαντι</em></strong></span> <span class='ocrx_word' id='word_1_82' title='bbox 788 919 886 972; x_wconf 90' lang='grc' dir='ltr'><strong><em>τοῦ</em></strong></span> <span class='ocrx_word' id='word_1_83' title='bbox 916 923 1116 989; x_wconf 78' lang='grc' dir='ltr'><strong><em>κυρίου</em></strong></span> <span class='ocrx_word' id='word_1_84' title='bbox 1146 918 1238 972; x_wconf 86' lang='grc' dir='ltr'><strong><em>καὶ</em></strong></span> <span class='ocrx_word' id='word_1_85' title='bbox 1277 919 1416 973; x_wconf 88' lang='grc' dir='ltr'><strong><em>θεοῦ</em></strong></span> <span class='ocrx_word' id='word_1_86' title='bbox 1438 913 1632 988; x_wconf 75' lang='grc' dir='ltr'><strong><em>Ἰακώβ</em></strong></span> <span class='ocrx_word' id='word_1_87' title='bbox 1662 908 1760 972; x_wconf 79' lang='grc' dir='ltr'><strong><em>τὸν</em></strong></span> 
     </span>
     <span class='ocr_line' id='line_1_11' title="bbox 83 995 1872 1073; baseline -0.002 -15"><span class='ocrx_word' id='word_1_88' title='bbox 83 1029 122 1060; x_wconf 88' lang='lat'><strong><em>10</em></strong></span> <span class='ocrx_word' id='word_1_89' title='bbox 145 999 316 1058; x_wconf 84' lang='grc' dir='ltr'><strong><em>τόπον</em></strong></span> <span class='ocrx_word' id='word_1_90' title='bbox 345 1002 437 1057; x_wconf 89' lang='grc' dir='ltr'><strong><em>καὶ</em></strong></span> <span class='ocrx_word' id='word_1_91' title='bbox 467 999 526 1056; x_wconf 85' lang='grc' dir='ltr'><strong><em>τὸ</em></strong></span> <span class='ocrx_word' id='word_1_92' title='bbox 557 998 822 1072; x_wconf 83' lang='grc' dir='ltr'><strong><em>σκήνωμα</em></strong></span> <span class='ocrx_word' id='word_1_93' title='bbox 852 995 881 1056; x_wconf 81' lang='grc' dir='ltr'>ὁ</span> <span class='ocrx_word' id='word_1_94' title='bbox 914 1002 1002 1056; x_wconf 84' lang='grc' dir='ltr'><strong><em>ε’πὶ</em></strong></span> <span class='ocrx_word' id='word_1_95' title='bbox 1031 1000 1394 1073; x_wconf 75' lang='grc' dir='ltr'><strong><em>τῆςΒηθλεὲμ</em></strong></span> <span class='ocrx_word' id='word_1_96' title='bbox 1423 998 1607 1070; x_wconf 81' lang='grc' dir='ltr'><strong><em>τόπος,</em></strong></span> <span class='ocrx_word' id='word_1_97' title='bbox 1642 998 1757 1057; x_wconf 86' lang='grc' dir='ltr'><strong><em>διό-</em></strong></span> <span class='ocrx_word' id='word_1_98' title='bbox 1784 1023 1872 1063; x_wconf 64' lang='lat'>(348)</span> 
     </span>
     <span class='ocr_line' id='line_1_12' title="bbox 145 1079 1758 1158; baseline 0 -18"><span class='ocrx_word' id='word_1_99' title='bbox 145 1107 248 1157; x_wconf 89' lang='grc' dir='ltr'><strong><em>περ</em></strong></span> <span class='ocrx_word' id='word_1_100' title='bbox 281 1082 455 1141; x_wconf 78' lang='grc' dir='ltr'><strong><em>είπών</em></strong></span> <span class='ocrx_word' id='word_1_101' title='bbox 478 1079 642 1140; x_wconf 79' lang='grc' dir='ltr'><strong><em>“ἰδοῦ</em></strong></span> <span class='ocrx_word' id='word_1_102' title='bbox 672 1081 992 1158; x_wconf 79' lang='grc' dir='ltr'><strong><em>ἠκούσαμεν</em></strong></span> <span class='ocrx_word' id='word_1_103' title='bbox 1023 1082 1198 1156; x_wconf 78' lang='grc' dir='ltr'><strong><em>αὐτὴν</em></strong></span> <span class='ocrx_word' id='word_1_104' title='bbox 1230 1086 1291 1140; x_wconf 84' lang='grc' dir='ltr'><strong><em>ἐν</em></strong></span> <span class='ocrx_word' id='word_1_105' title='bbox 1314 1080 1601 1158; x_wconf 75' lang='grc' dir='ltr'><strong><em>Ἐφραθοὲ”</em></strong></span> <span class='ocrx_word' id='word_1_106' title='bbox 1641 1085 1758 1140; x_wconf 83' lang='grc' dir='ltr'><strong><em>ἐπι-</em></strong></span> 
     </span>
     <span class='ocr_line' id='line_1_13' title="bbox 145 1158 1757 1242; baseline 0 -17"><span class='ocrx_word' id='word_1_107' title='bbox 145 1171 302 1241; x_wconf 83' lang='grc' dir='ltr'><strong><em>φέρει</em></strong></span> <span class='ocrx_word' id='word_1_108' title='bbox 334 1171 512 1240; x_wconf 85' lang='grc' dir='ltr'><strong><em>λέγων</em></strong></span> <span class='ocrx_word' id='word_1_109' title='bbox 536 1163 1050 1242; x_wconf 37' lang='grc' dir='ltr'><strong><em>ε’προσκυνήσωμεν</em></strong></span> <span class='ocrx_word' id='word_1_110' title='bbox 1074 1174 1153 1235; x_wconf 85' lang='grc' dir='ltr'><strong><em>εἰς</em></strong></span> <span class='ocrx_word' id='word_1_111' title='bbox 1175 1165 1274 1225; x_wconf 80' lang='grc' dir='ltr'><strong><em>τὸν</em></strong></span> <span class='ocrx_word' id='word_1_112' title='bbox 1297 1166 1487 1240; x_wconf 85' lang='grc' dir='ltr'><strong><em>τόπον,</em></strong></span> <span class='ocrx_word' id='word_1_113' title='bbox 1511 1158 1583 1224; x_wconf 81' lang='grc' dir='ltr'><strong><em>οῦ</em></strong></span> <span class='ocrx_word' id='word_1_114' title='bbox 1604 1172 1757 1240; x_wconf 79' lang='grc' dir='ltr'><strong><em>ἔστη·</em></strong></span> 
     </span>
     <span class='ocr_line' id='line_1_14' title="bbox 145 1249 1759 1326; baseline 0 -17"><span class='ocrx_word' id='word_1_115' title='bbox 145 1271 251 1309; x_wconf 89' lang='grc' dir='ltr'><strong><em>σαν</em></strong></span> <span class='ocrx_word' id='word_1_116' title='bbox 291 1256 348 1309; x_wconf 78' lang='grc' dir='ltr'><strong><em>οὗ</em></strong></span> <span class='ocrx_word' id='word_1_117' title='bbox 385 1251 552 1318; x_wconf 80' lang='grc' dir='ltr'><strong><em>πόδες</em></strong></span> <span class='ocrx_word' id='word_1_118' title='bbox 594 1249 817 1309; x_wconf 85' lang='grc' dir='ltr'><strong><em>αὐτοῦ.”</em></strong></span> <span class='ocrx_word' id='word_1_119' title='bbox 891 1257 973 1309; x_wconf 82' lang='lat'><strong><em>38.</em></strong></span> <span class='ocrx_word' id='word_1_120' title='bbox 1007 1255 1198 1325; x_wconf 78' lang='grc' dir='ltr'><strong><em>σαφῶς</em></strong></span> <span class='ocrx_word' id='word_1_121' title='bbox 1238 1254 1534 1326; x_wconf 79' lang='grc' dir='ltr'><strong><em>τοιγαροῦν</em></strong></span> <span class='ocrx_word' id='word_1_122' title='bbox 1573 1253 1666 1308; x_wconf 88' lang='grc' dir='ltr'><strong><em>καὶ</em></strong></span> <span class='ocrx_word' id='word_1_123' title='bbox 1698 1255 1759 1309; x_wconf 83' lang='grc' dir='ltr'><strong><em>ἐν</em></strong></span> 
     </span>
     <span class='ocr_line' id='line_1_15' title="bbox 144 1332 1759 1410; baseline 0 -18"><span class='ocrx_word' id='word_1_124' title='bbox 144 1335 356 1402; x_wconf 82' lang='grc' dir='ltr'><strong><em>τούτοις</em></strong></span> <span class='ocrx_word' id='word_1_125' title='bbox 389 1339 448 1394; x_wconf 85' lang='grc' dir='ltr'><strong><em>έν</em></strong></span> <span class='ocrx_word' id='word_1_126' title='bbox 476 1341 542 1410; x_wconf 82' lang='grc' dir='ltr'><strong><em>τῇ</em></strong></span> <span class='ocrx_word' id='word_1_127' title='bbox 567 1332 848 1410; x_wconf 78' lang='grc' dir='ltr'><strong><em>Ἐφραθά,</em></strong></span> <span class='ocrx_word' id='word_1_128' title='bbox 879 1334 998 1408; x_wconf 80' lang='grc' dir='ltr'><strong><em>ἥτις</em></strong></span> <span class='ocrx_word' id='word_1_129' title='bbox 1029 1338 1181 1394; x_wconf 83' lang='grc' dir='ltr'><strong><em>ἐστὶν</em></strong></span> <span class='ocrx_word' id='word_1_130' title='bbox 1210 1337 1244 1408; x_wconf 82' lang='grc' dir='ltr'>ἡ</span> <span class='ocrx_word' id='word_1_131' title='bbox 1276 1337 1561 1409; x_wconf 73' lang='grc' dir='ltr'><strong><em>Βηθλεὲμ,</em></strong></span> <span class='ocrx_word' id='word_1_132' title='bbox 1593 1333 1759 1403; x_wconf 80' lang='grc' dir='ltr'><strong><em>αὐτὸς</em></strong></span> 
     </span>
     <span class='ocr_line' id='line_1_16' title="bbox 45 1418 1758 1498; baseline -0.001 -21"><span class='ocrx_word' id='word_1_133' title='bbox 45 1420 48 1422; x_wconf 14' lang='grc' dir='ltr'><strong>Α</strong></span> <span class='ocrx_word' id='word_1_134' title='bbox 83 1445 124 1477; x_wconf 88' lang='lat'><strong><em>15</em></strong></span> <span class='ocrx_word' id='word_1_135' title='bbox 146 1422 175 1477; x_wconf 81' lang='grc' dir='ltr'>ὁ</span> <span class='ocrx_word' id='word_1_136' title='bbox 210 1418 399 1492; x_wconf 82' lang='grc' dir='ltr'><strong><em>κύριος</em></strong></span> <span class='ocrx_word' id='word_1_137' title='bbox 440 1422 529 1476; x_wconf 76' lang='grc' dir='ltr'><strong><em>καὶ</em></strong></span> <span class='ocrx_word' id='word_1_138' title='bbox 572 1418 703 1486; x_wconf 82' lang='grc' dir='ltr'><strong><em>θεὸς</em></strong></span> <span class='ocrx_word' id='word_1_139' title='bbox 727 1418 921 1492; x_wconf 75' lang='grc' dir='ltr'><strong><em>Ἰακώβ</em></strong></span> <span class='ocrx_word' id='word_1_140' title='bbox 961 1418 1132 1478; x_wconf 89' lang='grc' dir='ltr'><strong><em>τόπον</em></strong></span> <span class='ocrx_word' id='word_1_141' title='bbox 1162 1422 1339 1498; x_wconf 76' lang='grc' dir='ltr'><strong><em>ἑαυτῷ</em></strong></span> <span class='ocrx_word' id='word_1_142' title='bbox 1371 1423 1463 1477; x_wconf 87' lang='grc' dir='ltr'><strong><em>καὶ</em></strong></span> <span class='ocrx_word' id='word_1_143' title='bbox 1494 1418 1758 1492; x_wconf 82' lang='grc' dir='ltr'><strong><em>σκήνωμα</em></strong></span> 
     </span>
     <span class='ocr_line' id='line_1_17' title="bbox 145 1500 1759 1578; baseline -0.001 -17"><span class='ocrx_word' id='word_1_144' title='bbox 145 1503 522 1577; x_wconf 82' lang='grc' dir='ltr'><strong><em>συστήσεσθαι</em></strong></span> <span class='ocrx_word' id='word_1_145' title='bbox 546 1502 973 1578; x_wconf 79' lang='grc' dir='ltr'><strong><em>προεφητεύετο,</em></strong></span> <span class='ocrx_word' id='word_1_146' title='bbox 989 1500 1294 1577; x_wconf 77' lang='grc' dir='ltr'><strong><em>ὁμοφώνως</em></strong></span> <span class='ocrx_word' id='word_1_147' title='bbox 1314 1510 1380 1577; x_wconf 84' lang='grc' dir='ltr'><strong><em>τῇ</em></strong></span> <span class='ocrx_word' id='word_1_148' title='bbox 1397 1507 1496 1561; x_wconf 91' lang='grc' dir='ltr'><strong><em>τοῦ</em></strong></span> <span class='ocrx_word' id='word_1_149' title='bbox 1507 1510 1759 1576; x_wconf 88' lang='grc' dir='ltr'><strong><em>Μιχαίου</em></strong></span> 
     </span>
     <span class='ocr_line' id='line_1_18' title="bbox 145 1584 1757 1664; baseline -0.001 -19"><span class='ocrx_word' id='word_1_150' title='bbox 145 1594 456 1664; x_wconf 80' lang='grc' dir='ltr'><strong><em>προφητείᾳ</em></strong></span> <span class='ocrx_word' id='word_1_151' title='bbox 477 1586 701 1661; x_wconf 77' lang='grc' dir='ltr'><strong><em>φησάσῃ</em></strong></span> <span class='ocrx_word' id='word_1_152' title='bbox 715 1586 845 1645; x_wconf 62' lang='lat' dir='ltr'><em>“noel</em></span> <span class='ocrx_word' id='word_1_153' title='bbox 861 1586 932 1644; x_wconf 79' lang='grc' dir='ltr'><em>σύ</em></span> <span class='ocrx_word' id='word_1_154' title='bbox 944 1589 1200 1661; x_wconf 78' lang='grc' dir='ltr'><strong><em>Βηθλεὲμ</em></strong></span> <span class='ocrx_word' id='word_1_155' title='bbox 1209 1588 1358 1654; x_wconf 78' lang='grc' dir='ltr'><strong><em>οἶκος</em></strong></span> <span class='ocrx_word' id='word_1_156' title='bbox 1370 1592 1469 1645; x_wconf 87' lang='grc' dir='ltr'><strong><em>τοῦ</em></strong></span> <span class='ocrx_word' id='word_1_157' title='bbox 1486 1584 1757 1662; x_wconf 78' lang='grc' dir='ltr'><strong><em>Ἐφραθά,</em></strong></span> 
     </span>
     <span class='ocr_line' id='line_1_19' title="bbox 147 1668 1758 1745; baseline -0.001 -17"><span class='ocrx_word' id='word_1_158' title='bbox 147 1675 207 1729; x_wconf 82' lang='grc' dir='ltr'><strong><em>ἐκ</em></strong></span> <span class='ocrx_word' id='word_1_159' title='bbox 238 1676 339 1730; x_wconf 89' lang='grc' dir='ltr'><strong><em>σοῦ</em></strong></span> <span class='ocrx_word' id='word_1_160' title='bbox 368 1696 459 1745; x_wconf 94' lang='grc' dir='ltr'><strong><em>μοι</em></strong></span> <span class='ocrx_word' id='word_1_161' title='bbox 493 1670 831 1740; x_wconf 80' lang='grc' dir='ltr'><strong><em>ἐξελεύσεται</em></strong></span> <span class='ocrx_word' id='word_1_162' title='bbox 861 1668 1197 1745; x_wconf 81' lang='grc' dir='ltr'><strong><em>ἡγούμενος,</em></strong></span> <span class='ocrx_word' id='word_1_163' title='bbox 1238 1674 1330 1729; x_wconf 88' lang='grc' dir='ltr'><strong><em>καὶ</em></strong></span> <span class='ocrx_word' id='word_1_164' title='bbox 1361 1676 1422 1729; x_wconf 81' lang='grc' dir='ltr'><strong><em>αἱ</em></strong></span> <span class='ocrx_word' id='word_1_165' title='bbox 1449 1674 1626 1739; x_wconf 77' lang='grc' dir='ltr'><strong><em>ἔξοδοι</em></strong></span> <span class='ocrx_word' id='word_1_166' title='bbox 1656 1670 1758 1727; x_wconf 81' lang='grc' dir='ltr'><strong><em>αὐ-</em></strong></span> 
     </span>
     <span class='ocr_line' id='line_1_20' title="bbox 145 1753 1756 1831; baseline -0.001 -18"><span class='ocrx_word' id='word_1_167' title='bbox 145 1761 245 1813; x_wconf 88' lang='grc' dir='ltr'><strong><em>τοῦ</em></strong></span> <span class='ocrx_word' id='word_1_168' title='bbox 276 1754 370 1812; x_wconf 78' lang='grc' dir='ltr'><strong><em>ἀπ’</em></strong></span> <span class='ocrx_word' id='word_1_169' title='bbox 409 1753 578 1830; x_wconf 78' lang='grc' dir='ltr'><strong><em>ἀρχῆς</em></strong></span> <span class='ocrx_word' id='word_1_170' title='bbox 610 1759 662 1824; x_wconf 83' lang='grc' dir='ltr'><strong><em>ἐξ</em></strong></span> <span class='ocrx_word' id='word_1_171' title='bbox 693 1754 916 1830; x_wconf 73' lang='grc' dir='ltr'><strong><em>ἡμερῶν</em></strong></span> <span class='ocrx_word' id='word_1_172' title='bbox 946 1753 1208 1828; x_wconf 71' lang='grc' dir='ltr'><strong><em>αἰῶνος,”</em></strong></span> <span class='ocrx_word' id='word_1_173' title='bbox 1244 1753 1383 1831; x_wconf 78' lang='grc' dir='ltr'><strong><em>ἅπερ</em></strong></span> <span class='ocrx_word' id='word_1_174' title='bbox 1415 1754 1616 1827; x_wconf 75' lang='grc' dir='ltr'><strong><em>ἀρτίως</em></strong></span> <span class='ocrx_word' id='word_1_175' title='bbox 1648 1757 1756 1822; x_wconf 82' lang='grc' dir='ltr'><strong><em>ἐξε-</em></strong></span> 
     </span>
     <span class='ocr_line' id='line_1_21' title="bbox 84 1835 1805 1915; baseline -0.001 -19"><span class='ocrx_word' id='word_1_176' title='bbox 84 1865 124 1897; x_wconf 82' lang='lat'><strong><em>20</em></strong></span> <span class='ocrx_word' id='word_1_177' title='bbox 147 1839 412 1908; x_wconf 76' lang='grc' dir='ltr'><strong><em>τάσαντες</em></strong></span> <span class='ocrx_word' id='word_1_178' title='bbox 444 1844 771 1914; x_wconf 79' lang='grc' dir='ltr'><strong><em>ἐδείκνυμεν</em></strong></span> <span class='ocrx_word' id='word_1_179' title='bbox 801 1837 1187 1915; x_wconf 76' lang='grc' dir='ltr'><strong><em>ἀναφέρεσθαι</em></strong></span> <span class='ocrx_word' id='word_1_180' title='bbox 1218 1838 1339 1897; x_wconf 79' lang='grc' dir='ltr'><strong><em>οὐδ’</em></strong></span> <span class='ocrx_word' id='word_1_181' title='bbox 1379 1836 1469 1912; x_wconf 82' lang='grc' dir='ltr'><strong><em>ἐφ’</em></strong></span> <span class='ocrx_word' id='word_1_182' title='bbox 1504 1842 1692 1913; x_wconf 80' lang='grc' dir='ltr'><strong><em>ἕτερον</em></strong></span> <span class='ocrx_word' id='word_1_183' title='bbox 1723 1835 1756 1910; x_wconf 80' lang='grc' dir='ltr'>ἢ</span> <span class='ocrx_word' id='word_1_184' title='bbox 1784 1863 1805 1895; x_wconf 89' lang='lat' dir='ltr'>b</span> 
     </span>
     <span class='ocr_line' id='line_1_22' title="bbox 148 1920 1758 1999; baseline -0.001 -18"><span class='ocrx_word' id='word_1_185' title='bbox 148 1926 236 1981; x_wconf 81' lang='grc' dir='ltr'><strong><em>ἐπὶ</em></strong></span> <span class='ocrx_word' id='word_1_186' title='bbox 277 1923 450 1997; x_wconf 90' lang='grc' dir='ltr'><strong><em>μόνον</em></strong></span> <span class='ocrx_word' id='word_1_187' title='bbox 488 1923 586 1981; x_wconf 86' lang='grc' dir='ltr'><strong><em>τὸν</em></strong></span> <span class='ocrx_word' id='word_1_188' title='bbox 625 1928 846 1999; x_wconf 84' lang='grc' dir='ltr'><strong><em>σωτῆρα</em></strong></span> <span class='ocrx_word' id='word_1_189' title='bbox 885 1927 978 1982; x_wconf 88' lang='grc' dir='ltr'><strong><em>καὶ</em></strong></span> <span class='ocrx_word' id='word_1_190' title='bbox 1008 1924 1205 1999; x_wconf 82' lang='grc' dir='ltr'><strong><em>κύριον</em></strong></span> <span class='ocrx_word' id='word_1_191' title='bbox 1236 1920 1393 1997; x_wconf 77' lang='grc' dir='ltr'><strong><em>ἡμῶν</em></strong></span> <span class='ocrx_word' id='word_1_192' title='bbox 1418 1921 1632 1997; x_wconf 80' lang='grc' dir='ltr'><strong><em>Ἰησοῦν</em></strong></span> <span class='ocrx_word' id='word_1_193' title='bbox 1660 1921 1758 1980; x_wconf 81' lang='grc' dir='ltr'><strong><em>τὸν</em></strong></span> 
     </span>
     <span class='ocr_line' id='line_1_23' title="bbox 147 2005 1758 2082; baseline -0.002 -16"><span class='ocrx_word' id='word_1_194' title='bbox 147 2007 387 2080; x_wconf 82' lang='grc' dir='ltr'><strong><em>Χριστὸν</em></strong></span> <span class='ocrx_word' id='word_1_195' title='bbox 415 2011 514 2065; x_wconf 88' lang='grc' dir='ltr'><strong><em>τοῦ</em></strong></span> <span class='ocrx_word' id='word_1_196' title='bbox 542 2011 700 2081; x_wconf 85' lang='grc' dir='ltr'><strong><em>θεοῦ,</em></strong></span> <span class='ocrx_word' id='word_1_197' title='bbox 735 2011 795 2066; x_wconf 86' lang='grc' dir='ltr'><strong><em>ἐν</em></strong></span> <span class='ocrx_word' id='word_1_198' title='bbox 806 2010 1062 2082; x_wconf 71' lang='grc' dir='ltr'><strong><em>Βηθλεὲμ</em></strong></span> <span class='ocrx_word' id='word_1_199' title='bbox 1085 2022 1206 2076; x_wconf 80' lang='grc' dir='ltr'><strong><em>ταῖς</em></strong></span> <span class='ocrx_word' id='word_1_200' title='bbox 1227 2006 1603 2082; x_wconf 87' lang='grc' dir='ltr'><strong><em>προρρήσεσιν</em></strong></span> <span class='ocrx_word' id='word_1_201' title='bbox 1632 2005 1758 2063; x_wconf 79' lang='grc' dir='ltr'><strong><em>ἀκο-</em></strong></span> 
     </span>
     <span class='ocr_line' id='line_1_24' title="bbox 146 2089 1757 2166; baseline -0.001 -18"><span class='ocrx_word' id='word_1_202' title='bbox 146 2091 368 2158; x_wconf 83' lang='grc' dir='ltr'><strong><em>λούθως</em></strong></span> <span class='ocrx_word' id='word_1_203' title='bbox 391 2095 811 2166; x_wconf 76' lang='grc' dir='ltr'><strong><em>γεγεννημένον.</em></strong></span> <span class='ocrx_word' id='word_1_204' title='bbox 860 2098 944 2150; x_wconf 81' lang='lat'><strong><em>39.</em></strong></span> <span class='ocrx_word' id='word_1_205' title='bbox 978 2092 1081 2150; x_wconf 84' lang='grc' dir='ltr'><strong><em>οὐκ</em></strong></span> <span class='ocrx_word' id='word_1_206' title='bbox 1102 2089 1173 2150; x_wconf 70' lang='grc' dir='ltr'><strong><em>ἂν</em></strong></span> <span class='ocrx_word' id='word_1_207' title='bbox 1192 2095 1332 2165; x_wconf 90' lang='grc' dir='ltr'><strong><em>γοῦν</em></strong></span> <span class='ocrx_word' id='word_1_208' title='bbox 1352 2089 1522 2150; x_wconf 70' lang='grc' dir='ltr'><strong><em>ἄλλον</em></strong></span> <span class='ocrx_word' id='word_1_209' title='bbox 1540 2115 1621 2158; x_wconf 86' lang='grc' dir='ltr'><strong><em>τις</em></strong></span> <span class='ocrx_word' id='word_1_210' title='bbox 1644 2095 1757 2148; x_wconf 86' lang='grc' dir='ltr'><strong><em>ἐπι-</em></strong></span> 
     </span>
     <span class='ocr_line' id='line_1_25' title="bbox 147 2175 1756 2251; baseline -0.001 -19"><span class='ocrx_word' id='word_1_211' title='bbox 147 2179 380 2244; x_wconf 80' lang='grc' dir='ltr'><strong><em>δείξειεν</em></strong></span> <span class='ocrx_word' id='word_1_212' title='bbox 412 2181 472 2234; x_wconf 82' lang='grc' dir='ltr'><strong><em>ἐκ</em></strong></span> <span class='ocrx_word' id='word_1_213' title='bbox 500 2175 700 2249; x_wconf 83' lang='grc' dir='ltr'><strong><em>ταύτης</em></strong></span> <span class='ocrx_word' id='word_1_214' title='bbox 732 2176 968 2246; x_wconf 84' lang='grc' dir='ltr'><strong><em>ἐνδόξως</em></strong></span> <span class='ocrx_word' id='word_1_215' title='bbox 987 2177 1122 2251; x_wconf 79' lang='grc' dir='ltr'><strong><em>μετὰ</em></strong></span> <span class='ocrx_word' id='word_1_216' title='bbox 1142 2177 1271 2243; x_wconf 81' lang='grc' dir='ltr'><strong><em>τοὺς</em></strong></span> <span class='ocrx_word' id='word_1_217' title='bbox 1293 2181 1388 2250; x_wconf 81' lang='grc' dir='ltr'><strong><em>τῆς</em></strong></span> <span class='ocrx_word' id='word_1_218' title='bbox 1417 2181 1756 2249; x_wconf 87' lang='grc' dir='ltr'><strong><em>προφητείας</em></strong></span> 
     </span>
     <span class='ocr_line' id='line_1_26' title="bbox 83 2257 1759 2364; baseline 0.001 -49"><span class='ocrx_word' id='word_1_219' title='bbox 83 2283 125 2315; x_wconf 76' lang='lat'><strong><em>25</em></strong></span> <span class='ocrx_word' id='word_1_220' title='bbox 147 2259 380 2333; x_wconf 85' lang='grc' dir='ltr'><strong><em>χρόνους</em></strong></span> <span class='ocrx_word' id='word_1_221' title='bbox 409 2259 782 2334; x_wconf 86' lang='grc' dir='ltr'><strong><em>προελθόντα·</em></strong></span> <span class='ocrx_word' id='word_1_222' title='bbox 829 2259 958 2319; x_wconf 75' lang='grc' dir='ltr'><strong><em>οὔτε</em></strong></span> <span class='ocrx_word' id='word_1_223' title='bbox 986 2286 1091 2364; x_wconf 79' lang='grc' dir='ltr'><strong><em>γαρ</em></strong></span> <span class='ocrx_word' id='word_1_224' title='bbox 1115 2259 1378 2334; x_wconf 81' lang='grc' dir='ltr'><strong><em>βασιλεῦς</em></strong></span> <span class='ocrx_word' id='word_1_225' title='bbox 1400 2258 1526 2318; x_wconf 77' lang='grc' dir='ltr'><strong><em>οὔτε</em></strong></span> <span class='ocrx_word' id='word_1_226' title='bbox 1545 2257 1759 2333; x_wconf 84' lang='grc' dir='ltr'><strong><em>προφή-</em></strong></span> 
     </span>
     <span class='ocr_line' id='line_1_27' title="bbox 148 2338 1759 2418; baseline -0.002 -17"><span class='ocrx_word' id='word_1_227' title='bbox 148 2368 269 2416; x_wconf 81' lang='grc' dir='ltr'><strong><em>της,</em></strong></span> <span class='ocrx_word' id='word_1_228' title='bbox 303 2341 428 2402; x_wconf 79' lang='grc' dir='ltr'><strong><em>οὐδ’</em></strong></span> <span class='ocrx_word' id='word_1_229' title='bbox 462 2343 644 2418; x_wconf 85' lang='grc' dir='ltr'><strong><em>ε’τερός</em></strong></span> <span class='ocrx_word' id='word_1_230' title='bbox 673 2369 758 2412; x_wconf 87' lang='grc' dir='ltr'><strong><em>τις</em></strong></span> <span class='ocrx_word' id='word_1_231' title='bbox 787 2369 900 2402; x_wconf 89' lang='grc' dir='ltr'><strong><em>των</em></strong></span> <span class='ocrx_word' id='word_1_232' title='bbox 944 2343 1080 2418; x_wconf 85' lang='grc' dir='ltr'><strong><em>παρ’</em></strong></span> <span class='ocrx_word' id='word_1_233' title='bbox 1105 2342 1380 2418; x_wconf 85' lang='grc' dir='ltr'><strong><em>Εβραίοις</em></strong></span> <span class='ocrx_word' id='word_1_234' title='bbox 1408 2346 1695 2416; x_wconf 86' lang='grc' dir='ltr'><strong><em>θεοφιλων</em></strong></span> <span class='ocrx_word' id='word_1_235' title='bbox 1723 2338 1759 2411; x_wconf 78' lang='grc' dir='ltr'><strong><em>ἦ</em></strong></span> 
     </span>
     <span class='ocr_line' id='line_1_28' title="bbox 149 2423 1758 2503; baseline -0.002 -20"><span class='ocrx_word' id='word_1_236' title='bbox 149 2427 314 2499; x_wconf 84' lang='grc' dir='ltr'><strong><em>μόνος</em></strong></span> <span class='ocrx_word' id='word_1_237' title='bbox 343 2423 372 2484; x_wconf 83' lang='grc' dir='ltr'><em>ὃ</em></span> <span class='ocrx_word' id='word_1_238' title='bbox 402 2426 585 2503; x_wconf 81' lang='grc' dir='ltr'><strong><em>σωτὴρ</em></strong></span> <span class='ocrx_word' id='word_1_239' title='bbox 617 2431 708 2485; x_wconf 84' lang='grc' dir='ltr'><strong><em>καὶ</em></strong></span> <span class='ocrx_word' id='word_1_240' title='bbox 738 2428 927 2500; x_wconf 80' lang='grc' dir='ltr'><strong><em>κύριος</em></strong></span> <span class='ocrx_word' id='word_1_241' title='bbox 957 2426 1114 2502; x_wconf 81' lang='grc' dir='ltr'><strong><em>ἡμων</em></strong></span> <span class='ocrx_word' id='word_1_242' title='bbox 1143 2427 1172 2485; x_wconf 84' lang='grc' dir='ltr'>ὁ</span> <span class='ocrx_word' id='word_1_243' title='bbox 1204 2427 1438 2502; x_wconf 78' lang='grc' dir='ltr'><strong><em>Χριστὸς</em></strong></span> <span class='ocrx_word' id='word_1_244' title='bbox 1468 2430 1566 2484; x_wconf 82' lang='grc' dir='ltr'><strong><em>τοῦ</em></strong></span> <span class='ocrx_word' id='word_1_245' title='bbox 1596 2428 1758 2495; x_wconf 81' lang='grc' dir='ltr'><strong><em>θεοῦ,</em></strong></span> 
     </span>
     <span class='ocr_line' id='line_1_29' title="bbox 149 2506 1757 2586; baseline 0 -20"><span class='ocrx_word' id='word_1_246' title='bbox 149 2506 287 2582; x_wconf 80' lang='grc' dir='ltr'><strong><em>ὁμοῦ</em></strong></span> <span class='ocrx_word' id='word_1_247' title='bbox 328 2512 420 2567; x_wconf 86' lang='grc' dir='ltr'><strong><em>καὶ</em></strong></span> <span class='ocrx_word' id='word_1_248' title='bbox 463 2514 522 2568; x_wconf 80' lang='grc' dir='ltr'><strong><em>ἐκ</em></strong></span> <span class='ocrx_word' id='word_1_249' title='bbox 553 2514 860 2586; x_wconf 87' lang='grc' dir='ltr'><strong><em>σπέρματος</em></strong></span> <span class='ocrx_word' id='word_1_250' title='bbox 890 2515 1082 2585; x_wconf 85' lang='grc' dir='ltr'><strong><em>Δαβὶδ</em></strong></span> <span class='ocrx_word' id='word_1_251' title='bbox 1120 2513 1212 2568; x_wconf 86' lang='grc' dir='ltr'><strong><em>καὶ</em></strong></span> <span class='ocrx_word' id='word_1_252' title='bbox 1258 2509 1462 2568; x_wconf 84' lang='grc' dir='ltr'><strong><em>αὐτόθι</em></strong></span> <span class='ocrx_word' id='word_1_253' title='bbox 1491 2531 1757 2582; x_wconf 89' lang='grc' dir='ltr'><strong><em>γεγεννη-</em></strong></span> 
     </span>
     <span class='ocr_line' id='line_1_30' title="bbox 149 2590 1758 2696; baseline 0.001 -47"><span class='ocrx_word' id='word_1_254' title='bbox 149 2595 310 2665; x_wconf 89' lang='grc' dir='ltr'><strong><em>μένος</em></strong></span> <span class='ocrx_word' id='word_1_255' title='bbox 341 2591 755 2653; x_wconf 83' lang='grc' dir='ltr'><strong><em>αποδείκνυται.</em></strong></span> <span class='ocrx_word' id='word_1_256' title='bbox 818 2601 903 2654; x_wconf 87' lang='grc'><strong><em>40.</em></strong></span> <span class='ocrx_word' id='word_1_257' title='bbox 939 2595 1055 2696; x_wconf 75' lang='grc' dir='ltr'><strong><em>ὥρα</em></strong></span> <span class='ocrx_word' id='word_1_258' title='bbox 1085 2598 1382 2669; x_wconf 89' lang='grc' dir='ltr'><strong><em>τοιγαροῦν</em></strong></span> <span class='ocrx_word' id='word_1_259' title='bbox 1412 2590 1582 2652; x_wconf 83' lang='grc' dir='ltr'><strong><em>αυτὸν</em></strong></span> <span class='ocrx_word' id='word_1_260' title='bbox 1615 2596 1758 2650; x_wconf 81' lang='grc' dir='ltr'><strong><em>έκεῖ-</em></strong></span> 
     </span>
     <span class='ocr_line' id='line_1_31' title="bbox 44 2675 1758 2750; baseline 0.002 -18"><span class='ocrx_word' id='word_1_261' title='bbox 44 2740 58 2746; x_wconf 29' lang='grc'><strong><em>1</em></strong></span> <span class='ocrx_word' id='word_1_262' title='bbox 85 2700 127 2733; x_wconf 88' lang='lat'><strong><em>30</em></strong></span> <span class='ocrx_word' id='word_1_263' title='bbox 153 2700 250 2734; x_wconf 85' lang='grc' dir='ltr'><strong><em>νον</em></strong></span> <span class='ocrx_word' id='word_1_264' title='bbox 282 2675 426 2734; x_wconf 78' lang='grc' dir='ltr'><strong><em>εἶναι</em></strong></span> <span class='ocrx_word' id='word_1_265' title='bbox 456 2679 548 2734; x_wconf 81' lang='grc' dir='ltr'><strong><em>καὶ</em></strong></span> <span class='ocrx_word' id='word_1_266' title='bbox 578 2676 712 2736; x_wconf 79' lang='grc' dir='ltr'><strong><em>οὐδε</em></strong></span> <span class='ocrx_word' id='word_1_267' title='bbox 740 2677 910 2737; x_wconf 87' lang='grc' dir='ltr'><strong><em>αλλον</em></strong></span> <span class='ocrx_word' id='word_1_268' title='bbox 949 2678 1045 2737; x_wconf 80' lang='grc' dir='ltr'><strong><em>τὸν</em></strong></span> <span class='ocrx_word' id='word_1_269' title='bbox 1077 2682 1169 2736; x_wconf 86' lang='grc' dir='ltr'><strong><em>καὶ</em></strong></span> <span class='ocrx_word' id='word_1_270' title='bbox 1209 2681 1269 2736; x_wconf 81' lang='grc' dir='ltr'><strong><em>ἐν</em></strong></span> <span class='ocrx_word' id='word_1_271' title='bbox 1299 2679 1508 2744; x_wconf 86' lang='grc' dir='ltr'><strong><em>τούτοις</em></strong></span> <span class='ocrx_word' id='word_1_272' title='bbox 1537 2699 1758 2750; x_wconf 88' lang='grc' dir='ltr'><strong><em>προφη-</em></strong></span> 
     </span>
     <span class='ocr_line' id='line_1_32' title="bbox 150 2756 1794 2836; baseline 0 -20"><span class='ocrx_word' id='word_1_273' title='bbox 150 2759 448 2834; x_wconf 88' lang='grc' dir='ltr'><strong><em>τευόμενον</em></strong></span> <span class='ocrx_word' id='word_1_274' title='bbox 485 2759 803 2834; x_wconf 80' lang='grc' dir='ltr'><strong><em>ὁμολογειν,</em></strong></span> <span class='ocrx_word' id='word_1_275' title='bbox 855 2760 939 2820; x_wconf 81' lang='grc' dir='ltr'><strong><em>ὅτι</em></strong></span> <span class='ocrx_word' id='word_1_276' title='bbox 977 2787 1035 2821; x_wconf 87' lang='grc' dir='ltr'><strong><em>τε</em></strong></span> <span class='ocrx_word' id='word_1_277' title='bbox 1074 2766 1266 2836; x_wconf 75' lang='grc' dir='ltr'><strong><em>σαφῶς</em></strong></span> <span class='ocrx_word' id='word_1_278' title='bbox 1309 2765 1368 2820; x_wconf 84' lang='grc' dir='ltr'><strong><em>ἐν</em></strong></span> <span class='ocrx_word' id='word_1_279' title='bbox 1406 2776 1520 2829; x_wconf 81' lang='grc' dir='ltr'><strong><em>τοῖς</em></strong></span> <span class='ocrx_word' id='word_1_280' title='bbox 1565 2764 1686 2833; x_wconf 82' lang='grc' dir='ltr'><strong><em>εξῆς</em></strong></span> <span class='ocrx_word' id='word_1_281' title='bbox 1725 2756 1752 2816; x_wconf 82' lang='grc' dir='ltr'>ὁ</span> <span class='ocrx_word' id='word_1_282' title='bbox 1776 2791 1794 2814; x_wconf 82' lang='lat' dir='ltr'><strong>e</strong></span> 
     </span>
     <span class='ocr_line' id='line_1_33' title="bbox 150 2842 1755 2924; baseline -0.001 -23"><span class='ocrx_word' id='word_1_283' title='bbox 150 2842 312 2910; x_wconf 82' lang='grc' dir='ltr'><strong><em>αὐτὸς</em></strong></span> <span class='ocrx_word' id='word_1_284' title='bbox 350 2843 574 2918; x_wconf 82' lang='grc' dir='ltr'><strong><em>Ψαλμὸς</em></strong></span> <span class='ocrx_word' id='word_1_285' title='bbox 617 2843 881 2919; x_wconf 88' lang='grc' dir='ltr'><strong><em>ὀνομαστὶ</em></strong></span> <span class='ocrx_word' id='word_1_286' title='bbox 919 2846 1014 2905; x_wconf 89' lang='grc' dir='ltr'><strong><em>τὸν</em></strong></span> <span class='ocrx_word' id='word_1_287' title='bbox 1045 2845 1284 2922; x_wconf 77' lang='grc' dir='ltr'><strong><em>Χριστὸν</em></strong></span> <span class='ocrx_word' id='word_1_288' title='bbox 1325 2843 1755 2924; x_wconf 79' lang='grc' dir='ltr'><strong><em>προσαγορεύων</em></strong></span> 
     </span>
    </p>
   </div>
  </div>
 </body>
</html>
