1992 3186
252 80 364 168 *642
965 115 1213 157 Ensssssn

259 234 357 292 τὸν
390 230 640 303 Ἰούδαν,
695 228 815 303 μετ’
866 232 1082 288 ἐκεῖνον
1136 231 1198 288 δὲ
1236 233 1329 288 καὶ
1370 235 1459 290 ἐπὶ
1499 232 1707 301 πάντας
1746 233 1875 302 τούς

260 317 483 392 ὁμοίους
508 313 657 391 αὐτῷ
670 313 767 371 τὸν
790 313 1064 389 σωτήριον
1081 313 1245 387 λόγον
1260 315 1652 390 προδιδόντας·
1678 327 1875 376 καταλ-

262 401 440 474 λήλως
482 401 544 456 δὲ
586 397 805 471 νοήσεις
844 402 936 456 καὶ
984 398 1087 470 τὴν
1124 413 1365 471 γυναῖκα
1407 399 1606 475 αὐτοῦ,
1647 405 1739 460 καὶ
1779 402 1875 470 τὰς

261 483 527 559 ἁμαρτίας
558 486 670 541 τῶν
699 485 955 558 πατέρων
986 481 1157 540 αὐτοῦ
1189 487 1282 542 καὶ
1322 488 1417 557 τῆς
1448 490 1744 561 λεγομένης
1774 513 1874 562 μη-

150 595 237 642 [297]
263 568 387 644 τρός
429 565 630 639 αὐτοῦ,
681 570 777 641 τῆς
821 572 920 625 τοῦ
951 566 1240 626 Ἰουδαίων
1290 575 1494 636 ἔθνους
1533 575 1919 645 συναγωγῆς-..5

262 656 390 728 περὶ
421 650 591 725 αὐτῆς
621 650 727 726 γὰρ
758 648 1000 725 ἡγοῦμαι
1033 655 1296 725 λέγεσθαι
1326 654 1386 711 τὸ
1410 651 1541 711 “καὶ
1575 651 1609 727 ἡ
1641 651 1879 729 ἁμαρτία

215 776 231 797 c
261 742 357 811 τῆς
388 736 590 812 μητρὸς
621 734 794 794 αὐτοῦ
824 735 898 810 μὴ
931 735 1340 811 έξαλειφθείη.”
1396 743 1477 796 17.
1511 737 1658 812 πλὴν
1689 737 1876 814 ὥσπερ

264 828 325 881 ἐν
354 826 421 897 τῇ
452 820 557 895 πρὸ
589 821 792 894 ταύτης
825 829 1135 898 προφητείᾳ
1174 822 1388 896 πτωχὸς
1419 825 1511 880 καὶ
1541 828 1711 897 πένης
1743 821 1878 882 ὤνο-

512 903 526 923 (⁵

263 906 458 981 μαζετο
501 931 529 963 ο
573 905 757 980 σωτὴρ
798 908 890 963 καὶ
922 906 1111 982 κύριος
1141 905 1327 981 ἡμῶν,
1369 906 1627 982 καθαπερ
1658 906 1878 966 ἄπεδεί-
1924 979 1926 981 ,

264 1000 433 1066 ξαμεν
477 994 535 1048 ἐν
573 994 650 1067 τῷ
691 987 999 1066 ’(μακοὲριος
1050 991 1079 1049 ὅ
1120 991 1332 1050 συνιών
1385 995 1475 1049 ἐπὶ
1524 992 1742 1067 πτωχὸν
1786 995 1878 1050 καὶ
1902 1018 1942 1049 10

263 1078 496 1148 πένητα
486 1072 534 1101 ”
567 1053 664 1132 τόν
687 1072 860 1133 αὐτὸν
880 1075 1087 1150 τρόπον
1110 1079 1253 1133 καὶ’
1227 1101 1286 1134 εν
1315 1079 1394 1153 τῷ
1415 1076 1650 1152 παρόντι
1668 1082 1878 1155 Ψαλμω

263 1159 476 1227 τούτοις
517 1162 865 1233 ἐπικέκληται
903 1175 1018 1226 τοῖς
1047 1159 1294 1234 ὀνόμασι.
1374 1166 1454 1219 18.
1487 1160 1621 1219 τάδε
1651 1159 1756 1236 γὰρ
1786 1164 1878 1218 καὶ

263 1243 397 1303 ταδε
440 1242 732 1317 γενηθήτω
783 1247 862 1321 τῷ
893 1243 1073 1320 Ἰούδα
1113 1247 1206 1302 καὶ
1256 1259 1371 1312 τοῖς
1413 1269 1479 1302 τα
1526 1243 1687 1319 ὅμοια
1729 1245 1880 1323 αὐτῷ

266 1327 560 1402 ἐζηλωκόσι
605 1327 695 1385 δια
734 1353 800 1385 τα
823 1303 1211 1403 τετολμημένα
1247 1327 1405 1414 αὐτῷ
1448 1349 1599 1403 φησι.
1659 1337 1786 1388 τίνα
1819 1332 1880 1387 δὲ

263 1418 435 1471 ταῦτα
489 1414 737 1487 ἐπιφέρει
787 1415 966 1484 λέγων
1001 1409 1173 1471 “οένθ’
1213 1438 1304 1471 -ων
1343 1413 1445 1471 οὐκ
1488 1413 1740 1522 ἐμνήσθη
1780 1437 1879 1472 του
1902 1438 1943 1470 15

264 1502 485 1571 ποιῆσαι
521 1502 697 1569 ἔλεος,
738 1499 831 1554 καὶ
861 1501 1193 1566 κατεδίωξεν
1222 1495 1528 1574 ανθρωπον
1550 1502 1759 1573 πένητα
1789 1501 1882 1556 καὶ

264 1580 484 1656 πτωχὸν
525 1584 618 1638 καὶ
658 1584 1146 1655 κατανενυγμένον
1183 1586 1249 1657 τῇ
1299 1590 1513 1659 καρδία
1548 1587 1649 1641 τοῦ
1700 1594 1882 1642 θανα-

219 1671 464 1739 (ιτῶσαι,
505 1669 597 1723 καὶ
645 1663 899 1739 ήγαπησε
939 1691 1215 1742 καταραν,
1270 1669 1362 1724 καὶ
1405 1667 1521 1740 ἥξει
1561 1667 1741 1745 αὐτῷ,
1787 1670 1880 1726 καὶ

155 1747 158 1750 ’
267 1750 371 1809 οὐκ
401 1749 680 1824 ἠθέλησεν
712 1747 1000 1824 εὐλογίαν,
1033 1754 1126 1809 καὶ
1156 1752 1612 1827 μακρυνθήσεται
1643 1751 1739 1809 ἀπ’
1777 1751 1881 1808 αὐ-

267 1833 423 1894 τοῦ.”
498 1840 578 1892 19.
621 1833 703 1901 οἷς
755 1838 877 1908 εξῆς
931 1834 1267 1908 ἐπικαταβας
1319 1829 1487 1902 αὖθις
1538 1839 1748 1908 πένητα
1786 1838 1878 1893 καὶ
1903 1860 1943 1892 20
1974 1885 1984 1891 ,

267 1918 486 1994 πτωχὸν
518 1918 719 1977 ἑαυτὸν
746 1917 1000 1994 ὀνομαζει
1031 1918 1242 1992 λέγων
1247 1917 1363 1975 ‘noel
1393 1919 1483 1991 σύ,
1513 1917 1674 1994 κύριε
1704 1918 1880 1994 κύριε,

268 2011 503 2077 ποίησον
543 2002 658 2077 μετ’
697 2007 830 2076 ἐμοῦ
870 2011 1047 2075 ἔλεος,
1088 2007 1277 2060 ἕνεκεν
1318 2006 1415 2060 τοῦ
1454 2002 1722 2077 ὀνόματός
1758 2022 1879 2078 σου,

268 2086 351 2145 ὅτι
390 2087 628 2161 χρηστὸν
667 2086 727 2143 τὸ
760 2085 907 2162 ἔλεός
938 2105 1057 2144 σου.
1130 2091 1301 2160 ῥῦσαί
1336 2112 1404 2161 με
1434 2086 1517 2145 ὅτι
1547 2087 1759 2162 πτωχὸς
1789 2091 1881 2146 καὶ

270 2174 441 2244 πένης
474 2173 582 2244 εἰμὶ
618 2168 783 2243 ἐγώ.”
833 2168 915 2237 οἷς
945 2169 1072 2244 μεθ’
1104 2174 1261 2246 ἕτερα
1290 2175 1528 2245 ἐπιλέγει
1550 2169 1654 2230 “vde
1675 2172 1883 2246 γόνατά

270 2281 377 2330 μου
407 2254 731 2330 ἠσθένησαν
761 2253 868 2312 ἀπὸ
899 2262 1172 2329 νηστείας,
1205 2258 1296 2313 καὶ
1330 2255 1363 2330 ἡ
1396 2256 1530 2332 σάρξ
1554 2282 1661 2330 μου
1691 2255 1878 2330 ήλλοι-
1901 2279 1943 2312 25

273 2340 396 2413 ω’θη
439 2337 515 2397 δι’
551 2346 764 2413 ἔλαιον,
807 2342 900 2397 καὶ
939 2339 1044 2412 ἐγώ
1092 2340 1369 2413 ἐγενήθην
1409 2340 1623 2407 ὄνειδος
1677 2339 1880 2408 αὐτοῖς.

271 2430 356 2483 20.
393 2424 617 2482 εἴδοσοὲν
659 2448 754 2532 με,
799 2423 1107 2482 ἐσαλευσαν
1137 2423 1380 2498 κεφαλας
1422 2424 1620 2483 αὑτοῖν.
1633 2423 1662 2444 ”
1724 2421 1760 2482 δι’
1787 2428 1880 2482 καὶ

273 2508 414 2567 αυτὰ
429 2510 620 2575 τέλους
646 2507 945 2583 ἐτύγχανεν
966 2532 1056 2567 οτε
1078 2514 1136 2566 οι
1153 2509 1668 2584 παραπορευόμενοι
1687 2513 1881 2582 ἐβλασ-

273 2592 499 2667 φήμουν
539 2590 773 2651 αυτὸν“
781 2598 1065 2660 κινοῦντες
1102 2617 1198 2660 τας
1238 2592 1480 2667 κεφαλας
1519 2593 1741 2666 αὑτων,
1788 2596 1880 2651 καὶ

275 2680 545 2750 λέγοντες,
578 2675 777 2745 αλλους
810 2685 1037 2751 ἔσωσεν,
1070 2675 1267 2735 εαυτὸν
1298 2677 1363 2735 οὐ
1396 2677 1628 2736 δυναται
1657 2675 1861 2736 σῶσαιῖ
1865 2674 1942 2732 '30

389 2872 442 2912 10
470 2871 547 2915 Ps.
569 2873 638 2922 40,
663 2873 701 2914 1.
892 2873 943 2912 15
973 2872 1048 2912 Ps.
1073 2873 1166 2924 108,
1193 2873 1256 2912 16.
1446 2875 1499 2914 29
1530 2872 1695 2915 Matth.
1719 2873 1786 2920 27,
1806 2873 1876 2913 40.
