<?xml version="1.0" encoding="UTF-8"?>
<!DOCTYPE html PUBLIC "-//W3C//DTD XHTML 1.0 Transitional//EN"
    "http://www.w3.org/TR/xhtml1/DTD/xhtml1-transitional.dtd">
<html xmlns="http://www.w3.org/1999/xhtml" xml:lang="en" lang="en">
 <head>
  <title>
</title>
<meta http-equiv="Content-Type" content="text/html;charset=utf-8" />
  <meta name='ocr-system' content='tesseract 3.04.00' />
  <meta name='ocr-capabilities' content='ocr_page ocr_carea ocr_par ocr_line ocrx_word'/>
</head>
<body>
  <div class='ocr_page' id='page_1' title='image "./operaeusebius03euseuoft_0638.png"; bbox 0 0 1992 3186; ppageno 0'>
   <div class='ocr_carea' id='block_1_1' title="bbox 246 117 1170 170">
    <p class='ocr_par' dir='ltr' id='par_1_1' title="bbox 246 117 1170 170">
     <span class='ocr_line' id='line_1_1' title="bbox 246 117 1170 170; baseline -0.011 0"><span class='ocrx_word' id='word_1_1' title='bbox 246 117 351 170; x_wconf 89' lang='grc'><em>614</em></span> <span class='ocrx_word' id='word_1_2' title='bbox 922 119 1170 161; x_wconf 79' lang='lat' dir='ltr'>EUSEBII</span> 
     </span>
    </p>
   </div>
   <div class='ocr_carea' id='block_1_2' title="bbox 243 229 1919 646">
    <p class='ocr_par' dir='ltr' id='par_1_2' title="bbox 243 229 1919 646">
     <span class='ocr_line' id='line_1_2' title="bbox 247 229 1853 310; baseline 0.002 -18"><span class='ocrx_word' id='word_1_3' title='bbox 247 237 337 292; x_wconf 84' lang='grc' dir='ltr'><em>ἐπὶ</em></span> <span class='ocrx_word' id='word_1_4' title='bbox 369 233 596 291; x_wconf 84' lang='grc' dir='ltr'><em>πάντων</em></span> <span class='ocrx_word' id='word_1_5' title='bbox 626 237 738 290; x_wconf 76' lang='grc' dir='ltr'><em>τῶν</em></span> <span class='ocrx_word' id='word_1_6' title='bbox 771 236 957 291; x_wconf 79' lang='grc' dir='ltr'><em>ἐθνῶν</em></span> <span class='ocrx_word' id='word_1_7' title='bbox 987 229 1020 306; x_wconf 82' lang='grc' dir='ltr'><strong><em>ἡ</em></strong></span> <span class='ocrx_word' id='word_1_8' title='bbox 1063 238 1161 290; x_wconf 85' lang='grc' dir='ltr'><em>τοῦ</em></span> <span class='ocrx_word' id='word_1_9' title='bbox 1192 238 1437 310; x_wconf 82' lang='grc' dir='ltr'><em>σωτῆρος</em></span> <span class='ocrx_word' id='word_1_10' title='bbox 1469 234 1626 308; x_wconf 78' lang='grc' dir='ltr'><em>ἡμῶν</em></span> <span class='ocrx_word' id='word_1_11' title='bbox 1657 243 1853 304; x_wconf 81' lang='grc' dir='ltr'><em>ἔνθεος</em></span> 
     </span>
     <span class='ocr_line' id='line_1_3' title="bbox 245 316 1852 395; baseline 0.002 -19"><span class='ocrx_word' id='word_1_12' title='bbox 245 317 411 394; x_wconf 80' lang='grc' dir='ltr'><em>ἀρετὴ</em></span> <span class='ocrx_word' id='word_1_13' title='bbox 453 316 842 390; x_wconf 82' lang='grc' dir='ltr'><em>συνεστήσατο.</em></span> <span class='ocrx_word' id='word_1_14' title='bbox 924 322 973 374; x_wconf 82' lang='grc'><em>8.</em></span> <span class='ocrx_word' id='word_1_15' title='bbox 1032 318 1148 374; x_wconf 79' lang='grc' dir='ltr'><em>εἶτα</em></span> <span class='ocrx_word' id='word_1_16' title='bbox 1187 319 1249 375; x_wconf 75' lang='grc' dir='ltr'><em>δὲ</em></span> <span class='ocrx_word' id='word_1_17' title='bbox 1288 321 1380 376; x_wconf 85' lang='grc' dir='ltr'><em>καὶ</em></span> <span class='ocrx_word' id='word_1_18' title='bbox 1420 334 1537 387; x_wconf 83' lang='grc' dir='ltr'><em>ταῖς</em></span> <span class='ocrx_word' id='word_1_19' title='bbox 1583 343 1852 395; x_wconf 90' lang='grc' dir='ltr'><em>προφητι-</em></span> 
     </span>
     <span class='ocr_line' id='line_1_4' title="bbox 245 398 1854 480; baseline 0.002 -19"><span class='ocrx_word' id='word_1_20' title='bbox 245 417 365 470; x_wconf 80' lang='grc' dir='ltr'><em>καῖς</em></span> <span class='ocrx_word' id='word_1_21' title='bbox 398 400 824 475; x_wconf 83' lang='grc' dir='ltr'><em>ἐντυγχάνοντες</em></span> <span class='ocrx_word' id='word_1_22' title='bbox 855 405 982 475; x_wconf 87' lang='grc' dir='ltr'><em>περὶ</em></span> <span class='ocrx_word' id='word_1_23' title='bbox 1013 398 1186 459; x_wconf 76' lang='grc' dir='ltr'><em>αὐτοῦ</em></span> <span class='ocrx_word' id='word_1_24' title='bbox 1216 411 1560 478; x_wconf 78' lang='grc' dir='ltr'><em>μαρτυρίαις,</em></span> <span class='ocrx_word' id='word_1_25' title='bbox 1591 401 1728 480; x_wconf 77' lang='grc' dir='ltr'><em>ἀκοῇ</em></span> <span class='ocrx_word' id='word_1_26' title='bbox 1751 407 1854 479; x_wconf 75' lang='grc' dir='ltr'><em>μὲν</em></span> 
     </span>
     <span class='ocr_line' id='line_1_5' title="bbox 243 483 1854 564; baseline 0.002 -20"><span class='ocrx_word' id='word_1_27' title='bbox 243 485 563 560; x_wconf 79' lang='grc' dir='ltr'><em>ἀκούουσιν,</em></span> <span class='ocrx_word' id='word_1_28' title='bbox 593 483 714 543; x_wconf 74' lang='grc' dir='ltr'><em>ἀλλ’</em></span> <span class='ocrx_word' id='word_1_29' title='bbox 751 484 817 544; x_wconf 78' lang='grc' dir='ltr'><em>οὐ</em></span> <span class='ocrx_word' id='word_1_30' title='bbox 847 493 1126 559; x_wconf 89' lang='grc' dir='ltr'><em>συνίασιν,</em></span> <span class='ocrx_word' id='word_1_31' title='bbox 1158 493 1301 564; x_wconf 76' lang='grc' dir='ltr'><em>ἔργῳ</em></span> <span class='ocrx_word' id='word_1_32' title='bbox 1333 490 1715 562; x_wconf 74' lang='grc' dir='ltr'><strong><em>πληρουμένης</em></strong></span> <span class='ocrx_word' id='word_1_33' title='bbox 1746 497 1854 548; x_wconf 86' lang='grc' dir='ltr'><em>εἰσ-</em></span> 
     </span>
     <span class='ocr_line' id='line_1_6' title="bbox 246 568 1919 646; baseline 0.003 -19"><span class='ocrx_word' id='word_1_34' title='bbox 246 574 324 628; x_wconf 88' lang='grc' dir='ltr'><em>έτι</em></span> <span class='ocrx_word' id='word_1_35' title='bbox 354 572 444 627; x_wconf 85' lang='grc' dir='ltr'><em>καὶ</em></span> <span class='ocrx_word' id='word_1_36' title='bbox 476 575 585 642; x_wconf 81' lang='grc' dir='ltr'><em>νῦν</em></span> <span class='ocrx_word' id='word_1_37' title='bbox 616 568 738 628; x_wconf 79' lang='grc' dir='ltr'><em>κατ’</em></span> <span class='ocrx_word' id='word_1_38' title='bbox 773 569 961 628; x_wconf 75' lang='grc' dir='ltr'><em>αὐτῶν</em></span> <span class='ocrx_word' id='word_1_39' title='bbox 989 575 1085 643; x_wconf 82' lang='grc' dir='ltr'><em>τῆς</em></span> <span class='ocrx_word' id='word_1_40' title='bbox 1119 574 1178 629; x_wconf 84' lang='grc' dir='ltr'><em>ἐν</em></span> <span class='ocrx_word' id='word_1_41' title='bbox 1208 574 1362 645; x_wconf 86' lang='grc' dir='ltr'><em>χερσὶ</em></span> <span class='ocrx_word' id='word_1_42' title='bbox 1394 580 1746 646; x_wconf 87' lang='grc' dir='ltr'><em>προφητείας.</em></span> <span class='ocrx_word' id='word_1_43' title='bbox 1898 598 1919 631; x_wconf 84' lang='lat'><strong>5</strong></span> 
     </span>
    </p>
   </div>
   <div class='ocr_carea' id='block_1_3' title="bbox 750 792 1332 871">
    <p class='ocr_par' dir='ltr' id='par_1_3' title="bbox 750 792 1332 871">
     <span class='ocr_line' id='line_1_7' title="bbox 750 792 1332 871; baseline 0 -18"><span class='ocrx_word' id='word_1_44' title='bbox 750 792 880 853; x_wconf 85' lang='grc' dir='ltr'><em>Ἀπὸ</em></span> <span class='ocrx_word' id='word_1_45' title='bbox 909 800 1007 855; x_wconf 82' lang='grc' dir='ltr'><em>τοῦ</em></span> <span class='ocrx_word' id='word_1_46' title='bbox 1039 803 1332 871; x_wconf 77' lang='grc' dir='ltr'><em>Ζαχαρίου.</em></span> 
     </span>
    </p>
   </div>
   <div class='ocr_carea' id='block_1_4' title="bbox 134 904 1920 2753">
    <p class='ocr_par' dir='ltr' id='par_1_4' title="bbox 195 904 1920 1573">
     <span class='ocr_line' id='line_1_8' title="bbox 195 904 1856 984; baseline 0.001 -18"><span class='ocrx_word' id='word_1_47' title='bbox 195 934 219 966; x_wconf 83' lang='lat' dir='ltr'>d</span> <span class='ocrx_word' id='word_1_48' title='bbox 412 919 555 968; x_wconf 87' lang='lat' dir='ltr'>XVII.</span> <span class='ocrx_word' id='word_1_49' title='bbox 606 904 818 982; x_wconf 66' lang='lat' dir='ltr'><em>“Xacpe</em></span> <span class='ocrx_word' id='word_1_50' title='bbox 849 906 1089 983; x_wconf 87' lang='grc' dir='ltr'><em>σφόδρα,</em></span> <span class='ocrx_word' id='word_1_51' title='bbox 1124 908 1371 982; x_wconf 82' lang='grc' dir='ltr'><em>θύγατερ</em></span> <span class='ocrx_word' id='word_1_52' title='bbox 1404 908 1579 980; x_wconf 74' lang='grc' dir='ltr'><em>Σιών,</em></span> <span class='ocrx_word' id='word_1_53' title='bbox 1611 907 1856 984; x_wconf 83' lang='grc' dir='ltr'><em>κήρυσσε</em></span> 
     </span>
     <span class='ocr_line' id='line_1_9' title="bbox 241 989 1920 1067; baseline -0.002 -17"><span class='ocrx_word' id='word_1_54' title='bbox 241 991 489 1067; x_wconf 81' lang='grc' dir='ltr'><em>θύγατερ</em></span> <span class='ocrx_word' id='word_1_55' title='bbox 514 989 898 1067; x_wconf 76' lang='grc' dir='ltr'><em>Ἰερουσαλὴμ,</em></span> <span class='ocrx_word' id='word_1_56' title='bbox 960 991 1084 1051; x_wconf 80' lang='grc' dir='ltr'><em>ι’δού</em></span> <span class='ocrx_word' id='word_1_57' title='bbox 1122 989 1150 1050; x_wconf 86' lang='grc' dir='ltr'>ὁ</span> <span class='ocrx_word' id='word_1_58' title='bbox 1193 991 1457 1065; x_wconf 86' lang='grc' dir='ltr'><em>βασιλεύς</em></span> <span class='ocrx_word' id='word_1_59' title='bbox 1497 1012 1600 1051; x_wconf 92' lang='grc' dir='ltr'><em>σου</em></span> <span class='ocrx_word' id='word_1_60' title='bbox 1642 999 1863 1066; x_wconf 82' lang='grc' dir='ltr'><em>ἔρχεταί</em></span> <span class='ocrx_word' id='word_1_61' title='bbox 1879 1017 1920 1048; x_wconf 88' lang='lat'><em>10</em></span> 
     </span>
     <span class='ocr_line' id='line_1_10' title="bbox 245 1076 1858 1152; baseline 0.001 -19"><span class='ocrx_word' id='word_1_62' title='bbox 245 1093 332 1133; x_wconf 91' lang='grc' dir='ltr'><em>σοι</em></span> <span class='ocrx_word' id='word_1_63' title='bbox 365 1081 575 1143; x_wconf 82' lang='grc' dir='ltr'><em>δίκαιος</em></span> <span class='ocrx_word' id='word_1_64' title='bbox 607 1079 698 1134; x_wconf 81' lang='grc' dir='ltr'><em>καὶ</em></span> <span class='ocrx_word' id='word_1_65' title='bbox 730 1077 937 1149; x_wconf 74' lang='grc' dir='ltr'><em>σώζων,</em></span> <span class='ocrx_word' id='word_1_66' title='bbox 971 1076 1137 1143; x_wconf 82' lang='grc' dir='ltr'><em>αὐτὸς</em></span> <span class='ocrx_word' id='word_1_67' title='bbox 1167 1076 1367 1152; x_wconf 75' lang='grc' dir='ltr'><em>πραῢς,</em></span> <span class='ocrx_word' id='word_1_68' title='bbox 1399 1080 1490 1134; x_wconf 80' lang='grc' dir='ltr'><em>καὶ</em></span> <span class='ocrx_word' id='word_1_69' title='bbox 1517 1077 1858 1152; x_wconf 72' lang='grc' dir='ltr'><em>ἐπιβεβηκώς</em></span> 
     </span>
     <span class='ocr_line' id='line_1_11' title="bbox 246 1159 1855 1237; baseline 0.002 -20"><span class='ocrx_word' id='word_1_70' title='bbox 246 1162 332 1217; x_wconf 82' lang='grc' dir='ltr'><em>ἐπὶ</em></span> <span class='ocrx_word' id='word_1_71' title='bbox 365 1159 665 1234; x_wconf 76' lang='grc' dir='ltr'><em>ὑποζύγιον</em></span> <span class='ocrx_word' id='word_1_72' title='bbox 695 1163 786 1218; x_wconf 78' lang='grc' dir='ltr'><em>καὶ</em></span> <span class='ocrx_word' id='word_1_73' title='bbox 818 1166 1005 1219; x_wconf 78' lang='grc' dir='ltr'><em>πῶλον</em></span> <span class='ocrx_word' id='word_1_74' title='bbox 1040 1164 1189 1220; x_wconf 84' lang='grc' dir='ltr'><em>νέον·</em></span> <span class='ocrx_word' id='word_1_75' title='bbox 1223 1164 1314 1220; x_wconf 84' lang='grc' dir='ltr'><em>καὶ</em></span> <span class='ocrx_word' id='word_1_76' title='bbox 1348 1161 1732 1235; x_wconf 81' lang='grc' dir='ltr'><em>ἐξολοθρεύσει</em></span> <span class='ocrx_word' id='word_1_77' title='bbox 1761 1159 1855 1237; x_wconf 75' lang='grc' dir='ltr'><em>ἅρ-</em></span> 
     </span>
     <span class='ocr_line' id='line_1_12' title="bbox 242 1243 1857 1321; baseline 0.001 -19"><span class='ocrx_word' id='word_1_78' title='bbox 242 1269 385 1317; x_wconf 87' lang='grc' dir='ltr'><em>ματα</em></span> <span class='ocrx_word' id='word_1_79' title='bbox 418 1248 470 1314; x_wconf 82' lang='grc' dir='ltr'><em>ἐξ</em></span> <span class='ocrx_word' id='word_1_80' title='bbox 498 1243 731 1319; x_wconf 77' lang='grc' dir='ltr'><em>Ἐφραὶμ</em></span> <span class='ocrx_word' id='word_1_81' title='bbox 770 1248 861 1303; x_wconf 83' lang='grc' dir='ltr'><em>καὶ</em></span> <span class='ocrx_word' id='word_1_82' title='bbox 903 1251 1076 1303; x_wconf 79' lang='grc' dir='ltr'><em>ἵππον</em></span> <span class='ocrx_word' id='word_1_83' title='bbox 1119 1249 1172 1314; x_wconf 79' lang='grc' dir='ltr'><em>ἐξ</em></span> <span class='ocrx_word' id='word_1_84' title='bbox 1195 1245 1581 1321; x_wconf 75' lang='grc' dir='ltr'><em>Ἰερουσαλὴμ,</em></span> <span class='ocrx_word' id='word_1_85' title='bbox 1623 1249 1715 1303; x_wconf 78' lang='grc' dir='ltr'><em>καὶ</em></span> <span class='ocrx_word' id='word_1_86' title='bbox 1747 1250 1857 1315; x_wconf 80' lang='grc' dir='ltr'><em>ἐξο-</em></span> 
     </span>
     <span class='ocr_line' id='line_1_13' title="bbox 243 1329 1856 1404; baseline 0.002 -19"><span class='ocrx_word' id='word_1_87' title='bbox 243 1329 691 1403; x_wconf 88' lang='grc' dir='ltr'><em>λοθρευθήσεται</em></span> <span class='ocrx_word' id='word_1_88' title='bbox 721 1330 880 1398; x_wconf 83' lang='grc' dir='ltr'><em>τόξον</em></span> <span class='ocrx_word' id='word_1_89' title='bbox 911 1329 1214 1403; x_wconf 85' lang='grc' dir='ltr'><em>πολεμικὸν</em></span> <span class='ocrx_word' id='word_1_90' title='bbox 1254 1333 1346 1387; x_wconf 85' lang='grc' dir='ltr'><em>καὶ</em></span> <span class='ocrx_word' id='word_1_91' title='bbox 1386 1335 1602 1403; x_wconf 83' lang='grc' dir='ltr'><em>πλῆθος</em></span> <span class='ocrx_word' id='word_1_92' title='bbox 1634 1330 1856 1404; x_wconf 80' lang='grc' dir='ltr'><em>εἰρήνης</em></span> 
     </span>
     <span class='ocr_line' id='line_1_14' title="bbox 246 1412 1920 1490; baseline -0.001 -20"><span class='ocrx_word' id='word_1_93' title='bbox 246 1417 298 1480; x_wconf 80' lang='grc' dir='ltr'><em>ἐξ</em></span> <span class='ocrx_word' id='word_1_94' title='bbox 332 1416 536 1487; x_wconf 76' lang='grc' dir='ltr'><em>ἐθνῶν,</em></span> <span class='ocrx_word' id='word_1_95' title='bbox 570 1418 660 1472; x_wconf 83' lang='grc' dir='ltr'><em>καὶ</em></span> <span class='ocrx_word' id='word_1_96' title='bbox 691 1414 946 1490; x_wconf 82' lang='grc' dir='ltr'><em>κατάρξει</em></span> <span class='ocrx_word' id='word_1_97' title='bbox 976 1412 1083 1472; x_wconf 85' lang='grc' dir='ltr'><em>άπὸ</em></span> <span class='ocrx_word' id='word_1_98' title='bbox 1107 1413 1394 1487; x_wconf 77' lang='grc' dir='ltr'><em>θαλάσσης</em></span> <span class='ocrx_word' id='word_1_99' title='bbox 1422 1418 1524 1480; x_wconf 78' lang='grc' dir='ltr'><em>ἕως</em></span> <span class='ocrx_word' id='word_1_100' title='bbox 1547 1414 1853 1489; x_wconf 79' lang='grc' dir='ltr'><em>θαλάσσης,</em></span> <span class='ocrx_word' id='word_1_101' title='bbox 1881 1437 1920 1470; x_wconf 85' lang='lat'><em>15</em></span> 
     </span>
     <span class='ocr_line' id='line_1_15' title="bbox 243 1496 1372 1573; baseline 0.001 -18"><span class='ocrx_word' id='word_1_102' title='bbox 243 1500 336 1556; x_wconf 81' lang='grc' dir='ltr'><em>καὶ</em></span> <span class='ocrx_word' id='word_1_103' title='bbox 366 1496 473 1556; x_wconf 82' lang='grc' dir='ltr'><em>ἀπὸ</em></span> <span class='ocrx_word' id='word_1_104' title='bbox 504 1502 767 1573; x_wconf 78' lang='grc' dir='ltr'><em>ποταμῶν</em></span> <span class='ocrx_word' id='word_1_105' title='bbox 798 1506 876 1566; x_wconf 81' lang='grc' dir='ltr'><em>εἰς</em></span> <span class='ocrx_word' id='word_1_106' title='bbox 909 1500 1196 1572; x_wconf 76' lang='grc' dir='ltr'><em>διεκβολὰς</em></span> <span class='ocrx_word' id='word_1_107' title='bbox 1225 1496 1372 1572; x_wconf 82' lang='grc' dir='ltr'><em>γῆς.”</em></span> 
     </span>
    </p>

    <p class='ocr_par' dir='ltr' id='par_1_5' title="bbox 134 1581 1920 2504">
     <span class='ocr_line' id='line_1_16' title="bbox 369 1581 1856 1657; baseline 0.002 -18"><span class='ocrx_word' id='word_1_108' title='bbox 369 1587 418 1641; x_wconf 73' lang='grc'><em>2.</em></span> <span class='ocrx_word' id='word_1_109' title='bbox 485 1590 670 1642; x_wconf 83' lang='grc' dir='ltr'><em>Ταῦτα</em></span> <span class='ocrx_word' id='word_1_110' title='bbox 708 1582 843 1657; x_wconf 71' lang='grc' dir='ltr'><em>μετὰ</em></span> <span class='ocrx_word' id='word_1_111' title='bbox 888 1582 989 1656; x_wconf 87' lang='grc' dir='ltr'><em>τὴν</em></span> <span class='ocrx_word' id='word_1_112' title='bbox 1040 1581 1147 1641; x_wconf 79' lang='grc' dir='ltr'><em>άπὸ</em></span> <span class='ocrx_word' id='word_1_113' title='bbox 1190 1586 1526 1656; x_wconf 70' lang='grc' dir='ltr'><em>Βαβυλῶνος</em></span> <span class='ocrx_word' id='word_1_114' title='bbox 1579 1582 1856 1642; x_wconf 73' lang='grc' dir='ltr'><em>ἐπάνοδον</em></span> 
     </span>
     <span class='ocr_line' id='line_1_17' title="bbox 243 1666 1856 1742; baseline 0.001 -18"><span class='ocrx_word' id='word_1_115' title='bbox 243 1673 343 1724; x_wconf 84' lang='grc' dir='ltr'><em>τοῦ</em></span> <span class='ocrx_word' id='word_1_116' title='bbox 374 1676 655 1742; x_wconf 88' lang='grc' dir='ltr'><em>Ζαχαρίου</em></span> <span class='ocrx_word' id='word_1_117' title='bbox 687 1675 764 1735; x_wconf 80' lang='grc' dir='ltr'><em>εἰς</em></span> <span class='ocrx_word' id='word_1_118' title='bbox 804 1694 870 1726; x_wconf 90' lang='grc' dir='ltr'><em>τα</em></span> <span class='ocrx_word' id='word_1_119' title='bbox 916 1666 1127 1726; x_wconf 86' lang='grc' dir='ltr'><em>ν’στατα</em></span> <span class='ocrx_word' id='word_1_120' title='bbox 1167 1672 1280 1726; x_wconf 73' lang='grc' dir='ltr'><em>τῶν</em></span> <span class='ocrx_word' id='word_1_121' title='bbox 1319 1671 1622 1742; x_wconf 69' lang='grc' dir='ltr'><em>προφητῶν</em></span> <span class='ocrx_word' id='word_1_122' title='bbox 1659 1674 1856 1726; x_wconf 86' lang='grc' dir='ltr'><em>θεσπί-</em></span> 
     </span>
     <span class='ocr_line' id='line_1_18' title="bbox 134 1750 1856 1828; baseline 0 -20"><span class='ocrx_word' id='word_1_123' title='bbox 134 1766 222 1808; x_wconf 85' lang='grc'>(456)</span> <span class='ocrx_word' id='word_1_124' title='bbox 247 1772 475 1824; x_wconf 89' lang='grc' dir='ltr'><em>σαντος,</em></span> <span class='ocrx_word' id='word_1_125' title='bbox 529 1752 716 1818; x_wconf 81' lang='grc' dir='ltr'><em>οὐδεὶς</em></span> <span class='ocrx_word' id='word_1_126' title='bbox 756 1777 892 1827; x_wconf 90' lang='grc' dir='ltr'><em>μετα</em></span> <span class='ocrx_word' id='word_1_127' title='bbox 930 1753 1057 1822; x_wconf 81' lang='grc' dir='ltr'><em>τούς</em></span> <span class='ocrx_word' id='word_1_128' title='bbox 1096 1759 1193 1826; x_wconf 83' lang='grc' dir='ltr'><em>τῆς</em></span> <span class='ocrx_word' id='word_1_129' title='bbox 1236 1759 1572 1828; x_wconf 85' lang='grc' dir='ltr'><em>προφητείας</em></span> <span class='ocrx_word' id='word_1_130' title='bbox 1622 1750 1856 1825; x_wconf 88' lang='grc' dir='ltr'><em>χρόνους</em></span> 
     </span>
     <span class='ocr_line' id='line_1_19' title="bbox 245 1832 1920 1912; baseline -0.002 -19"><span class='ocrx_word' id='word_1_131' title='bbox 245 1835 510 1909; x_wconf 88' lang='grc' dir='ltr'><em>βασιλευς</em></span> <span class='ocrx_word' id='word_1_132' title='bbox 541 1859 691 1912; x_wconf 90' lang='grc' dir='ltr'><em>παρα</em></span> <span class='ocrx_word' id='word_1_133' title='bbox 716 1834 1004 1904; x_wconf 80' lang='grc' dir='ltr'><em>Ἰουδαίοις</em></span> <span class='ocrx_word' id='word_1_134' title='bbox 1049 1837 1290 1911; x_wconf 77' lang='grc' dir='ltr'><em>γεγονώς</em></span> <span class='ocrx_word' id='word_1_135' title='bbox 1327 1842 1639 1909; x_wconf 87' lang='grc' dir='ltr'><em>ιστορεῖται,</em></span> <span class='ocrx_word' id='word_1_136' title='bbox 1671 1832 1791 1892; x_wconf 78' lang='grc' dir='ltr'><em>οἷον</em></span> <span class='ocrx_word' id='word_1_137' title='bbox 1821 1834 1856 1908; x_wconf 84' lang='grc' dir='ltr'><strong><em>ἡ</em></strong></span> <span class='ocrx_word' id='word_1_138' title='bbox 1879 1858 1920 1890; x_wconf 85' lang='lat'><em>20</em></span> 
     </span>
     <span class='ocr_line' id='line_1_20' title="bbox 245 1917 1857 1996; baseline 0 -18"><span class='ocrx_word' id='word_1_139' title='bbox 245 1929 555 1995; x_wconf 87' lang='grc' dir='ltr'><em>προφητεία</em></span> <span class='ocrx_word' id='word_1_140' title='bbox 586 1928 936 1996; x_wconf 77' lang='grc' dir='ltr'><em>παρίστησιν,</em></span> <span class='ocrx_word' id='word_1_141' title='bbox 970 1928 1022 1979; x_wconf 81' lang='grc' dir='ltr'><em>εἰ</em></span> <span class='ocrx_word' id='word_1_142' title='bbox 1047 1921 1121 1994; x_wconf 84' lang='grc' dir='ltr'><em>μὴ</em></span> <span class='ocrx_word' id='word_1_143' title='bbox 1151 1920 1317 1993; x_wconf 85' lang='grc' dir='ltr'><em>μόνος</em></span> <span class='ocrx_word' id='word_1_144' title='bbox 1358 1917 1386 1977; x_wconf 85' lang='grc' dir='ltr'><strong><em>ὁ</em></strong></span> <span class='ocrx_word' id='word_1_145' title='bbox 1412 1919 1594 1994; x_wconf 86' lang='grc' dir='ltr'><em>σωτὴρ</em></span> <span class='ocrx_word' id='word_1_146' title='bbox 1625 1921 1717 1976; x_wconf 76' lang='grc' dir='ltr'><em>καὶ</em></span> <span class='ocrx_word' id='word_1_147' title='bbox 1762 1919 1857 1978; x_wconf 84' lang='grc' dir='ltr'><em>κύ-</em></span> 
     </span>
     <span class='ocr_line' id='line_1_21' title="bbox 245 2002 1855 2080; baseline 0 -18"><span class='ocrx_word' id='word_1_148' title='bbox 245 2029 361 2080; x_wconf 88' lang='grc' dir='ltr'><em>ριος</em></span> <span class='ocrx_word' id='word_1_149' title='bbox 391 2002 550 2078; x_wconf 79' lang='grc' dir='ltr'><em>ἡμῶν</em></span> <span class='ocrx_word' id='word_1_150' title='bbox 571 2005 779 2078; x_wconf 79' lang='grc' dir='ltr'><em>Ἰησοῦς</em></span> <span class='ocrx_word' id='word_1_151' title='bbox 809 2005 838 2062; x_wconf 85' lang='grc' dir='ltr'>ὁ</span> <span class='ocrx_word' id='word_1_152' title='bbox 870 2003 1104 2079; x_wconf 78' lang='grc' dir='ltr'><em>Χριστὸς</em></span> <span class='ocrx_word' id='word_1_153' title='bbox 1144 2008 1242 2061; x_wconf 84' lang='grc' dir='ltr'><em>τοῦ</em></span> <span class='ocrx_word' id='word_1_154' title='bbox 1273 2007 1440 2077; x_wconf 81' lang='grc' dir='ltr'><em>θεοῦ,</em></span> <span class='ocrx_word' id='word_1_155' title='bbox 1482 2002 1614 2062; x_wconf 85' lang='grc' dir='ltr'><em>καθ’</em></span> <span class='ocrx_word' id='word_1_156' title='bbox 1657 2002 1724 2061; x_wconf 79' lang='grc' dir='ltr'><em>ὃν</em></span> <span class='ocrx_word' id='word_1_157' title='bbox 1763 2006 1855 2062; x_wconf 84' lang='grc' dir='ltr'><em>καὶ</em></span> 
     </span>
     <span class='ocr_line' id='line_1_22' title="bbox 246 2085 1860 2162; baseline 0.001 -17"><span class='ocrx_word' id='word_1_158' title='bbox 246 2085 385 2161; x_wconf 75' lang='grc' dir='ltr'><em>αὕτη</em></span> <span class='ocrx_word' id='word_1_159' title='bbox 415 2091 605 2155; x_wconf 83' lang='grc' dir='ltr'><em>τέλους</em></span> <span class='ocrx_word' id='word_1_160' title='bbox 637 2089 934 2162; x_wconf 82' lang='grc' dir='ltr'><em>ἐτύγχανεν</em></span> <span class='ocrx_word' id='word_1_161' title='bbox 965 2085 998 2161; x_wconf 81' lang='grc' dir='ltr'>ἡ</span> <span class='ocrx_word' id='word_1_162' title='bbox 1029 2088 1358 2161; x_wconf 87' lang='grc' dir='ltr'><em>πρόρρησις,</em></span> <span class='ocrx_word' id='word_1_163' title='bbox 1388 2087 1478 2146; x_wconf 80' lang='grc' dir='ltr'><em>ὅτε</em></span> <span class='ocrx_word' id='word_1_164' title='bbox 1508 2103 1622 2156; x_wconf 80' lang='grc' dir='ltr'><em>τοῖς</em></span> <span class='ocrx_word' id='word_1_165' title='bbox 1655 2091 1860 2146; x_wconf 81' lang='grc' dir='ltr'><em>ἑαυτοῦ</em></span> 
     </span>
     <span class='ocr_line' id='line_1_23' title="bbox 244 2169 1857 2248; baseline 0.001 -19"><span class='ocrx_word' id='word_1_166' title='bbox 244 2183 521 2246; x_wconf 82' lang='grc' dir='ltr'><em>μαθηταῖς</em></span> <span class='ocrx_word' id='word_1_167' title='bbox 567 2171 702 2248; x_wconf 81' lang='grc' dir='ltr'><em>πρὸς</em></span> <span class='ocrx_word' id='word_1_168' title='bbox 743 2175 890 2242; x_wconf 81' lang='grc' dir='ltr'><em>λέξιν</em></span> <span class='ocrx_word' id='word_1_169' title='bbox 941 2169 1568 2244; x_wconf 66' lang='grc' dir='ltr'><em>εἰπών»“πορευθέντες</em></span> <span class='ocrx_word' id='word_1_170' title='bbox 1623 2179 1700 2240; x_wconf 85' lang='grc' dir='ltr'><em>εἰς</em></span> <span class='ocrx_word' id='word_1_171' title='bbox 1753 2172 1857 2245; x_wconf 82' lang='grc' dir='ltr'><em>τὴν</em></span> 
     </span>
     <span class='ocr_line' id='line_1_24' title="bbox 245 2254 1918 2332; baseline 0 -20"><span class='ocrx_word' id='word_1_172' title='bbox 245 2254 513 2315; x_wconf 82' lang='grc' dir='ltr'><em>ἀπέναντι</em></span> <span class='ocrx_word' id='word_1_173' title='bbox 544 2256 735 2331; x_wconf 74' lang='grc' dir='ltr'><em>κώμην</em></span> <span class='ocrx_word' id='word_1_174' title='bbox 760 2255 1024 2332; x_wconf 79' lang='grc' dir='ltr'><em>εὑρήσετε</em></span> <span class='ocrx_word' id='word_1_175' title='bbox 1046 2255 1178 2316; x_wconf 80' lang='grc' dir='ltr'><em>ὄνον</em></span> <span class='ocrx_word' id='word_1_176' title='bbox 1200 2259 1291 2314; x_wconf 79' lang='grc' dir='ltr'><em>καὶ</em></span> <span class='ocrx_word' id='word_1_177' title='bbox 1316 2260 1503 2314; x_wconf 79' lang='grc' dir='ltr'><em>πῶλον</em></span> <span class='ocrx_word' id='word_1_178' title='bbox 1529 2259 1852 2330; x_wconf 88' lang='grc' dir='ltr'><em>δεδεμένον·</em></span> <span class='ocrx_word' id='word_1_179' title='bbox 1876 2278 1918 2312; x_wconf 84' lang='lat'><em>25</em></span> 
     </span>
     <span class='ocr_line' id='line_1_25' title="bbox 245 2339 1854 2415; baseline -0.001 -17"><span class='ocrx_word' id='word_1_180' title='bbox 245 2339 513 2408; x_wconf 84' lang='grc' dir='ltr'><em>λύσαντες</em></span> <span class='ocrx_word' id='word_1_181' title='bbox 543 2339 714 2400; x_wconf 82' lang='grc' dir='ltr'><em>αὐτὸν</em></span> <span class='ocrx_word' id='word_1_182' title='bbox 743 2339 1021 2415; x_wconf 87' lang='grc' dir='ltr'><em>άγάγετε.”</em></span> <span class='ocrx_word' id='word_1_183' title='bbox 1083 2347 1131 2399; x_wconf 83' lang='lat'><em>3.</em></span> <span class='ocrx_word' id='word_1_184' title='bbox 1164 2343 1256 2398; x_wconf 85' lang='grc' dir='ltr'><em>καὶ</em></span> <span class='ocrx_word' id='word_1_185' title='bbox 1288 2340 1385 2399; x_wconf 86' lang='grc' dir='ltr'><em>ἐάν</em></span> <span class='ocrx_word' id='word_1_186' title='bbox 1416 2366 1496 2408; x_wconf 88' lang='grc' dir='ltr'><em>τις</em></span> <span class='ocrx_word' id='word_1_187' title='bbox 1526 2340 1662 2414; x_wconf 80' lang='grc' dir='ltr'><em>ὑμῖν</em></span> <span class='ocrx_word' id='word_1_188' title='bbox 1703 2350 1854 2414; x_wconf 80' lang='grc' dir='ltr'><em>εἴπῃ,</em></span> 
     </span>
     <span class='ocr_line' id='line_1_26' title="bbox 245 2424 1856 2504; baseline 0 -22"><span class='ocrx_word' id='word_1_189' title='bbox 245 2432 306 2482; x_wconf 86' lang='grc' dir='ltr'><em>τί</em></span> <span class='ocrx_word' id='word_1_190' title='bbox 343 2441 580 2497; x_wconf 80' lang='grc' dir='ltr'><em>ποιεῖτε;</em></span> <span class='ocrx_word' id='word_1_191' title='bbox 647 2437 836 2485; x_wconf 81' lang='grc' dir='ltr'><em>εἴπατε</em></span> <span class='ocrx_word' id='word_1_192' title='bbox 884 2425 1060 2504; x_wconf 77' lang='grc' dir='ltr'><em>αὐτῷ,</em></span> <span class='ocrx_word' id='word_1_193' title='bbox 1113 2425 1141 2483; x_wconf 86' lang='grc' dir='ltr'>ὁ</span> <span class='ocrx_word' id='word_1_194' title='bbox 1187 2424 1374 2498; x_wconf 84' lang='grc' dir='ltr'><em>κύριος</em></span> <span class='ocrx_word' id='word_1_195' title='bbox 1425 2424 1612 2483; x_wconf 74' lang='grc' dir='ltr'><em>αὐτῶν</em></span> <span class='ocrx_word' id='word_1_196' title='bbox 1664 2431 1856 2501; x_wconf 88' lang='grc' dir='ltr'><em>χρείαν</em></span> 
     </span>
    </p>

    <p class='ocr_par' dir='ltr' id='par_1_6' title="bbox 202 2507 1857 2583">
     <span class='ocr_line' id='line_1_27' title="bbox 202 2507 1857 2583; baseline 0 -17"><span class='ocrx_word' id='word_1_197' title='bbox 202 2526 224 2559; x_wconf 85' lang='lat' dir='ltr'>b</span> <span class='ocrx_word' id='word_1_198' title='bbox 249 2515 372 2583; x_wconf 84' lang='grc' dir='ltr'><em>ἔχει.</em></span> <span class='ocrx_word' id='word_1_199' title='bbox 435 2513 526 2568; x_wconf 86' lang='grc' dir='ltr'><em>καὶ</em></span> <span class='ocrx_word' id='word_1_200' title='bbox 556 2508 896 2579; x_wconf 77' lang='grc' dir='ltr'><em>ἀπελθόντες</em></span> <span class='ocrx_word' id='word_1_201' title='bbox 929 2516 1127 2570; x_wconf 81' lang='grc' dir='ltr'><em>ἐκεῖνοι</em></span> <span class='ocrx_word' id='word_1_202' title='bbox 1160 2514 1427 2583; x_wconf 83' lang='grc' dir='ltr'><em>ἐποίησαν</em></span> <span class='ocrx_word' id='word_1_203' title='bbox 1457 2507 1590 2568; x_wconf 85' lang='grc' dir='ltr'><em>καθ’</em></span> <span class='ocrx_word' id='word_1_204' title='bbox 1625 2507 1660 2566; x_wconf 78' lang='grc' dir='ltr'><em>ἃ</em></span> <span class='ocrx_word' id='word_1_205' title='bbox 1683 2527 1857 2583; x_wconf 89' lang='grc' dir='ltr'><em>προσ-</em></span> 
     </span>
    </p>

    <p class='ocr_par' dir='ltr' id='par_1_7' title="bbox 138 2587 1918 2753">
     <span class='ocr_line' id='line_1_28' title="bbox 255 2587 1909 2670; baseline 0.001 -19"><span class='ocrx_word' id='word_1_206' title='bbox 255 2596 444 2662; x_wconf 80' lang='grc' dir='ltr'><em>έταξεν</em></span> <span class='ocrx_word' id='word_1_207' title='bbox 475 2593 709 2663; x_wconf 81' lang='grc' dir='ltr'><em>αὐτοῖς.”</em></span> <span class='ocrx_word' id='word_1_208' title='bbox 774 2594 840 2653; x_wconf 74' lang='grc' dir='ltr'><em>τά</em></span> <span class='ocrx_word' id='word_1_209' title='bbox 873 2597 975 2670; x_wconf 76' lang='grc' dir='ltr'><em>μὲν</em></span> <span class='ocrx_word' id='word_1_210' title='bbox 1003 2587 1106 2654; x_wconf 73' lang='grc' dir='ltr'><em>οὖν</em></span> <span class='ocrx_word' id='word_1_211' title='bbox 1134 2598 1230 2668; x_wconf 84' lang='grc' dir='ltr'><em>τῆς</em></span> <span class='ocrx_word' id='word_1_212' title='bbox 1268 2594 1623 2668; x_wconf 88' lang='grc' dir='ltr'><em>προρρήσεως</em></span> <span class='ocrx_word' id='word_1_213' title='bbox 1667 2595 1759 2651; x_wconf 81' lang='grc' dir='ltr'><em>καὶ</em></span> <span class='ocrx_word' id='word_1_214' title='bbox 1790 2592 1856 2650; x_wconf 76' lang='grc' dir='ltr'><em>τὰ</em></span> <span class='ocrx_word' id='word_1_215' title='bbox 1906 2652 1909 2653; x_wconf 15' lang='lat'><em>⁷</em></span> 
     </span>
     <span class='ocr_line' id='line_1_29' title="bbox 138 2677 1918 2753; baseline -0.001 -21"><span class='ocrx_word' id='word_1_216' title='bbox 138 2681 348 2742; x_wconf 67' lang='lat'><em>[2841‘15015</em></span> <span class='ocrx_word' id='word_1_217' title='bbox 384 2680 843 2753; x_wconf 86' lang='grc' dir='ltr'><em>συμπεράσματος</em></span> <span class='ocrx_word' id='word_1_218' title='bbox 881 2683 1079 2738; x_wconf 79' lang='grc' dir='ltr'><em>τοῦτον</em></span> <span class='ocrx_word' id='word_1_219' title='bbox 1129 2686 1239 2753; x_wconf 81' lang='grc' dir='ltr'><em>ἔχει</em></span> <span class='ocrx_word' id='word_1_220' title='bbox 1278 2677 1375 2736; x_wconf 86' lang='grc' dir='ltr'><em>τὸν</em></span> <span class='ocrx_word' id='word_1_221' title='bbox 1418 2677 1637 2752; x_wconf 90' lang='grc' dir='ltr'><em>τρόπον.</em></span> <span class='ocrx_word' id='word_1_222' title='bbox 1705 2682 1755 2736; x_wconf 88' lang='grc'><em>4.</em></span> <span class='ocrx_word' id='word_1_223' title='bbox 1803 2682 1918 2734; x_wconf 81' lang='grc' dir='ltr'><em>τί3ο</em></span> 
     </span>
    </p>
   </div>
   <div class='ocr_carea' id='block_1_5' title="bbox 249 2802 585 2810">
    <p class='ocr_par' dir='ltr' id='par_1_8' title="bbox 249 2802 585 2810">
     <span class='ocr_line' id='line_1_30' title="bbox 249 2802 585 2810; baseline 0 376"><span class='ocrx_word' id='word_1_224' title='bbox 249 2802 585 2810; x_wconf 95' lang='lat' dir='ltr'><em> </em></span> 
     </span>
    </p>
   </div>
   <div class='ocr_carea' id='block_1_6' title="bbox 364 2872 1282 2925">
    <p class='ocr_par' dir='ltr' id='par_1_9' title="bbox 364 2872 1282 2925">
     <span class='ocr_line' id='line_1_31' title="bbox 364 2872 1282 2925; baseline 0.003 -13"><span class='ocrx_word' id='word_1_225' title='bbox 364 2873 389 2912; x_wconf 87' lang='grc'>9</span> <span class='ocrx_word' id='word_1_226' title='bbox 419 2872 558 2916; x_wconf 85' lang='lat' dir='ltr'>Zach.</span> <span class='ocrx_word' id='word_1_227' title='bbox 590 2875 633 2925; x_wconf 87' lang='lat'><em>9,</em></span> <span class='ocrx_word' id='word_1_228' title='bbox 655 2875 695 2913; x_wconf 84' lang='lat'><em>9.</em></span> <span class='ocrx_word' id='word_1_229' title='bbox 868 2876 922 2914; x_wconf 84' lang='lat'><em>24</em></span> <span class='ocrx_word' id='word_1_230' title='bbox 951 2873 1116 2914; x_wconf 81' lang='lat' dir='ltr'><strong>Matth.</strong></span> <span class='ocrx_word' id='word_1_231' title='bbox 1150 2874 1218 2924; x_wconf 79' lang='lat'><em>21,</em></span> <span class='ocrx_word' id='word_1_232' title='bbox 1242 2874 1282 2915; x_wconf 77' lang='lat'><em>2.</em></span> 
     </span>
    </p>
   </div>
  </div>
 </body>
</html>
