1992 3186
586 127 894 172 DEMONST.
923 126 1145 173 EVANG.
1173 127 1254 169 IX.
1288 129 1325 168 1.
1662 125 1767 179 565

158 248 252 318 τῆς
301 242 686 319 μητροπόλεως
738 241 925 300 αὐτῶν
973 241 1340 301 πεπονθότων
1389 240 1553 300 ὁποῖα
1602 241 1767 301 οὐδε-

159 328 411 402 πώποτε,
443 326 511 386 οὐ
540 330 768 402 μακρῶν
802 332 923 386 δεῖν
952 327 1103 401 οἶμαι
1134 327 1328 400 λόγων.

290 418 370 471 11.
411 411 575 471 Ἀλλὰ
605 412 671 469 τὰ
699 436 803 486 μεν
844 414 938 486 τῆς
946 419 1298 513 συμφωνίας
1337 415 1433 485 τῆς
1462 434 1522 468 τε
1551 434 1763 486 προφη-

158 500 311 570 τικῆς
352 495 708 571 προρρήσεως
757 497 848 553 καὶ
899 499 994 568 τῆς
1049 492 1406 569 εὖαγγελικῆς
1448 495 1770 571 συμπεραν-

116 605 136 639 5
160 600 299 648 σεως
332 573 444 639 ῶδέ
470 603 586 647 πως
618 583 781 655 ἐχέτω
811 582 1030 647 τέλους·
1071 585 1131 637 τί
1157 577 1211 636 δ’
1253 582 1323 654 ἠν
1361 578 1421 638 τὸ
1454 590 1630 638 αἴτιον
1672 585 1769 654 τῆς

159 664 507 739 ἐπιλαμψεως
552 668 654 722 τοῦ
702 666 972 738 φανέντος
1025 662 1252 738 ἀστέρος
1299 670 1555 723 συνιδεῖν
1596 663 1765 734 αξιον.

160 756 237 817 εἰς
269 748 468 824 σημεῖα
490 767 664 823 φησιν
694 747 723 806 6
748 751 962 821 Μωσῆς
994 749 1088 805 καὶ
1125 754 1202 814 εἰς
1226 746 1450 822 καιροὺς
1473 759 1769 808 τεθεῖσθαι

158 833 288 901 τοὺς
319 833 530 901 πάντας
563 837 622 891 ἐν
663 836 740 910 τῶ
782 831 1118 907 στερεῶματι
1148 830 1256 890 ὑπὸ
1298 836 1398 891 τοῦ
1436 840 1576 891 θεοῦ
1607 831 1770 892 οἰστέ-

159 935 283 992 ρας·
317 920 470 987 ξένος
502 918 562 975 δὲ
592 910 663 991 ἦν
692 918 785 974 καὶ
817 914 884 973 οὐ
916 915 1196 992 συνήθης,
1238 914 1374 974 οὐδὲ
1402 921 1515 974 τῶν
1547 922 1796 976 πολλῶν

95 1028 136 1060 10
160 1004 252 1060 καὶ
283 1008 581 1078 γνωρίμων
621 997 729 1072 εἷς,
772 999 912 1057 ἄλλα
950 1025 1030 1068 τις
1071 999 1258 1069 καινὸς
1297 1004 1390 1058 καὶ
1430 1004 1552 1069 νέος
1593 1001 1767 1077 ἀστὴρ
1793 1026 1816 1059 d

161 1089 448 1159 ἐπιφανεὶς
487 1089 563 1143 τῶ
614 1092 720 1161 βίω
762 1098 992 1158 σημεῖον
1031 1089 1192 1155 ξένου
1233 1090 1524 1189 φωστῆρος
1567 1086 1768 1160 ἐδήλου

157 1170 614 1245 καταλαμψαντος
647 1174 722 1226 τῶ
764 1172 931 1227 παντὶ
970 1170 1188 1248 κόσμω,
1240 1167 1300 1237 ὀς
1342 1163 1412 1243 ἦν
1462 1169 1490 1227 6
1533 1170 1768 1245 Χριστὸς

158 1258 258 1312 τοῦ
307 1258 482 1326 θεοῦ,
535 1257 705 1328 μέγας
751 1256 844 1311 καὶ
897 1256 1020 1321 νέος
1063 1253 1266 1329 ἀστὴρ,
1320 1279 1386 1312 ου
1431 1252 1532 1327 τὴν
1583 1254 1769 1313 εἰκόνα

160 1343 509 1412 συμβολικῶς
560 1335 589 1396 6
641 1341 838 1412 φανεὶς
890 1337 1010 1396 τότε
1052 1352 1166 1405 τοῖς
1214 1363 1408 1412 μαγοις
1454 1342 1766 1414 ἐπεφέρετο.

99 1447 140 1479 15
165 1428 246 1480 12
282 1422 475 1496 ἐπειδὴ
506 1447 612 1497 γαρ
636 1419 771 1480 καθ’
805 1421 934 1496 ὅλης
963 1426 1060 1496 τῆς
1093 1427 1242 1496 ίερᾶς
1266 1425 1358 1480 καὶ
1382 1423 1769 1484 θεοπνεύστου

160 1510 376 1581 γραφῆς
407 1505 434 1564 6
467 1505 881 1582 προηγούμενος
921 1513 1016 1580 τῆς
1058 1513 1308 1575 διανοίας
1339 1507 1542 1574 σκοπὸς
1572 1529 1771 1581 μυστι-

159 1589 373 1665 κῶτερα
413 1594 505 1648 καὶ
543 1602 677 1649 θεῖ-α
728 1590 987 1664 βούλεται
1035 1590 1324 1649 παιδεύειν
1367 1615 1502 1665 μετα
1541 1616 1640 1649 του
1679 1595 1770 1649 καὶ

159 1675 262 1748 τὴν
291 1674 586 1749 πρόχειρον
619 1673 872 1733 διάνοιαν
901 1674 1175 1745 σώζεσθαι
1208 1678 1268 1733 ἐν
1297 1678 1450 1751 μέρει
1479 1679 1592 1733 τῶν
1624 1682 1771 1734 ἱστο-

161 1763 327 1833 ρικῶς
379 1761 816 1834 πεπραγμένων,
881 1758 1103 1826 εἰκότως
1165 1762 1256 1817 καὶ
1308 1756 1341 1833 ἡ
1398 1758 1533 1834 μετὰ
1584 1773 1770 1836 χεῖρας

97 1867 139 1900 20
163 1842 465 1918 πρόρρησις
497 1847 800 1917 ἐπληρουτο
832 1844 966 1918 πρὸς
998 1846 1145 1912 λέξιν
1181 1846 1268 1901 ἐπὶ
1298 1847 1366 1919 τῇ
1393 1848 1491 1902 τοῦ
1523 1869 1771 1931 προανα-

160 1929 524 2000 φωνηθέντος
575 1925 800 2003 αστέρος
854 1931 944 1985 ἐπὶ
994 1931 1064 2000 τῆ
1107 1931 1321 2001 γενέσει
1371 1932 1474 1986 τοῦ
1525 1934 1769 2038 σωτῆρος

160 2008 319 2084 ἡμῶν
370 2019 694 2088 προφητεία.
782 2017 862 2069 13.
917 2018 1202 2111 γίγνονται
1241 2038 1343 2086 μεν
1386 2006 1489 2071 οὖν
1530 2016 1619 2070 καὶ
1671 2011 1761 2086 ἐφ’
1788 2041 1879 2082 (420)

162 2098 364 2170 ετέρων
408 2095 679 2165 ἐπιδόξων
718 2099 812 2153 καὶ
857 2100 1147 2170 ἐπιφανῶν
1179 2096 1406 2172 ἀνδρῶν
1447 2096 1769 2167 ξενιζόντων

161 2178 411 2253 αστέρων
444 2179 765 2254 ἐκλάμψεις,
798 2177 918 2239 οἷον
948 2187 1060 2239 τῶν
1090 2184 1450 2256 καλουμένων
1480 2205 1629 2257 παρα
1660 2202 1768 2240 τισι

97 2288 138 2321 25
162 2266 446 2337 κομητῶν,
477 2289 511 2337 η
543 2270 813 2336 δοκίδων,
847 2260 881 2337 ἢ
912 2270 1253 2339 πωγωνιῶν,
1294 2265 1329 2340 ἥ
1360 2290 1530 2324 τινων
1563 2269 1766 2341 ετέρων

160 2347 374 2415 τούτοις
424 2356 830 2422 παραπλησίων
889 2352 977 2407 ἐπὶ
1037 2349 1294 2424 μεγαλοις
1344 2369 1662 2425 πραγμασιν
1714 2354 1765 2418 ἐξ

163 2436 332 2498 ἔθους
363 2429 842 2506 ἀναφαινομένων.
918 2437 997 2490 14.
1031 2430 1170 2490 αλλὰ
1210 2440 1268 2490 τί
1303 2458 1408 2508 γαρ
1451 2448 1703 2535 κρεῖττον
1734 2430 1766 2506 ἦ

162 2521 348 2586 μεῖζον
381 2519 456 2571 τῶ
483 2518 648 2572 παντὶ
681 2515 867 2593 κόσμω
893 2515 1093 2588 γένοιτ’
1131 2542 1201 2573 αν
1231 2539 1363 2574 ποτε
1393 2542 1427 2589 η
1458 2516 1516 2574 τὸ
1551 2516 1642 2574 διὰ
1671 2520 1767 2589 τῆς

163 2604 439 2671 σωτηρίου
454 2601 777 2671 ἐπιφανείας
790 2606 961 2657 πᾶσιν
973 2598 1224 2674 ὑπαρξαν
1237 2599 1558 2684 ἆνθρῶπζοις
1572 2601 1767 2675 νοερὸν

98 2705 139 2738 30
168 2685 314 2754 φῶς,
349 2678 632 2754 ευσεβείας
663 2685 755 2740 καὶ
786 2691 1132 2755 θεογνωσίας
1174 2681 1420 2757 αληθοῦς
1459 2684 1767 2759 καταληψιν
1791 2715 1812 2747 b

163 2774 407 2837 λογικαῐς
449 2780 651 2839 ψυχαις
694 2766 1081 2841 κομιζόμενον;
1125 2792 1192 2824 ου
1238 2767 1306 2841 δὴ
1348 2794 1510 2844 χαριν
1539 2768 1598 2827 τὸ
1629 2772 1767 2843 μέγα

163 2863 392 2923 σημεῖον
422 2846 450 2906 6
483 2853 788 2926 προφανεὶς
820 2851 1020 2925 ἐδήλου
1061 2849 1265 2927 αστὴρ,
1308 2856 1484 2927 μέγαν
1514 2856 1606 2911 καὶ
1635 2858 1766 2912 νέον
