1992 3186
601 96 908 139 DEMONST.
941 96 1164 140 EVANG.
1196 97 1276 142 IX.
1309 99 1346 141 1.
1655 95 1759 148 567

154 237 252 283 σας
291 212 559 289 ἀοράτους
600 215 692 270 καὶ
732 212 1018 287 μοχθηρὰς
1062 211 1324 286 δυνάμεις
1366 220 1622 285 καθεῖλε,
1668 215 1760 270 καὶ

152 300 218 358 τὰ
248 297 592 373 πνευματικὰ
622 300 716 371 τῆς
759 305 1055 372 πονηρίας,
1100 295 1161 355 τό
1199 321 1258 355 τε
1299 310 1491 371 στῖφος
1532 296 1591 354 τὸ
1638 302 1761 354 δαι-

151 383 409 458 μονικὸν,
461 380 736 482 ἀρχηγους
767 381 953 455 Μωάβ
994 383 1086 439 καὶ
1118 380 1250 455 Σὴθ
1301 384 1393 440 καὶ
1438 378 1616 456 Ἐδώμ
1667 384 1761 439 καὶ

148 466 323 527 Ἠσαῦ
375 466 781 543 τροπικώτερον
836 470 895 524 ἐν
939 480 1053 534 τοῖς
1102 465 1237 539 μετὰ
1288 480 1474 540 χεῖρας
1538 490 1756 540 ωνομα-
1782 491 1873 531 (41)

109 575 130 609 5
154 555 341 626 σμένα.
407 557 486 609 19
520 549 750 625 ἀσαφῶς
781 551 843 608 δε
883 557 1140 623 κείμενον
1181 552 1330 625 παρὰ
1367 565 1482 618 τοῖς
1524 549 1759 624 ἑβδομή-

151 661 319 696 κοντα
349 636 408 695 τὸ
433 633 463 656 “
486 639 647 705 δείξω
679 632 858 713 αὐτῷ,
893 636 987 692 καὶ
1018 633 1146 708 οὐχὶ
1176 640 1311 708 νῦν,
1356 642 1636 709 μακαρίζω
1667 637 1760 693 καὶ

151 719 256 779 οὐκ
298 717 567 794 ἐγγίζει,”
613 723 955 794 σαφέστερον
997 718 1026 776 ὃ
1066 720 1169 792 μὲν
1215 717 1450 787 Ἀκύλας
1492 723 1759 788 ἐξέδωκεν

143 804 400 878 “ὅψομαι
430 803 625 877 αὐτὸν,
658 807 749 861 καὶ
780 802 847 861 οὐ
878 807 1013 875 νῦν,
1055 807 1354 878 προσκοπῶ
1395 801 1595 877 αὐτὸν,
1629 801 1755 861 ἀλλ’

151 887 254 947 οὐκ
286 888 511 963 ε’γγύς’”
548 885 575 946 ὁ
603 889 663 946 δὲ
687 886 989 961 Σύμμαχος
1014 887 1371 963 λευκότερον,
1404 888 1584 964 φήσας
1607 887 1759 963 “ὁρώ’

87 996 127 1041 10
153 973 354 1047 αὐτὸν,
406 970 530 1030 ἀλλ’
563 970 667 1030 οὐκ
699 970 915 1045 ἐγγύς.”
994 977 1079 1030 20.
1134 974 1344 1045 λέγοιτο
1389 970 1442 1030 δ’
1487 971 1557 1031 ἂν
1587 976 1760 1031 ταῦτα

150 1055 259 1116 ὑπὸ
310 1061 408 1116 τοῦ
448 1055 678 1131 Βαλοωὶμ
734 1053 807 1124 ὡς
846 1070 1078 1132 μακροῖς
1130 1054 1368 1132 ὕστερον
1412 1055 1531 1131 μετ’
1589 1056 1760 1116 αὐτὸν

151 1141 369 1217 χρόνοις
432 1141 753 1215 μελλόντων
808 1140 1339 1215 έπιτελεσθήσεσθαι
1393 1145 1504 1200 τῶν
1558 1147 1757 1214 δηλου-

150 1229 360 1300 μένων·
392 1224 527 1301 μετὰ
557 1232 698 1300 γοῦν
731 1226 1101 1300 δισχιλιοστὸν
1133 1233 1250 1294 ἔτος
1280 1229 1375 1299 τῆς
1399 1224 1757 1301 προρρήσεως

152 1315 458 1386 ἐπληροῦτο
488 1315 660 1369 ταῦτα
691 1313 780 1369 ἐπὶ
810 1313 906 1383 τῆς
935 1314 1036 1369 τοῦ
1065 1314 1311 1385 σωτῆρος
1355 1310 1513 1386 ἡμῶν
1546 1317 1623 1379 εἰς
1655 1309 1758 1368 ὄιν-

87 1415 128 1448 15
150 1394 415 1470 θρώπους
447 1399 753 1469 ἐπιδημίας.

692 1616 822 1677 Ἀπὸ
851 1623 949 1676 τοῦ
973 1615 1217 1676 Ἡσαΐου.

276 1728 562 1790 II.‘’1‹50v
602 1730 789 1806 κύριος
831 1729 1071 1805 καθηται
1114 1734 1203 1788 ἐπὶ
1244 1732 1481 1805 νεφέλης
1523 1729 1757 1804 κούφης,

150 1819 242 1874 καὶ
272 1814 389 1890 ἥξει
442 1822 519 1883 εἰς
551 1824 871 1888 Αἴγυπτον,
925 1819 1016 1873 καὶ
1064 1813 1419 1888 σεισθήσεται
1470 1813 1536 1873 τὰ
1583 1840 1757 1890 χειρο-

150 1908 347 1975 ποίητα
382 1898 671 1972 Αἰγύπτου
701 1898 808 1957 ἀπὸ
841 1899 1142 1975 προσώπου
1185 1897 1384 1973 αὐτοῦ,
1430 1902 1520 1957 καὶ
1552 1899 1585 1972 ἡ
1627 1924 1757 1975 καρ-

87 2003 128 2036 20
155 1991 248 2043 δία
288 1983 473 2043 αυτῶν
507 1983 880 2058 ἡττηθήσεται
913 1988 972 2042 ἐν
1004 1984 1208 2051 αυτοῖς.

287 2067 360 2127 Τὰ
390 2066 444 2126 δ’
479 2077 657 2127 αἴτιον
685 2073 784 2128 τοῦ
815 2069 911 2127 τὸν
951 2070 1146 2144 κύριον
1176 2067 1327 2143 ἥξειν
1360 2074 1436 2136 είς
1468 2078 1759 2141 Αἴγυπτον

150 2160 516 2222 θεσπίζεσθαι
547 2153 674 2211 τόδε
703 2178 795 2227 μοι
828 2153 970 2211 εἶναι
1014 2159 1184 2212 δοκεῖ.
1232 2157 1454 2227 πρῶτοι
1485 2177 1587 2226 μεν
1618 2151 1756 2211 ποῖν-

149 2262 261 2296 των
291 2236 588 2310 Αἰγύπτιοι
617 2244 711 2311 τῆς
743 2241 1026 2311 πολυθέου
1068 2240 1158 2295 καὶ
1191 2244 1512 2311 δαιμονικῆς
1543 2236 1754 2310 πλανης
1778 2261 1802 2294 d

150 2319 504 2396 ἀπαρξασθαι
548 2325 829 2395 λέγονται,
881 2325 972 2380 καὶ
1024 2336 1138 2389 τοῖς
1190 2330 1401 2390 λοιποῖς
1445 2343 1615 2379 πασιν
1654 2346 1757 2377 αν-

85 2419 128 2453 25
150 2405 398 2479 θρώποις
431 2415 596 2464 αἴτιοι
627 2410 964 2479 καταστῆναι
998 2412 1459 2479 δεισιδαιμονίας,
1492 2402 1630 2462 ἀλλὰ
1662 2406 1754 2461 καὶ

104 2507 111 2511 ·
153 2489 380 2547 πάντων
418 2493 627 2562 μᾶλλον
669 2493 795 2562 περὶ
848 2488 943 2556 τὰς
997 2489 1319 2563 δαιμονικάς
1375 2492 1655 2597 ἐνεργείας
1696 2512 1755 2544 τε

152 2575 243 2630 καὶ
275 2579 589 2647 περιεργίας
619 2571 980 2647 ἧσχολῆσθαι.
1043 2578 1090 2630 2.
1123 2574 1275 2631 οὑτοι
1307 2574 1367 2630 δε
1399 2575 1489 2630 καὶ
1519 2571 1629 2630 ὑπὸ
1660 2576 1755 2646 τῆς

155 2659 354 2714 ἐνθέου
393 2662 610 2730 γραφῆς
654 2661 844 2732 ἐχθροὶ
883 2661 981 2715 τοῦ
1032 2662 1168 2715 λαοῦ
1209 2661 1306 2715 τοῦ
1347 2661 1488 2715 θεοῦ
1530 2655 1756 2715 ἄνωθεν

267 2851 318 2890 17
350 2851 427 2894 Es.
452 2852 517 2902 19,
542 2852 578 2890 1.
