<?xml version="1.0" encoding="UTF-8"?>
<!DOCTYPE html PUBLIC "-//W3C//DTD XHTML 1.0 Transitional//EN"
    "http://www.w3.org/TR/xhtml1/DTD/xhtml1-transitional.dtd">
<html xmlns="http://www.w3.org/1999/xhtml" xml:lang="en" lang="en">
 <head>
  <title>
</title>
<meta http-equiv="Content-Type" content="text/html;charset=utf-8" />
  <meta name='ocr-system' content='tesseract 3.04.00' />
  <meta name='ocr-capabilities' content='ocr_page ocr_carea ocr_par ocr_line ocrx_word'/>
</head>
<body>
  <div class='ocr_page' id='page_1' title='image "./operaeusebius03euseuoft_0277.png"; bbox 0 0 1992 3186; ppageno 0'>
   <div class='ocr_carea' id='block_1_1' title="bbox 590 123 1767 176">
    <p class='ocr_par' dir='ltr' id='par_1_1' title="bbox 590 123 1767 176">
     <span class='ocr_line' id='line_1_1' title="bbox 590 123 1767 176; baseline 0.011 -12"><span class='ocrx_word' id='word_1_1' title='bbox 590 123 895 167; x_wconf 82' lang='lat' dir='ltr'>DEMONST.</span> <span class='ocrx_word' id='word_1_2' title='bbox 924 124 1142 168; x_wconf 81' lang='lat' dir='ltr'>EVANG.</span> <span class='ocrx_word' id='word_1_3' title='bbox 1173 125 1250 166; x_wconf 86' lang='lat' dir='ltr'><strong><em>IV.</em></strong></span> <span class='ocrx_word' id='word_1_4' title='bbox 1285 127 1347 166; x_wconf 83' lang='lat'><strong><em>15.</em></strong></span> <span class='ocrx_word' id='word_1_5' title='bbox 1663 123 1767 176; x_wconf 82' lang='lat'><strong><em>253</em></strong></span> 
     </span>
    </p>
   </div>
   <div class='ocr_carea' id='block_1_2' title="bbox 96 238 1884 2746">
    <p class='ocr_par' dir='ltr' id='par_1_2' title="bbox 96 238 1884 2746">
     <span class='ocr_line' id='line_1_2' title="bbox 162 238 1816 316; baseline 0 -18"><span class='ocrx_word' id='word_1_6' title='bbox 162 240 266 315; x_wconf 75' lang='grc' dir='ltr'><strong><em>γὰρ</em></strong></span> <span class='ocrx_word' id='word_1_7' title='bbox 285 243 354 314; x_wconf 87' lang='grc' dir='ltr'><strong><em>τῇ</em></strong></span> <span class='ocrx_word' id='word_1_8' title='bbox 373 238 548 298; x_wconf 84' lang='grc' dir='ltr'><strong><em>αὐτοῦ</em></strong></span> <span class='ocrx_word' id='word_1_9' title='bbox 570 244 759 314; x_wconf 76' lang='grc' dir='ltr'><strong><em>γραφῇ</em></strong></span> <span class='ocrx_word' id='word_1_10' title='bbox 783 238 879 296; x_wconf 85' lang='grc' dir='ltr'><strong><em>τὸν</em></strong></span> <span class='ocrx_word' id='word_1_11' title='bbox 909 247 1301 312; x_wconf 78' lang='grc' dir='ltr'><strong><em>χρηματίζοντα</em></strong></span> <span class='ocrx_word' id='word_1_12' title='bbox 1332 239 1482 316; x_wconf 77' lang='grc' dir='ltr'><strong><em>αὐτῷ</em></strong></span> <span class='ocrx_word' id='word_1_13' title='bbox 1513 239 1653 298; x_wconf 83' lang='grc' dir='ltr'><strong><em>θεὸν</em></strong></span> <span class='ocrx_word' id='word_1_14' title='bbox 1676 245 1767 298; x_wconf 89' lang='grc' dir='ltr'><strong><em>καὶ</em></strong></span> <span class='ocrx_word' id='word_1_15' title='bbox 1800 275 1816 297; x_wconf 83' lang='lat' dir='ltr'>e</span> 
     </span>
     <span class='ocr_line' id='line_1_3' title="bbox 162 322 1769 400; baseline 0 -18"><span class='ocrx_word' id='word_1_16' title='bbox 162 324 358 399; x_wconf 86' lang='grc' dir='ltr'><strong><em>κύριον</em></strong></span> <span class='ocrx_word' id='word_1_17' title='bbox 402 323 710 397; x_wconf 76' lang='grc' dir='ltr'><em>διαρρήδην</em></span> <span class='ocrx_word' id='word_1_18' title='bbox 749 323 1276 396; x_wconf 85' lang='grc' dir='ltr'><strong><em>παρακελεύσασθαι</em></strong></span> <span class='ocrx_word' id='word_1_19' title='bbox 1317 322 1464 400; x_wconf 80' lang='grc' dir='ltr'><strong><em>αὐτῷ</em></strong></span> <span class='ocrx_word' id='word_1_20' title='bbox 1516 323 1769 382; x_wconf 75' lang='grc' dir='ltr'><em>διδάσκει</em></span> 
     </span>
     <span class='ocr_line' id='line_1_4' title="bbox 163 405 1771 484; baseline 0 -18"><span class='ocrx_word' id='word_1_21' title='bbox 163 407 299 466; x_wconf 76' lang='grc' dir='ltr'><strong><em>κατὰ</em></strong></span> <span class='ocrx_word' id='word_1_22' title='bbox 338 406 440 480; x_wconf 83' lang='grc' dir='ltr'><strong><em>τὴν</em></strong></span> <span class='ocrx_word' id='word_1_23' title='bbox 477 406 916 480; x_wconf 82' lang='grc' dir='ltr'><strong><em>ῦποδειχθεϊσαν</em></strong></span> <span class='ocrx_word' id='word_1_24' title='bbox 957 406 1107 484; x_wconf 74' lang='grc' dir='ltr'><strong><em>αὐτῷ</em></strong></span> <span class='ocrx_word' id='word_1_25' title='bbox 1147 406 1352 479; x_wconf 76' lang='grc' dir='ltr'><strong><em>νοητὴν</em></strong></span> <span class='ocrx_word' id='word_1_26' title='bbox 1383 411 1475 464; x_wconf 86' lang='grc' dir='ltr'><strong><em>καὶ</em></strong></span> <span class='ocrx_word' id='word_1_27' title='bbox 1506 405 1771 482; x_wconf 78' lang='grc' dir='ltr'><strong><em>οὐράνιον</em></strong></span> 
     </span>
     <span class='ocr_line' id='line_1_5' title="bbox 163 490 1770 564; baseline 0 -14"><span class='ocrx_word' id='word_1_28' title='bbox 163 490 336 551; x_wconf 75' lang='grc' dir='ltr'><strong><em>αὐτοῦ</em></strong></span> <span class='ocrx_word' id='word_1_29' title='bbox 386 495 531 549; x_wconf 89' lang='grc' dir='ltr'><strong><em>θέαν</em></strong></span> <span class='ocrx_word' id='word_1_30' title='bbox 581 494 1042 564; x_wconf 84' lang='grc' dir='ltr'><strong><em>σωματικωτέραν</em></strong></span> <span class='ocrx_word' id='word_1_31' title='bbox 1094 494 1181 548; x_wconf 87' lang='grc' dir='ltr'><strong><em>ε’πὶ</em></strong></span> <span class='ocrx_word' id='word_1_32' title='bbox 1232 496 1332 564; x_wconf 73' lang='grc' dir='ltr'><strong><em>γῆς</em></strong></span> <span class='ocrx_word' id='word_1_33' title='bbox 1383 492 1770 564; x_wconf 83' lang='grc' dir='ltr'><strong><em>συστήσασθαι</em></strong></span> 
     </span>
     <span class='ocr_line' id='line_1_6' title="bbox 118 574 1770 651; baseline 0.001 -19"><span class='ocrx_word' id='word_1_34' title='bbox 118 598 140 632; x_wconf 76' lang='lat'>5</span> <span class='ocrx_word' id='word_1_35' title='bbox 163 584 441 651; x_wconf 80' lang='grc' dir='ltr'><strong><em>λατρείαν,</em></strong></span> <span class='ocrx_word' id='word_1_36' title='bbox 476 574 662 633; x_wconf 82' lang='grc' dir='ltr'><strong><em>εἰκόνα</em></strong></span> <span class='ocrx_word' id='word_1_37' title='bbox 698 579 810 632; x_wconf 77' lang='grc' dir='ltr'><strong><em>των</em></strong></span> <span class='ocrx_word' id='word_1_38' title='bbox 850 579 1066 648; x_wconf 74' lang='grc' dir='ltr'><strong><em>νοητῶν</em></strong></span> <span class='ocrx_word' id='word_1_39' title='bbox 1105 578 1196 632; x_wconf 86' lang='grc' dir='ltr'><strong><em>καὶ</em></strong></span> <span class='ocrx_word' id='word_1_40' title='bbox 1235 575 1543 648; x_wconf 69' lang='grc' dir='ltr'><strong><em>ἀσωμάτων</em></strong></span> <span class='ocrx_word' id='word_1_41' title='bbox 1581 579 1770 647; x_wconf 89' lang='grc' dir='ltr'><strong><em>περιέ-</em></strong></span> 
     </span>
     <span class='ocr_line' id='line_1_7' title="bbox 162 657 1770 736; baseline 0 -18"><span class='ocrx_word' id='word_1_42' title='bbox 162 681 384 735; x_wconf 89' lang='grc' dir='ltr'><strong><em>χουσαν.</em></strong></span> <span class='ocrx_word' id='word_1_43' title='bbox 455 662 671 732; x_wconf 83' lang='grc' dir='ltr'><strong><em>λέγεται</em></strong></span> <span class='ocrx_word' id='word_1_44' title='bbox 710 663 850 732; x_wconf 89' lang='grc' dir='ltr'><strong><em>γοῦν</em></strong></span> <span class='ocrx_word' id='word_1_45' title='bbox 888 666 1000 716; x_wconf 76' lang='grc' dir='ltr'><strong><em>τῶν</em></strong></span> <span class='ocrx_word' id='word_1_46' title='bbox 1042 663 1102 717; x_wconf 85' lang='grc' dir='ltr'><strong><em>ἐν</em></strong></span> <span class='ocrx_word' id='word_1_47' title='bbox 1139 665 1214 736; x_wconf 77' lang='grc' dir='ltr'><strong><em>τῷ</em></strong></span> <span class='ocrx_word' id='word_1_48' title='bbox 1255 657 1479 736; x_wconf 71' lang='grc' dir='ltr'><strong><em>οὐρανῷ</em></strong></span> <span class='ocrx_word' id='word_1_49' title='bbox 1519 659 1770 733; x_wconf 87' lang='grc' dir='ltr'><strong><em>ἀγγέλων</em></strong></span> 
     </span>
     <span class='ocr_line' id='line_1_8' title="bbox 163 741 1771 817; baseline 0 -15"><span class='ocrx_word' id='word_1_50' title='bbox 163 748 256 802; x_wconf 87' lang='grc' dir='ltr'><strong><em>καὶ</em></strong></span> <span class='ocrx_word' id='word_1_51' title='bbox 297 753 474 802; x_wconf 82' lang='grc' dir='ltr'><strong><em>θείων</em></strong></span> <span class='ocrx_word' id='word_1_52' title='bbox 517 743 812 816; x_wconf 76' lang='grc' dir='ltr'><strong><em>δυνάμεων</em></strong></span> <span class='ocrx_word' id='word_1_53' title='bbox 854 741 1104 811; x_wconf 76' lang='grc' dir='ltr'><strong><em>διάταξιν</em></strong></span> <span class='ocrx_word' id='word_1_54' title='bbox 1143 742 1320 801; x_wconf 87' lang='grc' dir='ltr'><strong><em>τύπον</em></strong></span> <span class='ocrx_word' id='word_1_55' title='bbox 1348 742 1471 800; x_wconf 84' lang='grc' dir='ltr'><strong><em>τινά</em></strong></span> <span class='ocrx_word' id='word_1_56' title='bbox 1510 763 1771 817; x_wconf 84' lang='grc' dir='ltr'><strong><em>σκιογρα-</em></strong></span> 
     </span>
     <span class='ocr_line' id='line_1_9' title="bbox 162 825 1771 903; baseline -0.001 -17"><span class='ocrx_word' id='word_1_57' title='bbox 162 835 366 901; x_wconf 84' lang='grc' dir='ltr'><strong><em>φῆσαι,</em></strong></span> <span class='ocrx_word' id='word_1_58' title='bbox 400 827 680 901; x_wconf 83' lang='grc' dir='ltr'><strong><em>φήσαντος</em></strong></span> <span class='ocrx_word' id='word_1_59' title='bbox 711 825 860 903; x_wconf 73' lang='grc' dir='ltr'><strong><em>αὐτῷ</em></strong></span> <span class='ocrx_word' id='word_1_60' title='bbox 883 832 982 884; x_wconf 92' lang='grc' dir='ltr'><strong><em>τοῦ</em></strong></span> <span class='ocrx_word' id='word_1_61' title='bbox 1013 833 1259 900; x_wconf 84' lang='grc' dir='ltr'><strong><em>χρησμοῦ</em></strong></span> <span class='ocrx_word' id='word_1_62' title='bbox 1282 825 1566 900; x_wconf 81' lang='grc' dir='ltr'><strong><em>“ποιη’σεις</em></strong></span> <span class='ocrx_word' id='word_1_63' title='bbox 1592 828 1771 887; x_wconf 76' lang='grc' dir='ltr'><strong><em>πάντα</em></strong></span> 
     </span>
     <span class='ocr_line' id='line_1_10' title="bbox 161 910 1769 988; baseline -0.001 -18"><span class='ocrx_word' id='word_1_64' title='bbox 161 912 299 970; x_wconf 78' lang='grc' dir='ltr'><strong><em>κατὰ</em></strong></span> <span class='ocrx_word' id='word_1_65' title='bbox 349 911 446 970; x_wconf 87' lang='grc' dir='ltr'><strong><em>τὸν</em></strong></span> <span class='ocrx_word' id='word_1_66' title='bbox 495 910 671 968; x_wconf 84' lang='grc' dir='ltr'><strong><em>τύπον</em></strong></span> <span class='ocrx_word' id='word_1_67' title='bbox 724 910 822 968; x_wconf 85' lang='grc' dir='ltr'><strong><em>τὸν</em></strong></span> <span class='ocrx_word' id='word_1_68' title='bbox 877 914 1171 983; x_wconf 82' lang='grc' dir='ltr'><strong><em>δειχθέντα</em></strong></span> <span class='ocrx_word' id='word_1_69' title='bbox 1226 929 1313 968; x_wconf 92' lang='grc' dir='ltr'><strong><em>σοι</em></strong></span> <span class='ocrx_word' id='word_1_70' title='bbox 1368 919 1428 969; x_wconf 81' lang='grc' dir='ltr'><strong><em>ἑν</em></strong></span> <span class='ocrx_word' id='word_1_71' title='bbox 1482 917 1557 988; x_wconf 80' lang='grc' dir='ltr'><strong><em>τῷ</em></strong></span> <span class='ocrx_word' id='word_1_72' title='bbox 1607 910 1769 986; x_wconf 82' lang='grc' dir='ltr'><strong><em>ὅρει.”</em></strong></span> 
     </span>
     <span class='ocr_line' id='line_1_11' title="bbox 99 988 1771 1069; baseline 0.002 -19"><span class='ocrx_word' id='word_1_73' title='bbox 99 1019 140 1051; x_wconf 83' lang='grc' dir='ltr'><strong><em>ιο</em></strong></span> <span class='ocrx_word' id='word_1_74' title='bbox 161 1001 244 1054; x_wconf 84' lang='lat'><strong><em>46.</em></strong></span> <span class='ocrx_word' id='word_1_75' title='bbox 293 988 402 1069; x_wconf 84' lang='grc' dir='ltr'><strong><em>ἀρα</em></strong></span> <span class='ocrx_word' id='word_1_76' title='bbox 442 988 546 1053; x_wconf 80' lang='grc' dir='ltr'><strong><em>οῦν</em></strong></span> <span class='ocrx_word' id='word_1_77' title='bbox 586 991 658 1060; x_wconf 75' lang='grc' dir='ltr'><strong><em>ὡς</em></strong></span> <span class='ocrx_word' id='word_1_78' title='bbox 699 993 764 1051; x_wconf 74' lang='grc' dir='ltr'><strong><em>τὰ</em></strong></span> <span class='ocrx_word' id='word_1_79' title='bbox 813 992 981 1067; x_wconf 75' lang='grc' dir='ltr'><strong><em>ἄλλα,</em></strong></span> <span class='ocrx_word' id='word_1_80' title='bbox 1034 994 1182 1051; x_wconf 78' lang='grc' dir='ltr'><strong><em>οὕτω</em></strong></span> <span class='ocrx_word' id='word_1_81' title='bbox 1232 998 1324 1051; x_wconf 85' lang='grc' dir='ltr'><strong><em>καὶ</em></strong></span> <span class='ocrx_word' id='word_1_82' title='bbox 1371 995 1468 1053; x_wconf 86' lang='grc' dir='ltr'><strong><em>τὸν</em></strong></span> <span class='ocrx_word' id='word_1_83' title='bbox 1516 995 1771 1069; x_wconf 82' lang='grc' dir='ltr'><strong><em>ἀρχιερέα</em></strong></span> 
     </span>
     <span class='ocr_line' id='line_1_12' title="bbox 162 1077 1818 1155; baseline -0.002 -17"><span class='ocrx_word' id='word_1_84' title='bbox 162 1086 428 1153; x_wconf 79' lang='grc' dir='ltr'><strong><em>παρῆγεν,</em></strong></span> <span class='ocrx_word' id='word_1_85' title='bbox 460 1078 616 1155; x_wconf 74' lang='grc' dir='ltr'><strong><em>μύρῳ</em></strong></span> <span class='ocrx_word' id='word_1_86' title='bbox 649 1078 847 1150; x_wconf 75' lang='grc' dir='ltr'><strong><em>γεώδει</em></strong></span> <span class='ocrx_word' id='word_1_87' title='bbox 878 1084 1051 1151; x_wconf 90' lang='grc' dir='ltr'><strong><em>χρίων</em></strong></span> <span class='ocrx_word' id='word_1_88' title='bbox 1075 1077 1264 1150; x_wconf 85' lang='grc' dir='ltr'><strong><em>αὐτὸν,</em></strong></span> <span class='ocrx_word' id='word_1_89' title='bbox 1295 1086 1394 1136; x_wconf 84' lang='grc' dir='ltr'><strong><em>καί</em></strong></span> <span class='ocrx_word' id='word_1_90' title='bbox 1411 1103 1536 1136; x_wconf 89' lang='grc' dir='ltr'><strong><em>τινα</em></strong></span> <span class='ocrx_word' id='word_1_91' title='bbox 1560 1079 1771 1153; x_wconf 75' lang='grc' dir='ltr'><strong><em>σκιώδη</em></strong></span> <span class='ocrx_word' id='word_1_92' title='bbox 1796 1103 1818 1135; x_wconf 71' lang='grc' dir='ltr'><strong><em>(ι</em></strong></span> 
     </span>
     <span class='ocr_line' id='line_1_13' title="bbox 161 1160 1771 1237; baseline -0.001 -15"><span class='ocrx_word' id='word_1_93' title='bbox 161 1168 251 1222; x_wconf 82' lang='grc' dir='ltr'><strong><em>καὶ</em></strong></span> <span class='ocrx_word' id='word_1_94' title='bbox 285 1164 580 1234; x_wconf 82' lang='grc' dir='ltr'><strong><em>εἰκονικὸν,</em></strong></span> <span class='ocrx_word' id='word_1_95' title='bbox 612 1162 734 1219; x_wconf 87' lang='grc' dir='ltr'><strong><em>ἀλλ’</em></strong></span> <span class='ocrx_word' id='word_1_96' title='bbox 770 1160 872 1220; x_wconf 83' lang='grc' dir='ltr'><strong><em>οῦκ</em></strong></span> <span class='ocrx_word' id='word_1_97' title='bbox 902 1162 1087 1236; x_wconf 80' lang='grc' dir='ltr'><strong><em>ἀληθῆ</em></strong></span> <span class='ocrx_word' id='word_1_98' title='bbox 1111 1161 1352 1236; x_wconf 83' lang='grc' dir='ltr'><strong><em>Χριστὸν</em></strong></span> <span class='ocrx_word' id='word_1_99' title='bbox 1381 1166 1472 1220; x_wconf 89' lang='grc' dir='ltr'><strong><em>καὶ</em></strong></span> <span class='ocrx_word' id='word_1_100' title='bbox 1495 1163 1771 1237; x_wconf 83' lang='grc' dir='ltr'><strong><em>ἀρχιερέα,</em></strong></span> 
     </span>
     <span class='ocr_line' id='line_1_14' title="bbox 162 1244 1774 1321; baseline -0.001 -15"><span class='ocrx_word' id='word_1_101' title='bbox 162 1253 260 1306; x_wconf 87' lang='grc' dir='ltr'><strong><em>τοῦ</em></strong></span> <span class='ocrx_word' id='word_1_102' title='bbox 301 1247 420 1306; x_wconf 86' lang='grc' dir='ltr'><strong><em>κατ’</em></strong></span> <span class='ocrx_word' id='word_1_103' title='bbox 468 1245 712 1319; x_wconf 80' lang='grc' dir='ltr'><strong><em>οὐρανὸν</em></strong></span> <span class='ocrx_word' id='word_1_104' title='bbox 752 1250 996 1321; x_wconf 82' lang='grc' dir='ltr'><strong><em>Χριστοῦ</em></strong></span> <span class='ocrx_word' id='word_1_105' title='bbox 1032 1271 1091 1305; x_wconf 90' lang='grc' dir='ltr'><strong><em>τε</em></strong></span> <span class='ocrx_word' id='word_1_106' title='bbox 1133 1251 1224 1307; x_wconf 79' lang='grc' dir='ltr'><strong><em>καὶ</em></strong></span> <span class='ocrx_word' id='word_1_107' title='bbox 1276 1244 1570 1321; x_wconf 82' lang='grc' dir='ltr'><strong><em>ἀρχιερέως</em></strong></span> <span class='ocrx_word' id='word_1_108' title='bbox 1618 1245 1774 1305; x_wconf 85' lang='grc' dir='ltr'><strong><em>ἀντί-</em></strong></span> 
     </span>
     <span class='ocr_line' id='line_1_15' title="bbox 164 1329 1773 1405; baseline 0.001 -17"><span class='ocrx_word' id='word_1_109' title='bbox 164 1357 330 1405; x_wconf 86' lang='grc' dir='ltr'><strong><em>μιμον</em></strong></span> <span class='ocrx_word' id='word_1_110' title='bbox 371 1329 829 1405; x_wconf 79' lang='grc' dir='ltr'><strong><em>ἀπεργαζόμενος,</em></strong></span> <span class='ocrx_word' id='word_1_111' title='bbox 898 1335 983 1388; x_wconf 76' lang='lat'><strong><em>47.</em></strong></span> <span class='ocrx_word' id='word_1_112' title='bbox 1040 1330 1162 1388; x_wconf 87' lang='grc' dir='ltr'><strong><em>ἀλλ’</em></strong></span> <span class='ocrx_word' id='word_1_113' title='bbox 1220 1330 1303 1388; x_wconf 80' lang='grc' dir='ltr'><strong><em>ὅτι</em></strong></span> <span class='ocrx_word' id='word_1_114' title='bbox 1345 1333 1447 1404; x_wconf 77' lang='grc' dir='ltr'><strong><em>μὲν</em></strong></span> <span class='ocrx_word' id='word_1_115' title='bbox 1485 1329 1514 1388; x_wconf 88' lang='grc' dir='ltr'>ὁ</span> <span class='ocrx_word' id='word_1_116' title='bbox 1566 1339 1773 1404; x_wconf 81' lang='grc' dir='ltr'><strong><em>κυρίως</em></strong></span> 
     </span>
     <span class='ocr_line' id='line_1_16' title="bbox 102 1409 1772 1491; baseline 0.003 -23"><span class='ocrx_word' id='word_1_117' title='bbox 102 1437 143 1469; x_wconf 83' lang='lat'><strong><em>15</em></strong></span> <span class='ocrx_word' id='word_1_118' title='bbox 166 1414 399 1491; x_wconf 88' lang='grc' dir='ltr'><strong><em>Χριστὸς</em></strong></span> <span class='ocrx_word' id='word_1_119' title='bbox 430 1413 533 1472; x_wconf 84' lang='grc' dir='ltr'><strong><em>οὐκ</em></strong></span> <span class='ocrx_word' id='word_1_120' title='bbox 564 1413 863 1486; x_wconf 78' lang='grc' dir='ltr'><strong><em>ἄνθρωπος</em></strong></span> <span class='ocrx_word' id='word_1_121' title='bbox 892 1409 982 1487; x_wconf 81' lang='grc' dir='ltr'><strong><em>ἦν,</em></strong></span> <span class='ocrx_word' id='word_1_122' title='bbox 1014 1415 1134 1480; x_wconf 89' lang='grc' dir='ltr'><strong><em>υιός</em></strong></span> <span class='ocrx_word' id='word_1_123' title='bbox 1168 1418 1234 1472; x_wconf 87' lang='grc' dir='ltr'><strong><em>δέ</em></strong></span> <span class='ocrx_word' id='word_1_124' title='bbox 1258 1440 1338 1481; x_wconf 90' lang='grc' dir='ltr'><strong><em>τις</em></strong></span> <span class='ocrx_word' id='word_1_125' title='bbox 1368 1420 1536 1488; x_wconf 84' lang='grc' dir='ltr'><strong><em>θεοῦ,</em></strong></span> <span class='ocrx_word' id='word_1_126' title='bbox 1572 1420 1772 1484; x_wconf 80' lang='grc' dir='ltr'><strong><em>δεξιοῖς</em></strong></span> 
     </span>
     <span class='ocr_line' id='line_1_17' title="bbox 164 1497 1774 1572; baseline -0.001 -15"><span class='ocrx_word' id='word_1_127' title='bbox 164 1505 260 1572; x_wconf 85' lang='grc' dir='ltr'><strong><em>τῆς</em></strong></span> <span class='ocrx_word' id='word_1_128' title='bbox 290 1504 554 1572; x_wconf 79' lang='grc' dir='ltr'><strong><em>πατρικῆς</em></strong></span> <span class='ocrx_word' id='word_1_129' title='bbox 586 1497 846 1570; x_wconf 85' lang='grc' dir='ltr'><strong><em>θεότητος</em></strong></span> <span class='ocrx_word' id='word_1_130' title='bbox 876 1502 1256 1571; x_wconf 84' lang='grc' dir='ltr'><strong><em>τετιμημένος,</em></strong></span> <span class='ocrx_word' id='word_1_131' title='bbox 1296 1502 1388 1556; x_wconf 89' lang='grc' dir='ltr'><strong><em>καὶ</em></strong></span> <span class='ocrx_word' id='word_1_132' title='bbox 1418 1499 1559 1556; x_wconf 77' lang='grc' dir='ltr'><strong><em>πολὺ</em></strong></span> <span class='ocrx_word' id='word_1_133' title='bbox 1591 1507 1774 1572; x_wconf 88' lang='grc' dir='ltr'><strong><em>κρείτ-</em></strong></span> 
     </span>
     <span class='ocr_line' id='line_1_18' title="bbox 164 1581 1770 1656; baseline -0.001 -15"><span class='ocrx_word' id='word_1_134' title='bbox 164 1609 277 1641; x_wconf 89' lang='grc' dir='ltr'><strong><em>των</em></strong></span> <span class='ocrx_word' id='word_1_135' title='bbox 315 1581 384 1641; x_wconf 80' lang='grc' dir='ltr'><strong><em>οῦ</em></strong></span> <span class='ocrx_word' id='word_1_136' title='bbox 425 1582 598 1655; x_wconf 90' lang='grc' dir='ltr'><strong><em>μόνον</em></strong></span> <span class='ocrx_word' id='word_1_137' title='bbox 638 1588 732 1653; x_wconf 89' lang='grc' dir='ltr'><strong><em>τῆς</em></strong></span> <span class='ocrx_word' id='word_1_138' title='bbox 764 1586 973 1654; x_wconf 84' lang='grc' dir='ltr'><strong><em>θνητῆς</em></strong></span> <span class='ocrx_word' id='word_1_139' title='bbox 1014 1585 1105 1639; x_wconf 85' lang='grc' dir='ltr'><strong><em>καὶ</em></strong></span> <span class='ocrx_word' id='word_1_140' title='bbox 1144 1581 1500 1656; x_wconf 80' lang='grc' dir='ltr'><strong><em>ἀνθρωπείας</em></strong></span> <span class='ocrx_word' id='word_1_141' title='bbox 1530 1582 1770 1656; x_wconf 84' lang='grc' dir='ltr'><strong><em>φύσεως,</em></strong></span> 
     </span>
     <span class='ocr_line' id='line_1_19' title="bbox 165 1665 1771 1739; baseline 0.001 -16"><span class='ocrx_word' id='word_1_142' title='bbox 165 1667 304 1723; x_wconf 84' lang='grc' dir='ltr'><strong><em>ἀλλα</em></strong></span> <span class='ocrx_word' id='word_1_143' title='bbox 354 1669 446 1724; x_wconf 84' lang='grc' dir='ltr'><strong><em>καὶ</em></strong></span> <span class='ocrx_word' id='word_1_144' title='bbox 497 1665 675 1738; x_wconf 84' lang='grc' dir='ltr'><strong><em>πάσης</em></strong></span> <span class='ocrx_word' id='word_1_145' title='bbox 724 1670 819 1737; x_wconf 90' lang='grc' dir='ltr'><strong><em>τῆς</em></strong></span> <span class='ocrx_word' id='word_1_146' title='bbox 869 1670 930 1723; x_wconf 87' lang='grc' dir='ltr'><strong><em>έν</em></strong></span> <span class='ocrx_word' id='word_1_147' title='bbox 977 1679 1263 1738; x_wconf 83' lang='grc' dir='ltr'><strong><em>γεννητοῖς</em></strong></span> <span class='ocrx_word' id='word_1_148' title='bbox 1312 1671 1508 1739; x_wconf 81' lang='grc' dir='ltr'><strong><em>νοερᾶς</em></strong></span> <span class='ocrx_word' id='word_1_149' title='bbox 1559 1665 1771 1739; x_wconf 81' lang='grc' dir='ltr'><strong><em>οὐσίας,</em></strong></span> 
     </span>
     <span class='ocr_line' id='line_1_20' title="bbox 165 1746 1774 1824; baseline 0 -16"><span class='ocrx_word' id='word_1_150' title='bbox 165 1755 355 1824; x_wconf 76' lang='grc' dir='ltr'><strong><em>σαφῶς</em></strong></span> <span class='ocrx_word' id='word_1_151' title='bbox 386 1750 535 1823; x_wconf 82' lang='grc' dir='ltr'><strong><em>οἶμαι</em></strong></span> <span class='ocrx_word' id='word_1_152' title='bbox 566 1746 998 1823; x_wconf 87' lang='grc' dir='ltr'><strong><em>ἀποδεδειχέναι.</em></strong></span> <span class='ocrx_word' id='word_1_153' title='bbox 1059 1755 1143 1808; x_wconf 84' lang='grc'><strong><em>48.</em></strong></span> <span class='ocrx_word' id='word_1_154' title='bbox 1192 1749 1337 1822; x_wconf 87' lang='grc' dir='ltr'><strong><em>πλὴν</em></strong></span> <span class='ocrx_word' id='word_1_155' title='bbox 1366 1749 1488 1807; x_wconf 88' lang='grc' dir='ltr'><strong><em>ἀλλ’</em></strong></span> <span class='ocrx_word' id='word_1_156' title='bbox 1524 1749 1605 1807; x_wconf 77' lang='grc' dir='ltr'><strong><em>ὅτι</em></strong></span> <span class='ocrx_word' id='word_1_157' title='bbox 1637 1749 1774 1808; x_wconf 70' lang='grc' dir='ltr'><strong><em>κατὰ</em></strong></span> 
     </span>
     <span class='ocr_line' id='line_1_21' title="bbox 101 1829 1771 1912; baseline 0.002 -25"><span class='ocrx_word' id='word_1_158' title='bbox 101 1857 143 1888; x_wconf 81' lang='lat'><strong><em>20</em></strong></span> <span class='ocrx_word' id='word_1_159' title='bbox 164 1834 230 1892; x_wconf 83' lang='grc' dir='ltr'><strong><em>τά</em></strong></span> <span class='ocrx_word' id='word_1_160' title='bbox 259 1834 532 1910; x_wconf 91' lang='grc' dir='ltr'><strong><em>πρότερον</em></strong></span> <span class='ocrx_word' id='word_1_161' title='bbox 565 1837 827 1906; x_wconf 84' lang='grc' dir='ltr'><strong><em>εἰρημένα</em></strong></span> <span class='ocrx_word' id='word_1_162' title='bbox 856 1829 884 1890; x_wconf 85' lang='grc' dir='ltr'>ὁ</span> <span class='ocrx_word' id='word_1_163' title='bbox 918 1833 1084 1899; x_wconf 80' lang='grc' dir='ltr'><strong><em>αὐτὸς</em></strong></span> <span class='ocrx_word' id='word_1_164' title='bbox 1109 1837 1299 1906; x_wconf 87' lang='grc' dir='ltr'><strong><em>Λαβὶδ</em></strong></span> <span class='ocrx_word' id='word_1_165' title='bbox 1332 1838 1391 1891; x_wconf 85' lang='grc' dir='ltr'><strong><em>ἐν</em></strong></span> <span class='ocrx_word' id='word_1_166' title='bbox 1420 1833 1510 1907; x_wconf 86' lang='grc' dir='ltr'><strong><em>μδ’</em></strong></span> <span class='ocrx_word' id='word_1_167' title='bbox 1542 1842 1771 1912; x_wconf 77' lang='grc' dir='ltr'><strong><em>Ψαλμῷ,</em></strong></span> 
     </span>
     <span class='ocr_line' id='line_1_22' title="bbox 165 1917 1774 1993; baseline 0 -17"><span class='ocrx_word' id='word_1_168' title='bbox 165 1924 461 1993; x_wconf 84' lang='grc' dir='ltr'><strong><em>προγραφῇ</em></strong></span> <span class='ocrx_word' id='word_1_169' title='bbox 503 1917 843 1992; x_wconf 79' lang='grc' dir='ltr'><strong><em>χρησάμενος</em></strong></span> <span class='ocrx_word' id='word_1_170' title='bbox 881 1920 950 1990; x_wconf 82' lang='grc' dir='ltr'><strong><em>τῇ</em></strong></span> <span class='ocrx_word' id='word_1_171' title='bbox 980 1917 1161 1990; x_wconf 42' lang='grc' dir='ltr'><strong><em>((ὑπὲρ</em></strong></span> <span class='ocrx_word' id='word_1_172' title='bbox 1201 1921 1299 1975; x_wconf 85' lang='grc' dir='ltr'><strong><em>τοῦ</em></strong></span> <span class='ocrx_word' id='word_1_173' title='bbox 1347 1917 1632 1991; x_wconf 88' lang='grc' dir='ltr'><strong><em>ἀγαπητοῦ</em></strong></span> <span class='ocrx_word' id='word_1_174' title='bbox 1681 1922 1774 1976; x_wconf 87' lang='grc' dir='ltr'><strong><em>καὶ</em></strong></span> 
     </span>
     <span class='ocr_line' id='line_1_23' title="bbox 96 2000 1772 2075; baseline 0.001 -16"><span class='ocrx_word' id='word_1_175' title='bbox 96 2000 99 2003; x_wconf 39' lang='grc'>’</span> <span class='ocrx_word' id='word_1_176' title='bbox 164 2006 277 2061; x_wconf 74' lang='grc' dir='ltr'><strong><em>τῶν</em></strong></span> <span class='ocrx_word' id='word_1_177' title='bbox 305 2000 890 2075; x_wconf 87' lang='grc' dir='ltr'><strong><em>ἀλλοιωθησομένων,”</em></strong></span> <span class='ocrx_word' id='word_1_178' title='bbox 932 2000 1073 2075; x_wconf 84' lang='grc' dir='ltr'><strong><em>ὁμοῦ</em></strong></span> <span class='ocrx_word' id='word_1_179' title='bbox 1100 2001 1240 2059; x_wconf 85' lang='grc' dir='ltr'><strong><em>θεὸν</em></strong></span> <span class='ocrx_word' id='word_1_180' title='bbox 1279 2005 1369 2059; x_wconf 82' lang='grc' dir='ltr'><strong><em>καὶ</em></strong></span> <span class='ocrx_word' id='word_1_181' title='bbox 1411 2006 1642 2074; x_wconf 83' lang='grc' dir='ltr'><strong><em>βασιλέα</em></strong></span> <span class='ocrx_word' id='word_1_182' title='bbox 1681 2005 1772 2060; x_wconf 86' lang='grc' dir='ltr'><strong><em>καὶ</em></strong></span> 
     </span>
     <span class='ocr_line' id='line_1_24' title="bbox 166 2083 1774 2161; baseline 0 -17"><span class='ocrx_word' id='word_1_183' title='bbox 166 2087 406 2159; x_wconf 88' lang='grc' dir='ltr'><strong><em>Χριστὸν</em></strong></span> <span class='ocrx_word' id='word_1_184' title='bbox 438 2090 535 2143; x_wconf 79' lang='grc' dir='ltr'><strong><em>ἕνα</em></strong></span> <span class='ocrx_word' id='word_1_185' title='bbox 566 2085 689 2142; x_wconf 73' lang='grc' dir='ltr'><strong><em>τινὰ</em></strong></span> <span class='ocrx_word' id='word_1_186' title='bbox 720 2088 810 2142; x_wconf 87' lang='grc' dir='ltr'><strong><em>καὶ</em></strong></span> <span class='ocrx_word' id='word_1_187' title='bbox 847 2084 944 2143; x_wconf 83' lang='grc' dir='ltr'><strong><em>τὸν</em></strong></span> <span class='ocrx_word' id='word_1_188' title='bbox 974 2083 1144 2143; x_wconf 80' lang='grc' dir='ltr'><strong><em>αὐτὸν</em></strong></span> <span class='ocrx_word' id='word_1_189' title='bbox 1183 2084 1510 2159; x_wconf 86' lang='grc' dir='ltr'><strong><em>ἀναγορεύει</em></strong></span> <span class='ocrx_word' id='word_1_190' title='bbox 1539 2085 1774 2161; x_wconf 77' lang='grc' dir='ltr'><strong><em>γράφων</em></strong></span> 
     </span>
     <span class='ocr_line' id='line_1_25' title="bbox 165 2166 1883 2243; baseline 0.002 -15"><span class='ocrx_word' id='word_1_191' title='bbox 165 2169 339 2238; x_wconf 75' lang='grc' dir='ltr'><strong><em>οὕτως</em></strong></span> <span class='ocrx_word' id='word_1_192' title='bbox 363 2168 723 2243; x_wconf 78' lang='grc' dir='ltr'><strong><em>“ε’ξηρεύξατο</em></strong></span> <span class='ocrx_word' id='word_1_193' title='bbox 754 2166 787 2242; x_wconf 81' lang='grc' dir='ltr'>ἡ</span> <span class='ocrx_word' id='word_1_194' title='bbox 812 2175 1015 2241; x_wconf 82' lang='grc' dir='ltr'><strong><em>καρδία</em></strong></span> <span class='ocrx_word' id='word_1_195' title='bbox 1038 2195 1145 2243; x_wconf 91' lang='grc' dir='ltr'><strong><em>μου</em></strong></span> <span class='ocrx_word' id='word_1_196' title='bbox 1169 2170 1335 2242; x_wconf 88' lang='grc' dir='ltr'><strong><em>λόγον</em></strong></span> <span class='ocrx_word' id='word_1_197' title='bbox 1359 2168 1596 2243; x_wconf 82' lang='grc' dir='ltr'><strong><em>ἀγαθὸν,</em></strong></span> <span class='ocrx_word' id='word_1_198' title='bbox 1629 2174 1772 2243; x_wconf 85' lang='grc' dir='ltr'><strong><em>λέγω</em></strong></span> <span class='ocrx_word' id='word_1_199' title='bbox 1793 2192 1883 2232; x_wconf 78' lang='lat'><strong>(1⁷9)</strong></span> 
     </span>
     <span class='ocr_line' id='line_1_26' title="bbox 102 2253 1884 2329; baseline 0.002 -21"><span class='ocrx_word' id='word_1_200' title='bbox 102 2275 144 2308; x_wconf 80' lang='lat'><strong><em>25</em></strong></span> <span class='ocrx_word' id='word_1_201' title='bbox 168 2254 273 2327; x_wconf 79' lang='grc' dir='ltr'><strong><em>ε’γώ</em></strong></span> <span class='ocrx_word' id='word_1_202' title='bbox 304 2254 370 2311; x_wconf 82' lang='grc' dir='ltr'><strong><em>τά</em></strong></span> <span class='ocrx_word' id='word_1_203' title='bbox 402 2260 534 2328; x_wconf 82' lang='grc' dir='ltr'><strong><em>ἔργα</em></strong></span> <span class='ocrx_word' id='word_1_204' title='bbox 557 2277 665 2326; x_wconf 86' lang='grc' dir='ltr'><strong><em>μου</em></strong></span> <span class='ocrx_word' id='word_1_205' title='bbox 691 2258 766 2329; x_wconf 79' lang='grc' dir='ltr'><strong><em>τῷ</em></strong></span> <span class='ocrx_word' id='word_1_206' title='bbox 798 2260 1031 2325; x_wconf 83' lang='grc' dir='ltr'><strong><em>βασιλεῖ.</em></strong></span> <span class='ocrx_word' id='word_1_207' title='bbox 1086 2253 1120 2326; x_wconf 81' lang='grc' dir='ltr'><em>ἡ</em></span> <span class='ocrx_word' id='word_1_208' title='bbox 1150 2254 1372 2326; x_wconf 78' lang='grc' dir='ltr'><strong><em>γλῶσσά</em></strong></span> <span class='ocrx_word' id='word_1_209' title='bbox 1402 2279 1509 2328; x_wconf 88' lang='grc' dir='ltr'><strong><em>μου</em></strong></span> <span class='ocrx_word' id='word_1_210' title='bbox 1533 2253 1772 2327; x_wconf 84' lang='grc' dir='ltr'><strong><em>κάλαμος</em></strong></span> <span class='ocrx_word' id='word_1_211' title='bbox 1798 2280 1884 2322; x_wconf 79' lang='lat'>[114]</span> 
     </span>
     <span class='ocr_line' id='line_1_27' title="bbox 167 2335 1774 2412; baseline -0.001 -17"><span class='ocrx_word' id='word_1_212' title='bbox 167 2342 524 2412; x_wconf 86' lang='grc' dir='ltr'><strong><em>γραμματέως</em></strong></span> <span class='ocrx_word' id='word_1_213' title='bbox 566 2335 914 2410; x_wconf 81' lang='grc' dir='ltr'><strong><em>όξυγράφου,</em></strong></span> <span class='ocrx_word' id='word_1_214' title='bbox 971 2335 1171 2412; x_wconf 74' lang='grc' dir='ltr'><strong><em>ὡραῖος</em></strong></span> <span class='ocrx_word' id='word_1_215' title='bbox 1211 2337 1399 2396; x_wconf 77' lang='grc' dir='ltr'><strong><em>κάλλει</em></strong></span> <span class='ocrx_word' id='word_1_216' title='bbox 1449 2339 1598 2410; x_wconf 76' lang='grc' dir='ltr'><strong><em>παρὰ</em></strong></span> <span class='ocrx_word' id='word_1_217' title='bbox 1646 2337 1774 2404; x_wconf 82' lang='grc' dir='ltr'><strong><em>τοῦς</em></strong></span> 
     </span>
     <span class='ocr_line' id='line_1_28' title="bbox 166 2418 1772 2493; baseline -0.001 -14"><span class='ocrx_word' id='word_1_218' title='bbox 166 2422 325 2488; x_wconf 75' lang='grc' dir='ltr'><strong><em>υἱοὺς</em></strong></span> <span class='ocrx_word' id='word_1_219' title='bbox 368 2428 481 2480; x_wconf 78' lang='grc' dir='ltr'><strong><em>τῶν</em></strong></span> <span class='ocrx_word' id='word_1_220' title='bbox 532 2418 899 2493; x_wconf 76' lang='grc' dir='ltr'><strong><em>ἀνθρώπων.”</em></strong></span> <span class='ocrx_word' id='word_1_221' title='bbox 980 2426 1064 2479; x_wconf 87' lang='grc'><strong><em>49.</em></strong></span> <span class='ocrx_word' id='word_1_222' title='bbox 1122 2420 1203 2489; x_wconf 85' lang='grc' dir='ltr'><strong><em>οἷς</em></strong></span> <span class='ocrx_word' id='word_1_223' title='bbox 1256 2426 1376 2493; x_wconf 80' lang='grc' dir='ltr'><strong><em>ἑξῆς</em></strong></span> <span class='ocrx_word' id='word_1_224' title='bbox 1427 2425 1663 2493; x_wconf 84' lang='grc' dir='ltr'><strong><em>ἐπιλέγει</em></strong></span> <span class='ocrx_word' id='word_1_225' title='bbox 1705 2418 1772 2478; x_wconf 78' lang='grc' dir='ltr'><strong><em>“ὁ</em></strong></span> 
     </span>
     <span class='ocr_line' id='line_1_29' title="bbox 167 2501 1774 2578; baseline 0.001 -17"><span class='ocrx_word' id='word_1_226' title='bbox 167 2505 371 2578; x_wconf 90' lang='grc' dir='ltr'><strong><em>θρόνος</em></strong></span> <span class='ocrx_word' id='word_1_227' title='bbox 402 2525 504 2563; x_wconf 88' lang='grc' dir='ltr'><strong><em>σου</em></strong></span> <span class='ocrx_word' id='word_1_228' title='bbox 533 2502 562 2562; x_wconf 84' lang='grc' dir='ltr'>ὁ</span> <span class='ocrx_word' id='word_1_229' title='bbox 593 2504 725 2572; x_wconf 82' lang='grc' dir='ltr'><strong><em>θεὸς</em></strong></span> <span class='ocrx_word' id='word_1_230' title='bbox 758 2511 835 2570; x_wconf 85' lang='grc' dir='ltr'><strong><em>εἰς</em></strong></span> <span class='ocrx_word' id='word_1_231' title='bbox 865 2504 963 2563; x_wconf 84' lang='grc' dir='ltr'><strong><em>τὸν</em></strong></span> <span class='ocrx_word' id='word_1_232' title='bbox 985 2510 1162 2563; x_wconf 81' lang='grc' dir='ltr'><strong><em>αἰῶνα</em></strong></span> <span class='ocrx_word' id='word_1_233' title='bbox 1184 2512 1281 2563; x_wconf 91' lang='grc' dir='ltr'><strong><em>τοῦ</em></strong></span> <span class='ocrx_word' id='word_1_234' title='bbox 1305 2501 1534 2577; x_wconf 78' lang='grc' dir='ltr'><strong><em>αἰῶνος,</em></strong></span> <span class='ocrx_word' id='word_1_235' title='bbox 1568 2504 1774 2578; x_wconf 80' lang='grc' dir='ltr'><strong><em>ρἀδος</em></strong></span> 
     </span>
     <span class='ocr_line' id='line_1_30' title="bbox 171 2587 1773 2663; baseline 0.001 -18"><span class='ocrx_word' id='word_1_236' title='bbox 171 2587 476 2662; x_wconf 84' lang='grc' dir='ltr'><strong><em>εὐθύτητος</em></strong></span> <span class='ocrx_word' id='word_1_237' title='bbox 515 2588 548 2662; x_wconf 83' lang='grc' dir='ltr'><em>ἡ</em></span> <span class='ocrx_word' id='word_1_238' title='bbox 593 2588 797 2663; x_wconf 73' lang='grc' dir='ltr'><strong><em>ρ”ἀβδος</em></strong></span> <span class='ocrx_word' id='word_1_239' title='bbox 837 2595 933 2661; x_wconf 91' lang='grc' dir='ltr'><strong><em>τῆς</em></strong></span> <span class='ocrx_word' id='word_1_240' title='bbox 974 2596 1258 2660; x_wconf 85' lang='grc' dir='ltr'><strong><em>βασιλείας</em></strong></span> <span class='ocrx_word' id='word_1_241' title='bbox 1299 2605 1424 2646; x_wconf 88' lang='grc' dir='ltr'><strong><em>σου·</em></strong></span> <span class='ocrx_word' id='word_1_242' title='bbox 1485 2587 1773 2660; x_wconf 74' lang='grc' dir='ltr'><strong><em>ἠγάπησας</em></strong></span> 
     </span>
     <span class='ocr_line' id='line_1_31' title="bbox 107 2672 1776 2746; baseline 0.001 -18"><span class='ocrx_word' id='word_1_243' title='bbox 107 2697 148 2728; x_wconf 86' lang='lat'><strong><em>30</em></strong></span> <span class='ocrx_word' id='word_1_244' title='bbox 175 2672 535 2744; x_wconf 88' lang='grc' dir='ltr'><strong><em>δικαιοσύνην</em></strong></span> <span class='ocrx_word' id='word_1_245' title='bbox 564 2675 655 2729; x_wconf 90' lang='grc' dir='ltr'><strong><em>καὶ</em></strong></span> <span class='ocrx_word' id='word_1_246' title='bbox 689 2677 950 2745; x_wconf 83' lang='grc' dir='ltr'><strong><em>ἐμίσησας</em></strong></span> <span class='ocrx_word' id='word_1_247' title='bbox 990 2672 1244 2744; x_wconf 86' lang='grc' dir='ltr'><strong><em>ἀδικίαν,</em></strong></span> <span class='ocrx_word' id='word_1_248' title='bbox 1279 2672 1370 2728; x_wconf 80' lang='grc' dir='ltr'><strong><em>διὰ</em></strong></span> <span class='ocrx_word' id='word_1_249' title='bbox 1400 2676 1560 2729; x_wconf 87' lang='grc' dir='ltr'><strong><em>τοῦτο</em></strong></span> <span class='ocrx_word' id='word_1_250' title='bbox 1593 2675 1776 2746; x_wconf 80' lang='grc' dir='ltr'><strong><em>ἔχρισέ</em></strong></span> 
     </span>
    </p>
   </div>
   <div class='ocr_carea' id='block_1_3' title="bbox 281 2866 589 2915">
    <p class='ocr_par' dir='ltr' id='par_1_3' title="bbox 281 2866 589 2915">
     <span class='ocr_line' id='line_1_32' title="bbox 281 2866 589 2915; baseline 0 -10"><span class='ocrx_word' id='word_1_251' title='bbox 281 2867 334 2905; x_wconf 81' lang='lat'><strong><em>24</em></strong></span> <span class='ocrx_word' id='word_1_252' title='bbox 364 2866 437 2907; x_wconf 83' lang='lat' dir='ltr'><strong><em>Ps.</em></strong></span> <span class='ocrx_word' id='word_1_253' title='bbox 460 2866 529 2915; x_wconf 80' lang='lat'><strong><em>44,</em></strong></span> <span class='ocrx_word' id='word_1_254' title='bbox 554 2866 589 2905; x_wconf 91' lang='lat'><strong><em>1.</em></strong></span> 
     </span>
    </p>
   </div>
   <div class='ocr_carea' id='block_1_4' title="bbox 342 2798 479 2800">
    <p class='ocr_par' dir='ltr' id='par_1_4' title="bbox 342 2798 479 2800">
     <span class='ocr_line' id='line_1_33' title="bbox 342 2798 479 2800; baseline 0 0"><span class='ocrx_word' id='word_1_255' title='bbox 342 2798 479 2800; x_wconf 95' lang='lat' dir='ltr'><strong><em> </em></strong></span> 
     </span>
    </p>
   </div>
  </div>
 </body>
</html>
