1992 3186
536 90 843 170 DEMdNST.
872 127 1095 171 EVANG.
1119 129 1248 170 VIII.
1276 130 1312 168 1.
1336 129 1379 167 2.
1634 125 1738 178 513

133 250 211 302 79.
245 243 413 303 πάλιν
443 242 548 316 γὰρ
580 241 744 309 αὐτὸς
773 243 838 301 τοὶ
870 243 1120 317 σύμβολα
1158 248 1253 316 τῆς
1286 244 1491 322 ἐνθέου
1517 249 1735 300 οἰκονο-

128 336 256 403 μίας
285 342 398 394 τοῖς
430 324 605 386 αὑτοῦ
634 334 941 402 παρεδίδου
971 338 1267 400 μαθηταῖς,
1301 327 1403 399 τὴν
1428 325 1614 386 εἰκόνα
1642 332 1740 385 τοῦ

132 419 280 471 ἰδίου
305 411 553 486 σώματος
577 424 862 471 ποιεῖσθαι
888 410 1412 485 παρακελευόμενος.
1448 417 1528 469 80.
1551 411 1739 484 ἐπειδὴ

129 495 233 571 γὰρ
264 494 447 555 οὐκέτι
487 495 582 564 τὰς
627 496 702 554 δι’
752 497 998 570 αἱμάτων
1027 504 1263 568 θυσίας,
1305 493 1439 555 οὐδε
1468 496 1562 563 τὰς
1594 497 1742 570 παρὰ

8 647 10 649 ¹
87 605 107 637 5
140 591 331 642 Μωσεῑ
361 585 421 638 ἐν
453 581 740 656 διαφόρων
770 581 922 658 ζῴων
961 595 1200 654 σφαγαῖς
1231 583 1742 655 νενομοθετημένας

131 673 406 741 προσίετο,
439 664 586 742 ἄρτῳ
621 667 682 724 δὲ
705 670 947 741 χρῆσθαι
967 664 1227 740 συμβόλῳ
1251 669 1349 722 τοῦ
1382 670 1529 722 ἰδίου
1561 664 1741 739 σώμα-

130 775 222 818 τος
253 756 580 825 παρεδίδου,
616 751 838 818 εἰκότως
860 753 920 808 τὸ
945 747 1197 823 λαμπρὸν
1221 751 1312 805 καὶ
1338 749 1589 823 καθαρὸν
1618 747 1745 825 ᾐνί-

132 839 258 904 ξατο
289 841 383 908 τῆς
413 839 638 910 τροφῆς,
674 834 845 893 εἰπών
869 837 958 892 καὶ
979 833 1206 893 “λευκοὶ
1238 838 1294 890 015
1313 832 1541 902 ὀδόντες
1572 832 1744 892 αὐτοῦ

130 917 164 993 ἢ
203 917 398 992 γάλα.”
460 921 659 978 τούτου
705 922 796 977 καὶ
841 917 1004 986 ἄλλος
1051 917 1426 991 ἐμνημόνευσε
1458 918 1744 993 προφήτης

69 1027 110 1059 10
132 1004 314 1077 φήσας
338 1001 586 1062 “θυσίαν
617 1005 708 1061 καὶ
741 1002 1070 1077 προσφορὰν
1099 1001 1202 1060 οὐκ
1233 1001 1541 1076 ἠθέλησας,
1589 1007 1745 1077 σῶμα

134 1090 195 1145 δὲ
226 1095 534 1162 κατηρτίσω
565 1085 717 1162 μοι.”
780 1093 862 1145 81..
897 1085 1035 1144 ἀλλὰ
1066 1093 1239 1144 ταῦτα
1284 1094 1538 1155 πλείονος
1569 1086 1745 1160 βασά-

132 1196 235 1230 νου
269 1171 505 1246 δεόμενα
537 1176 630 1231 καὶ
652 1175 991 1247 μακροτέρας
1015 1175 1307 1246 ἑρμηνείας
1334 1165 1424 1229 ἐπὶ
1449 1175 1644 1246 σχολῆς
1675 1170 1748 1229 ἄν

131 1281 212 1323 τις
243 1263 592 1331 βασανίσειε,
634 1263 733 1315 τοῦ
764 1256 1033 1331 παρόντος
1065 1260 1264 1330 καιροῦ
1291 1261 1533 1314 τοσαῦτα
1567 1263 1747 1314 εἰπεῖν

134 1338 539 1414 ἀπαιτήσαντος
572 1348 648 1408 εἰς
679 1340 739 1399 τὸ
772 1347 1118 1415 παραστῆσαι
1149 1340 1415 1414 μετὰτῶν
1439 1340 1623 1401 ἄλλων
1654 1343 1745 1398 καὶ
1769 1363 1860 1405 (381)

71 1448 110 1479 15
133 1424 262 1492 τούς
293 1425 528 1499 χρόνους
559 1431 654 1499 τῆς
684 1430 781 1484 τοῦ
813 1431 1059 1499 σωτῆρος
1088 1424 1245 1498 ἡμῶν
1268 1433 1575 1500 παρουσίας
1605 1424 1747 1484 ἄνω-

134 1520 241 1567 θεν
278 1509 387 1568 ὑπὸ
432 1515 543 1568 τῶν
584 1509 864 1586 πρόπαλαι
906 1514 1207 1584 προφητῶν
1259 1513 1641 1583 ἐγνωσμένους
1680 1513 1750 1584 τῇ

134 1602 268 1670 θείᾳ
300 1598 492 1666 σαφῶς
524 1594 946 1670 παραδεδόσθαι
976 1597 1181 1667 γραφῇ.
1207 1588 1209 1590 μ

679 1816 808 1877 Ἀπὸ
839 1823 941 1877 τοῦ
965 1819 1198 1891 Λανιήλ.

264 1944 321 1993 11.
358 1927 506 1989 “Kal
550 1937 627 1988 ἔτι
666 1957 774 2004 μου
815 1935 1118 1998 λαλοῦντος
1153 1934 1245 1989 καὶ
1278 1934 1746 2006 προσευχομένου,
1775 1959 1861 2001 [2371

15 2073 18 2074 γ
77 2036 117 2068 20
143 2018 234 2073 καὶ
276 2015 696 2090 ἐξαγορεύοντος
735 2014 829 2083 τοὶς
869 2015 1137 2091 ἁμαρτίας
1177 2040 1284 2091 μου
1326 2015 1543 2082 καὶτὰς
1574 2011 1752 2088 ἁμαρ-
1779 2053 1796 2075 c

137 2107 256 2166 τίας
286 2103 387 2158 τοῦ
417 2104 554 2158 λαοῦ
584 2125 692 2173 μου
715 2099 960 2174 Ἰσραὴλ,
992 2104 1084 2159 καὶ
1116 2106 1440 2176 ῥιπτοῦντος
1470 2099 1566 2157 τὸν
1599 2099 1754 2158 ἔλεόν

139 2208 245 2257 μου
278 2191 465 2243 ἔναντι
494 2191 694 2257 κυρίου
737 2190 836 2243 τοῦ
866 2190 1006 2243 θεοῦ
1036 2211 1143 2260 μου
1174 2187 1301 2258 περὶ
1332 2188 1431 2242 τοῦ
1461 2183 1626 2258 ὅρους
1655 2189 1754 2242 τοῦ

140 2264 302 2341 ἁγίου
327 2275 426 2328 τοῦ
446 2272 589 2327 θεοῦ
609 2294 736 2343 μου,
761 2272 852 2327 καὶ
870 2278 947 2328 ἔτι
965 2295 1072 2344 μου
1095 2275 1396 2336 λαλοῦντος
1420 2272 1479 2326 ἐν
1498 2273 1565 2342 τῇ
1587 2289 1753 2343 προσ-

143 2377 295 2428 ευχη,
327 2355 419 2411 καὶ
453 2352 626 2411 ἰδοὺ
602 2378 631 2411 ο
655 2352 800 2427 ἀνὴρ
828 2355 1102 2430 Γαβριὴλ,
1126 2351 1192 2412 ὃν
1217 2355 1368 2412 εἶδον
1394 2358 1454 2411 ἐν
1476 2357 1544 2427 τῇ
1565 2350 1753 2427 ὁρασει

79 2458 120 2491 25
146 2439 206 2493 ἐν
234 2442 299 2510 τῇ
324 2435 484 2512 ἀρχῇ,
516 2436 831 2512 πετόμενος,
865 2442 956 2496 καὶ
980 2438 1158 2511 ἣψατό
1180 2463 1287 2512 μου
1313 2437 1444 2494 ωσεὶ
1468 2434 1619 2510 ω’ραν
1649 2446 1754 2493 θυ-

142 2528 264 2587 σίας
288 2523 599 2595 ἑσπερινῆς,
624 2525 714 2578 και
728 2525 987 2581 συνετισε
993 2546 1079 2596 με,
1100 2524 1192 2579 καὶ
1217 2521 1448 2593 ελαλησε
1461 2543 1559 2593 μετ
1597 2524 1803 2662 5:²40de

144 2606 236 2661 καὶ
271 2604 419 2677 εἰπε,
453 2603 690 2678 Δανιὴλ,
731 2613 841 2664 νῦν
872 2610 1107 2680 ἐξῆλθον
1131 2605 1472 2679 συμβιβασαι
1504 2623 1565 2662 σε
1596 2604 1754 2662 σύνε-

145 2707 249 2746 σιν.
312 2693 359 2746 2.
397 2693 457 2746 ἐν
497 2687 636 2764 ἀρχῇ
678 2694 773 2762 τῆς
820 2688 1060 2762 δεήσεως
1091 2708 1192 2748 σου
1226 2693 1459 2762 ἐξῆλθεν
1503 2687 1530 2747 ὁ
1576 2630 1803 2762 λόγος,(1

261 2883 313 2923 10
343 2883 418 2922 Ps.
440 2884 508 2933 40,
533 2883 574 2926 6.
749 2885 799 2924 19
831 2883 951 2923 Dan.
977 2885 1014 2934 9,
1041 2885 1108 2927 20.

229 2963 460 2992 EUSEBIUS
495 2965 571 2994 111.
963 2984 965 2986 -
1391 2951 1459 3004 33
