<?xml version="1.0" encoding="UTF-8"?>
<!DOCTYPE html PUBLIC "-//W3C//DTD XHTML 1.0 Transitional//EN"
    "http://www.w3.org/TR/xhtml1/DTD/xhtml1-transitional.dtd">
<html xmlns="http://www.w3.org/1999/xhtml" xml:lang="en" lang="en">
 <head>
  <title>
</title>
<meta http-equiv="Content-Type" content="text/html;charset=utf-8" />
  <meta name='ocr-system' content='tesseract 3.04.00' />
  <meta name='ocr-capabilities' content='ocr_page ocr_carea ocr_par ocr_line ocrx_word'/>
</head>
<body>
  <div class='ocr_page' id='page_1' title='image "./operaeusebius03euseuoft_0073.png"; bbox 0 0 1946 3158; ppageno 0'>
   <div class='ocr_carea' id='block_1_1' title="bbox 0 229 1826 2767">
    <p class='ocr_par' dir='ltr' id='par_1_1' title="bbox 0 229 1826 2767">
     <span class='ocr_line' id='line_1_1' title="bbox 126 229 1735 311; baseline -0.001 -16"><span class='ocrx_word' id='word_1_1' title='bbox 126 237 298 296; x_wconf 88' lang='grc' dir='ltr'><em>πάθει</em></span> <span class='ocrx_word' id='word_1_2' title='bbox 326 234 695 311; x_wconf 89' lang='grc' dir='ltr'><em>προστάττων.</em></span> <span class='ocrx_word' id='word_1_3' title='bbox 758 239 850 294; x_wconf 86' lang='grc' dir='ltr'><em>καὶ</em></span> <span class='ocrx_word' id='word_1_4' title='bbox 882 229 1073 303; x_wconf 81' lang='grc' dir='ltr'><em>αὖθις·</em></span> <span class='ocrx_word' id='word_1_5' title='bbox 1115 233 1144 293; x_wconf 85' lang='grc' dir='ltr'>ὁ</span> <span class='ocrx_word' id='word_1_6' title='bbox 1174 236 1277 309; x_wconf 76' lang='grc' dir='ltr'><em>μὲν</em></span> <span class='ocrx_word' id='word_1_7' title='bbox 1289 243 1502 310; x_wconf 84' lang='grc' dir='ltr'><em>Μωσῆς</em></span> <span class='ocrx_word' id='word_1_8' title='bbox 1526 251 1735 311; x_wconf 81' lang='grc' dir='ltr'><em>μοιχοῖς</em></span> 
     </span>
     <span class='ocr_line' id='line_1_2' title="bbox 127 319 1737 396; baseline -0.001 -16"><span class='ocrx_word' id='word_1_9' title='bbox 127 324 218 380; x_wconf 84' lang='grc' dir='ltr'><em>καὶ</em></span> <span class='ocrx_word' id='word_1_10' title='bbox 250 320 571 388; x_wconf 79' lang='grc' dir='ltr'><em>ἀκολάστοις</em></span> <span class='ocrx_word' id='word_1_11' title='bbox 604 320 908 380; x_wconf 79' lang='grc' dir='ltr'><em>διετάττετο</em></span> <span class='ocrx_word' id='word_1_12' title='bbox 937 319 997 379; x_wconf 85' lang='grc' dir='ltr'><em>τὸ</em></span> <span class='ocrx_word' id='word_1_13' title='bbox 1027 320 1101 396; x_wconf 83' lang='grc' dir='ltr'><em>μὴ</em></span> <span class='ocrx_word' id='word_1_14' title='bbox 1132 320 1430 395; x_wconf 82' lang='grc' dir='ltr'><em>μοιχεύειν,</em></span> <span class='ocrx_word' id='word_1_15' title='bbox 1462 322 1604 395; x_wconf 70' lang='grc' dir='ltr'><em>μηδὲ</em></span> <span class='ocrx_word' id='word_1_16' title='bbox 1633 320 1737 396; x_wconf 88' lang='grc' dir='ltr'><em>ἀρ-</em></span> 
     </span>
     <span class='ocr_line' id='line_1_3' title="bbox 129 402 1734 481; baseline -0.001 -16"><span class='ocrx_word' id='word_1_17' title='bbox 129 420 496 478; x_wconf 80' lang='grc' dir='ltr'><em>σενοκοιτεῖν,</em></span> <span class='ocrx_word' id='word_1_18' title='bbox 537 407 678 480; x_wconf 72' lang='grc' dir='ltr'><em>μηδὲ</em></span> <span class='ocrx_word' id='word_1_19' title='bbox 716 405 812 473; x_wconf 78' lang='grc' dir='ltr'><em>τὰς</em></span> <span class='ocrx_word' id='word_1_20' title='bbox 851 403 999 481; x_wconf 85' lang='grc' dir='ltr'><em>παρά</em></span> <span class='ocrx_word' id='word_1_21' title='bbox 1039 404 1215 480; x_wconf 87' lang='grc' dir='ltr'><em>φύσιν</em></span> <span class='ocrx_word' id='word_1_22' title='bbox 1253 402 1458 479; x_wconf 82' lang='grc' dir='ltr'><em>ἡδονὰς</em></span> <span class='ocrx_word' id='word_1_23' title='bbox 1492 405 1734 479; x_wconf 76' lang='grc' dir='ltr'><em>διώκειν,</em></span> 
     </span>
     <span class='ocr_line' id='line_1_4' title="bbox 126 488 1732 566; baseline 0 -18"><span class='ocrx_word' id='word_1_24' title='bbox 126 490 377 549; x_wconf 84' lang='grc' dir='ltr'><em>θάνατον</em></span> <span class='ocrx_word' id='word_1_25' title='bbox 416 488 518 564; x_wconf 87' lang='grc' dir='ltr'><em>τῆν</em></span> <span class='ocrx_word' id='word_1_26' title='bbox 555 497 827 566; x_wconf 79' lang='grc' dir='ltr'><em>τιμωρίαν</em></span> <span class='ocrx_word' id='word_1_27' title='bbox 866 506 980 557; x_wconf 79' lang='grc' dir='ltr'><em>τοῖς</em></span> <span class='ocrx_word' id='word_1_28' title='bbox 1011 497 1460 566; x_wconf 78' lang='grc' dir='ltr'><em>παραβαίνουσιν</em></span> <span class='ocrx_word' id='word_1_29' title='bbox 1492 490 1732 563; x_wconf 79' lang='grc' dir='ltr'><em>ἐπάγων,</em></span> 
     </span>
     <span class='ocr_line' id='line_1_5' title="bbox 83 572 1735 649; baseline 0 -15"><span class='ocrx_word' id='word_1_30' title='bbox 83 600 104 634; x_wconf 79' lang='lat'><strong>5</strong></span> <span class='ocrx_word' id='word_1_31' title='bbox 129 573 234 649; x_wconf 74' lang='grc' dir='ltr'><em>ἐγώ</em></span> <span class='ocrx_word' id='word_1_32' title='bbox 266 577 328 633; x_wconf 73' lang='grc' dir='ltr'><em>δὲ</em></span> <span class='ocrx_word' id='word_1_33' title='bbox 356 572 490 649; x_wconf 88' lang='grc' dir='ltr'><em>μηδ’</em></span> <span class='ocrx_word' id='word_1_34' title='bbox 526 579 819 649; x_wconf 80' lang='grc' dir='ltr'><em>ἐμβλέπειν</em></span> <span class='ocrx_word' id='word_1_35' title='bbox 848 589 1089 648; x_wconf 81' lang='grc' dir='ltr'><em>γυναῖκα</em></span> <span class='ocrx_word' id='word_1_36' title='bbox 1126 574 1242 648; x_wconf 83' lang='grc' dir='ltr'><em>μετ’</em></span> <span class='ocrx_word' id='word_1_37' title='bbox 1279 579 1579 649; x_wconf 81' lang='grc' dir='ltr'><em>ἐπιθυμίας</em></span> <span class='ocrx_word' id='word_1_38' title='bbox 1609 574 1735 634; x_wconf 83' lang='grc' dir='ltr'><em>ἀκο-</em></span> 
     </span>
     <span class='ocr_line' id='line_1_6' title="bbox 127 657 1734 734; baseline 0 -16"><span class='ocrx_word' id='word_1_39' title='bbox 127 659 331 718; x_wconf 89' lang='grc' dir='ltr'><em>λάστου</em></span> <span class='ocrx_word' id='word_1_40' title='bbox 360 660 489 728; x_wconf 81' lang='grc' dir='ltr'><em>τοὺς</em></span> <span class='ocrx_word' id='word_1_41' title='bbox 522 659 685 733; x_wconf 76' lang='grc' dir='ltr'><em>ἐμοὺς</em></span> <span class='ocrx_word' id='word_1_42' title='bbox 715 659 1001 734; x_wconf 85' lang='grc' dir='ltr'><em>βούλομαι.</em></span> <span class='ocrx_word' id='word_1_43' title='bbox 1074 666 1160 717; x_wconf 78' lang='grc'><em>68.</em></span> <span class='ocrx_word' id='word_1_44' title='bbox 1194 662 1286 718; x_wconf 82' lang='grc' dir='ltr'><em>καὶ</em></span> <span class='ocrx_word' id='word_1_45' title='bbox 1318 659 1512 718; x_wconf 81' lang='grc' dir='ltr'><em>πάλιν·</em></span> <span class='ocrx_word' id='word_1_46' title='bbox 1571 657 1601 718; x_wconf 81' lang='grc' dir='ltr'><em>ὃ</em></span> <span class='ocrx_word' id='word_1_47' title='bbox 1631 660 1734 734; x_wconf 69' lang='grc' dir='ltr'><em>μὲν</em></span> 
     </span>
     <span class='ocr_line' id='line_1_7' title="bbox 0 740 1734 843; baseline -0.001 -40"><span class='ocrx_word' id='word_1_48' title='bbox 0 762 2 843; x_wconf 33' lang='grc' dir='ltr'><em>ᾗ</em></span> <span class='ocrx_word' id='word_1_49' title='bbox 127 752 316 818; x_wconf 77' lang='grc' dir='ltr'><em>ἔλεγεν</em></span> <span class='ocrx_word' id='word_1_50' title='bbox 338 740 480 803; x_wconf 58' lang='lat' dir='ltr'><em>“ofin</em></span> <span class='ocrx_word' id='word_1_51' title='bbox 513 744 885 819; x_wconf 76' lang='grc' dir='ltr'><em>ἐπιορκήσεις,</em></span> <span class='ocrx_word' id='word_1_52' title='bbox 919 744 1229 813; x_wconf 76' lang='grc' dir='ltr'><em>ἀποδώσεις</em></span> <span class='ocrx_word' id='word_1_53' title='bbox 1262 746 1324 802; x_wconf 76' lang='grc' dir='ltr'><em>δὲ</em></span> <span class='ocrx_word' id='word_1_54' title='bbox 1353 751 1429 822; x_wconf 73' lang='grc' dir='ltr'><em>τῷ</em></span> <span class='ocrx_word' id='word_1_55' title='bbox 1459 748 1580 822; x_wconf 73' lang='grc' dir='ltr'><em>θεῷ</em></span> <span class='ocrx_word' id='word_1_56' title='bbox 1607 745 1734 813; x_wconf 79' lang='grc' dir='ltr'><em>τοὺς</em></span> 
     </span>
     <span class='ocr_line' id='line_1_8' title="bbox 0 827 1728 933; baseline 0 -46"><span class='ocrx_word' id='word_1_57' title='bbox 0 846 1 851; x_wconf 78' lang='grc'>’</span> <span class='ocrx_word' id='word_1_58' title='bbox 126 828 326 903; x_wconf 80' lang='grc' dir='ltr'><em>ὅρκους</em></span> <span class='ocrx_word' id='word_1_59' title='bbox 357 846 488 888; x_wconf 86' lang='grc' dir='ltr'><em>σου·</em></span> <span class='ocrx_word' id='word_1_60' title='bbox 537 827 644 902; x_wconf 74' lang='grc' dir='ltr'><em>ἐγω</em></span> <span class='ocrx_word' id='word_1_61' title='bbox 674 830 736 887; x_wconf 72' lang='grc' dir='ltr'><em>δὲ</em></span> <span class='ocrx_word' id='word_1_62' title='bbox 765 833 906 902; x_wconf 90' lang='grc' dir='ltr'><em>λέγω</em></span> <span class='ocrx_word' id='word_1_63' title='bbox 928 828 1064 903; x_wconf 81' lang='grc' dir='ltr'><em>ὑμῖν</em></span> <span class='ocrx_word' id='word_1_64' title='bbox 1094 830 1168 903; x_wconf 82' lang='grc' dir='ltr'><em>μὴ</em></span> <span class='ocrx_word' id='word_1_65' title='bbox 1178 827 1388 933; x_wconf 85' lang='grc' dir='ltr'><em>ὀμόσαι</em></span> <span class='ocrx_word' id='word_1_66' title='bbox 1415 827 1574 904; x_wconf 75' lang='grc' dir='ltr'><em>ὅλως,</em></span> <span class='ocrx_word' id='word_1_67' title='bbox 1607 828 1728 888; x_wconf 81' lang='grc' dir='ltr'><em>ἀλλ’</em></span> 
     </span>
     <span class='ocr_line' id='line_1_9' title="bbox 126 911 1734 989; baseline 0 -18"><span class='ocrx_word' id='word_1_68' title='bbox 126 920 280 972; x_wconf 80' lang='grc' dir='ltr'><em>ἔσται</em></span> <span class='ocrx_word' id='word_1_69' title='bbox 309 911 338 972; x_wconf 84' lang='grc' dir='ltr'>ὁ</span> <span class='ocrx_word' id='word_1_70' title='bbox 370 913 528 988; x_wconf 89' lang='grc' dir='ltr'><em>λόγος</em></span> <span class='ocrx_word' id='word_1_71' title='bbox 557 939 716 988; x_wconf 92' lang='grc' dir='ltr'><em>υμων</em></span> <span class='ocrx_word' id='word_1_72' title='bbox 747 917 839 972; x_wconf 89' lang='grc' dir='ltr'><em>ναὶ</em></span> <span class='ocrx_word' id='word_1_73' title='bbox 869 911 1105 987; x_wconf 82' lang='grc' dir='ltr'><em>ναί,οὓ</em></span> <span class='ocrx_word' id='word_1_74' title='bbox 1135 912 1227 972; x_wconf 81' lang='grc' dir='ltr'><em>οὔ</em></span> <span class='ocrx_word' id='word_1_75' title='bbox 1284 914 1343 972; x_wconf 86' lang='grc' dir='ltr'><em>τὸ</em></span> <span class='ocrx_word' id='word_1_76' title='bbox 1378 915 1436 972; x_wconf 72' lang='grc' dir='ltr'><em>δὲ</em></span> <span class='ocrx_word' id='word_1_77' title='bbox 1468 915 1734 989; x_wconf 83' lang='grc' dir='ltr'><em>περισσὸν</em></span> 
     </span>
     <span class='ocr_line' id='line_1_10' title="bbox 0 997 1734 1074; baseline 0.001 -19"><span class='ocrx_word' id='word_1_78' title='bbox 0 1026 1 1047; x_wconf 79' lang='lat'>1</span> <span class='ocrx_word' id='word_1_79' title='bbox 61 1023 103 1055; x_wconf 77' lang='grc' dir='ltr'><em>ιο</em></span> <span class='ocrx_word' id='word_1_80' title='bbox 125 998 339 1057; x_wconf 85' lang='grc' dir='ltr'><em>τούτων</em></span> <span class='ocrx_word' id='word_1_81' title='bbox 379 1002 440 1057; x_wconf 89' lang='grc' dir='ltr'><em>ἐκ</em></span> <span class='ocrx_word' id='word_1_82' title='bbox 477 1002 579 1056; x_wconf 78' lang='grc' dir='ltr'><em>τοῦ</em></span> <span class='ocrx_word' id='word_1_83' title='bbox 618 1002 867 1074; x_wconf 82' lang='grc' dir='ltr'><em>πονηροῦ</em></span> <span class='ocrx_word' id='word_1_84' title='bbox 907 997 1093 1057; x_wconf 52' lang='grc' dir='ltr'><em>ἐστινῖ</em></span> <span class='ocrx_word' id='word_1_85' title='bbox 1190 1001 1282 1056; x_wconf 87' lang='grc' dir='ltr'><em>καὶ</em></span> <span class='ocrx_word' id='word_1_86' title='bbox 1322 998 1515 1057; x_wconf 89' lang='grc' dir='ltr'><em>πάλιν·</em></span> <span class='ocrx_word' id='word_1_87' title='bbox 1563 999 1592 1056; x_wconf 84' lang='grc' dir='ltr'>ὁ</span> <span class='ocrx_word' id='word_1_88' title='bbox 1632 1024 1734 1073; x_wconf 87' lang='grc' dir='ltr'><em>μεν</em></span> 
     </span>
     <span class='ocr_line' id='line_1_11' title="bbox 123 1072 1735 1157; baseline -0.001 -16"><span class='ocrx_word' id='word_1_89' title='bbox 123 1082 251 1151; x_wconf 78' lang='grc' dir='ltr'><em>τούς</em></span> <span class='ocrx_word' id='word_1_90' title='bbox 281 1072 613 1151; x_wconf 82' lang='grc' dir='ltr'><em>ἀδικοῦντας</em></span> <span class='ocrx_word' id='word_1_91' title='bbox 654 1082 978 1157; x_wconf 75' lang='grc' dir='ltr'><em>ἀμύνασθαι</em></span> <span class='ocrx_word' id='word_1_92' title='bbox 1023 1086 1115 1141; x_wconf 85' lang='grc' dir='ltr'><em>καὶ</em></span> <span class='ocrx_word' id='word_1_93' title='bbox 1148 1080 1468 1142; x_wconf 82' lang='grc' dir='ltr'><em>ἀνταδικεῖν</em></span> <span class='ocrx_word' id='word_1_94' title='bbox 1498 1106 1735 1156; x_wconf 86' lang='grc' dir='ltr'><em>παρεκε-</em></span> 
     </span>
     <span class='ocr_line' id='line_1_12' title="bbox 125 1166 1735 1243; baseline 0.001 -18"><span class='ocrx_word' id='word_1_95' title='bbox 125 1167 315 1226; x_wconf 85' lang='grc' dir='ltr'><em>λεύετο</em></span> <span class='ocrx_word' id='word_1_96' title='bbox 346 1170 552 1243; x_wconf 91' lang='grc' dir='ltr'><em>λέγων,</em></span> <span class='ocrx_word' id='word_1_97' title='bbox 597 1167 894 1243; x_wconf 84' lang='grc' dir='ltr'><em>ὀφθαλμὸν</em></span> <span class='ocrx_word' id='word_1_98' title='bbox 924 1166 1048 1226; x_wconf 86' lang='grc' dir='ltr'><em>ἀντὶ</em></span> <span class='ocrx_word' id='word_1_99' title='bbox 1078 1167 1376 1242; x_wconf 79' lang='grc' dir='ltr'><em>ὀφθαλμοῦ</em></span> <span class='ocrx_word' id='word_1_100' title='bbox 1408 1171 1498 1226; x_wconf 82' lang='grc' dir='ltr'><em>καὶ</em></span> <span class='ocrx_word' id='word_1_101' title='bbox 1529 1167 1735 1226; x_wconf 85' lang='grc' dir='ltr'><em>ὀδόντα</em></span> 
     </span>
     <span class='ocr_line' id='line_1_13' title="bbox 124 1249 1826 1331; baseline -0.001 -22"><span class='ocrx_word' id='word_1_102' title='bbox 124 1253 247 1312; x_wconf 81' lang='grc' dir='ltr'><em>ἀντὶ</em></span> <span class='ocrx_word' id='word_1_103' title='bbox 277 1251 535 1326; x_wconf 86' lang='grc' dir='ltr'><em>ὀδόντος,</em></span> <span class='ocrx_word' id='word_1_104' title='bbox 583 1251 689 1326; x_wconf 75' lang='grc' dir='ltr'><em>ἐγώ</em></span> <span class='ocrx_word' id='word_1_105' title='bbox 732 1254 794 1311; x_wconf 74' lang='grc' dir='ltr'><em>δὲ</em></span> <span class='ocrx_word' id='word_1_106' title='bbox 833 1255 975 1326; x_wconf 87' lang='grc' dir='ltr'><em>λέγω</em></span> <span class='ocrx_word' id='word_1_107' title='bbox 1015 1249 1153 1327; x_wconf 78' lang='grc' dir='ltr'><em>ὑμῖν</em></span> <span class='ocrx_word' id='word_1_108' title='bbox 1193 1253 1267 1327; x_wconf 83' lang='grc' dir='ltr'><em>μὴ</em></span> <span class='ocrx_word' id='word_1_109' title='bbox 1306 1251 1628 1326; x_wconf 76' lang='grc' dir='ltr'><em>ἀντιστῆναι</em></span> <span class='ocrx_word' id='word_1_110' title='bbox 1658 1258 1733 1331; x_wconf 78' lang='grc' dir='ltr'><em>τῷ</em></span> <span class='ocrx_word' id='word_1_111' title='bbox 1760 1276 1826 1317; x_wconf 74' lang='lat'>(24)</span> 
     </span>
     <span class='ocr_line' id='line_1_14' title="bbox 126 1335 1735 1414; baseline 0.001 -20"><span class='ocrx_word' id='word_1_112' title='bbox 126 1342 379 1414; x_wconf 74' lang='grc' dir='ltr'><em>πονηρῷ,</em></span> <span class='ocrx_word' id='word_1_113' title='bbox 420 1335 548 1395; x_wconf 85' lang='grc' dir='ltr'><em>ἀλλ’</em></span> <span class='ocrx_word' id='word_1_114' title='bbox 591 1337 739 1406; x_wconf 82' lang='grc' dir='ltr'><em>ὅστις</em></span> <span class='ocrx_word' id='word_1_115' title='bbox 781 1357 843 1396; x_wconf 90' lang='grc' dir='ltr'><em>σε</em></span> <span class='ocrx_word' id='word_1_116' title='bbox 874 1343 1095 1413; x_wconf 80' lang='grc' dir='ltr'><em>ῥαπίσει</em></span> <span class='ocrx_word' id='word_1_117' title='bbox 1128 1341 1218 1396; x_wconf 89' lang='grc' dir='ltr'><em>ἐπὶ</em></span> <span class='ocrx_word' id='word_1_118' title='bbox 1257 1336 1360 1411; x_wconf 85' lang='grc' dir='ltr'><em>τὴν</em></span> <span class='ocrx_word' id='word_1_119' title='bbox 1393 1338 1582 1407; x_wconf 78' lang='grc' dir='ltr'><em>δεξιὰν</em></span> <span class='ocrx_word' id='word_1_120' title='bbox 1612 1357 1735 1396; x_wconf 88' lang='grc' dir='ltr'><em>σια-</em></span> 
     </span>
     <span class='ocr_line' id='line_1_15' title="bbox 64 1420 1734 1501; baseline 0.002 -24"><span class='ocrx_word' id='word_1_121' title='bbox 64 1444 104 1477; x_wconf 83' lang='lat'><em>15</em></span> <span class='ocrx_word' id='word_1_122' title='bbox 125 1420 264 1493; x_wconf 90' lang='grc' dir='ltr'><em>γόνα</em></span> <span class='ocrx_word' id='word_1_123' title='bbox 294 1440 423 1495; x_wconf 90' lang='grc' dir='ltr'><em>σου,</em></span> <span class='ocrx_word' id='word_1_124' title='bbox 457 1424 695 1496; x_wconf 81' lang='grc' dir='ltr'><em>στρέψον</em></span> <span class='ocrx_word' id='word_1_125' title='bbox 724 1422 874 1499; x_wconf 75' lang='grc' dir='ltr'><em>αὐτῷ</em></span> <span class='ocrx_word' id='word_1_126' title='bbox 906 1426 997 1480; x_wconf 87' lang='grc' dir='ltr'><em>καὶ</em></span> <span class='ocrx_word' id='word_1_127' title='bbox 1029 1423 1131 1495; x_wconf 84' lang='grc' dir='ltr'><em>τὴν</em></span> <span class='ocrx_word' id='word_1_128' title='bbox 1154 1421 1357 1495; x_wconf 76' lang='grc' dir='ltr'><em>ἄλλην·</em></span> <span class='ocrx_word' id='word_1_129' title='bbox 1405 1426 1494 1480; x_wconf 86' lang='grc' dir='ltr'><em>καὶ</em></span> <span class='ocrx_word' id='word_1_130' title='bbox 1526 1429 1602 1501; x_wconf 76' lang='grc' dir='ltr'><em>τῷ</em></span> <span class='ocrx_word' id='word_1_131' title='bbox 1633 1426 1734 1481; x_wconf 85' lang='grc' dir='ltr'><em>θέ-</em></span> 
     </span>
     <span class='ocr_line' id='line_1_16' title="bbox 126 1505 1733 1581; baseline 0.002 -19"><span class='ocrx_word' id='word_1_132' title='bbox 126 1511 283 1563; x_wconf 88' lang='grc' dir='ltr'><em>λοντί</em></span> <span class='ocrx_word' id='word_1_133' title='bbox 311 1524 397 1563; x_wconf 90' lang='grc' dir='ltr'><em>σοι</em></span> <span class='ocrx_word' id='word_1_134' title='bbox 428 1510 693 1579; x_wconf 82' lang='grc' dir='ltr'><em>κριθῆναι</em></span> <span class='ocrx_word' id='word_1_135' title='bbox 723 1509 813 1564; x_wconf 86' lang='grc' dir='ltr'><em>καὶ</em></span> <span class='ocrx_word' id='word_1_136' title='bbox 853 1505 951 1566; x_wconf 79' lang='grc' dir='ltr'><em>τὸν</em></span> <span class='ocrx_word' id='word_1_137' title='bbox 980 1507 1184 1581; x_wconf 77' lang='grc' dir='ltr'><em>χιτῶνά</em></span> <span class='ocrx_word' id='word_1_138' title='bbox 1215 1526 1317 1565; x_wconf 91' lang='grc' dir='ltr'><em>σου</em></span> <span class='ocrx_word' id='word_1_139' title='bbox 1348 1515 1564 1580; x_wconf 75' lang='grc' dir='ltr'><em>λαβεῖν,</em></span> <span class='ocrx_word' id='word_1_140' title='bbox 1597 1506 1733 1580; x_wconf 73' lang='grc' dir='ltr'><em>ἄφες</em></span> 
     </span>
     <span class='ocr_line' id='line_1_17' title="bbox 126 1587 1733 1667; baseline 0.001 -21"><span class='ocrx_word' id='word_1_141' title='bbox 126 1587 278 1667; x_wconf 75' lang='grc' dir='ltr'><em>αὐτῷ</em></span> <span class='ocrx_word' id='word_1_142' title='bbox 305 1593 398 1647; x_wconf 84' lang='grc' dir='ltr'><em>καὶ</em></span> <span class='ocrx_word' id='word_1_143' title='bbox 427 1589 487 1647; x_wconf 83' lang='grc' dir='ltr'><em>τὸ</em></span> <span class='ocrx_word' id='word_1_144' title='bbox 521 1590 750 1664; x_wconf 74' lang='grc' dir='ltr'><em>ἱμάτιον.</em></span> <span class='ocrx_word' id='word_1_145' title='bbox 814 1596 894 1648; x_wconf 71' lang='grc'><em>71.</em></span> <span class='ocrx_word' id='word_1_146' title='bbox 929 1594 1020 1649; x_wconf 88' lang='grc' dir='ltr'><em>καὶ</em></span> <span class='ocrx_word' id='word_1_147' title='bbox 1051 1590 1244 1649; x_wconf 84' lang='grc' dir='ltr'><em>πάλιν·</em></span> <span class='ocrx_word' id='word_1_148' title='bbox 1302 1590 1331 1649; x_wconf 84' lang='grc' dir='ltr'>ὁ</span> <span class='ocrx_word' id='word_1_149' title='bbox 1362 1593 1465 1665; x_wconf 73' lang='grc' dir='ltr'><em>μὲν</em></span> <span class='ocrx_word' id='word_1_150' title='bbox 1495 1591 1733 1666; x_wconf 84' lang='grc' dir='ltr'><em>παρῄνει</em></span> 
     </span>
     <span class='ocr_line' id='line_1_18' title="bbox 123 1673 1734 1751; baseline 0.002 -20"><span class='ocrx_word' id='word_1_151' title='bbox 123 1674 222 1732; x_wconf 86' lang='grc' dir='ltr'><em>τὸν</em></span> <span class='ocrx_word' id='word_1_152' title='bbox 250 1675 351 1748; x_wconf 72' lang='grc' dir='ltr'><em>μὲν</em></span> <span class='ocrx_word' id='word_1_153' title='bbox 381 1681 549 1748; x_wconf 83' lang='grc' dir='ltr'><em>φίλον</em></span> <span class='ocrx_word' id='word_1_154' title='bbox 579 1673 829 1749; x_wconf 76' lang='grc' dir='ltr'><em>ἀγαπᾶν,</em></span> <span class='ocrx_word' id='word_1_155' title='bbox 862 1689 1047 1749; x_wconf 80' lang='grc' dir='ltr'><em>μισεῖν</em></span> <span class='ocrx_word' id='word_1_156' title='bbox 1079 1677 1142 1733; x_wconf 75' lang='grc' dir='ltr'><em>δὲ</em></span> <span class='ocrx_word' id='word_1_157' title='bbox 1169 1675 1297 1743; x_wconf 82' lang='grc' dir='ltr'><em>τοὺς</em></span> <span class='ocrx_word' id='word_1_158' title='bbox 1330 1674 1594 1751; x_wconf 72' lang='grc' dir='ltr'><em>ἐχθροὺς,</em></span> <span class='ocrx_word' id='word_1_159' title='bbox 1628 1675 1734 1749; x_wconf 71' lang='grc' dir='ltr'><em>ἐγώ</em></span> 
     </span>
     <span class='ocr_line' id='line_1_19' title="bbox 127 1755 1733 1835; baseline 0.001 -20"><span class='ocrx_word' id='word_1_160' title='bbox 127 1759 189 1816; x_wconf 74' lang='grc' dir='ltr'><em>δὲ</em></span> <span class='ocrx_word' id='word_1_161' title='bbox 231 1757 366 1817; x_wconf 88' lang='grc' dir='ltr'><em>καθ’</em></span> <span class='ocrx_word' id='word_1_162' title='bbox 412 1755 734 1834; x_wconf 79' lang='grc' dir='ltr'><em>ὑπερβολὴν</em></span> <span class='ocrx_word' id='word_1_163' title='bbox 772 1767 1202 1835; x_wconf 81' lang='grc' dir='ltr'><em>φιλανθρωπίας</em></span> <span class='ocrx_word' id='word_1_164' title='bbox 1252 1763 1342 1818; x_wconf 86' lang='grc' dir='ltr'><em>καὶ</em></span> <span class='ocrx_word' id='word_1_165' title='bbox 1385 1759 1733 1829; x_wconf 80' lang='grc' dir='ltr'><em>ἀνεξικακίας</em></span> 
     </span>
     <span class='ocr_line' id='line_1_20' title="bbox 23 1841 1735 1919; baseline 0.002 -19"><span class='ocrx_word' id='word_1_166' title='bbox 23 1884 27 1890; x_wconf 92' lang='grc'><strong>-</strong></span> <span class='ocrx_word' id='word_1_167' title='bbox 62 1867 104 1901; x_wconf 80' lang='lat'><em>20</em></span> <span class='ocrx_word' id='word_1_168' title='bbox 125 1841 348 1916; x_wconf 76' lang='grc' dir='ltr'><em>ἀγαπᾶν</em></span> <span class='ocrx_word' id='word_1_169' title='bbox 376 1842 504 1911; x_wconf 83' lang='grc' dir='ltr'><em>τούς</em></span> <span class='ocrx_word' id='word_1_170' title='bbox 548 1843 782 1918; x_wconf 75' lang='grc' dir='ltr'><em>ἐχθροὺς</em></span> <span class='ocrx_word' id='word_1_171' title='bbox 822 1843 983 1919; x_wconf 76' lang='grc' dir='ltr'><em>ὑμῶν</em></span> <span class='ocrx_word' id='word_1_172' title='bbox 1012 1848 1328 1919; x_wconf 75' lang='grc' dir='ltr'><em>νομοθετῶ,</em></span> <span class='ocrx_word' id='word_1_173' title='bbox 1370 1847 1461 1902; x_wconf 86' lang='grc' dir='ltr'><em>καὶ</em></span> <span class='ocrx_word' id='word_1_174' title='bbox 1494 1845 1735 1918; x_wconf 85' lang='grc' dir='ltr'><em>προσεύ-</em></span> 
     </span>
     <span class='ocr_line' id='line_1_21' title="bbox 124 1924 1733 2033; baseline 0.002 -48"><span class='ocrx_word' id='word_1_175' title='bbox 124 1939 324 2002; x_wconf 86' lang='grc' dir='ltr'><em>χεσθαι</em></span> <span class='ocrx_word' id='word_1_176' title='bbox 353 1924 497 2003; x_wconf 75' lang='grc' dir='ltr'><em>ὑπὲρ</em></span> <span class='ocrx_word' id='word_1_177' title='bbox 527 1933 638 1987; x_wconf 70' lang='grc' dir='ltr'><em>τῶν</em></span> <span class='ocrx_word' id='word_1_178' title='bbox 671 1929 1007 2003; x_wconf 86' lang='grc' dir='ltr'><em>διωκόντων,</em></span> <span class='ocrx_word' id='word_1_179' title='bbox 1039 1928 1187 1997; x_wconf 79' lang='grc' dir='ltr'><em>ὅπως</em></span> <span class='ocrx_word' id='word_1_180' title='bbox 1215 1933 1459 2033; x_wconf 83' lang='grc' dir='ltr'><em>γένησθε</em></span> <span class='ocrx_word' id='word_1_181' title='bbox 1490 1933 1603 1988; x_wconf 76' lang='grc' dir='ltr'><em>υἱοὶ</em></span> <span class='ocrx_word' id='word_1_182' title='bbox 1634 1935 1733 1988; x_wconf 80' lang='grc' dir='ltr'><em>τοῦ</em></span> 
     </span>
     <span class='ocr_line' id='line_1_22' title="bbox 125 2009 1734 2125; baseline 0.002 -56"><span class='ocrx_word' id='word_1_183' title='bbox 125 2011 327 2089; x_wconf 81' lang='grc' dir='ltr'><em>πατρὸς</em></span> <span class='ocrx_word' id='word_1_184' title='bbox 356 2009 516 2087; x_wconf 79' lang='grc' dir='ltr'><em>ὑμων</em></span> <span class='ocrx_word' id='word_1_185' title='bbox 543 2017 642 2072; x_wconf 84' lang='grc' dir='ltr'><em>τοῦ</em></span> <span class='ocrx_word' id='word_1_186' title='bbox 674 2018 734 2073; x_wconf 85' lang='grc' dir='ltr'><em>ἐν</em></span> <span class='ocrx_word' id='word_1_187' title='bbox 763 2014 1052 2125; x_wconf 80' lang='grc' dir='ltr'><em>οὐρανοῖς,</em></span> <span class='ocrx_word' id='word_1_188' title='bbox 1105 2014 1254 2082; x_wconf 82' lang='grc' dir='ltr'><em>ὅστις</em></span> <span class='ocrx_word' id='word_1_189' title='bbox 1287 2013 1382 2072; x_wconf 86' lang='grc' dir='ltr'><em>τὸν</em></span> <span class='ocrx_word' id='word_1_190' title='bbox 1412 2012 1570 2088; x_wconf 79' lang='grc' dir='ltr'><em>ἥλιον</em></span> <span class='ocrx_word' id='word_1_191' title='bbox 1601 2013 1734 2072; x_wconf 79' lang='grc' dir='ltr'><em>ἀνα-</em></span> 
     </span>
     <span class='ocr_line' id='line_1_23' title="bbox 123 2097 1733 2201; baseline 0.002 -47"><span class='ocrx_word' id='word_1_192' title='bbox 123 2100 302 2155; x_wconf 84' lang='grc' dir='ltr'><em>τέλλει</em></span> <span class='ocrx_word' id='word_1_193' title='bbox 335 2100 423 2155; x_wconf 82' lang='grc' dir='ltr'><em>ἐπὶ</em></span> <span class='ocrx_word' id='word_1_194' title='bbox 454 2098 730 2174; x_wconf 83' lang='grc' dir='ltr'><em>πονηροὺς</em></span> <span class='ocrx_word' id='word_1_195' title='bbox 762 2102 854 2157; x_wconf 88' lang='grc' dir='ltr'><em>καὶ</em></span> <span class='ocrx_word' id='word_1_196' title='bbox 884 2097 1132 2174; x_wconf 77' lang='grc' dir='ltr'><em>ἀγαθούς</em></span> <span class='ocrx_word' id='word_1_197' title='bbox 1173 2103 1265 2158; x_wconf 84' lang='grc' dir='ltr'><em>καὶ</em></span> <span class='ocrx_word' id='word_1_198' title='bbox 1305 2103 1490 2201; x_wconf 83' lang='grc' dir='ltr'><em>βρέχει</em></span> <span class='ocrx_word' id='word_1_199' title='bbox 1532 2102 1621 2157; x_wconf 84' lang='grc' dir='ltr'><em>ἐπὶ</em></span> <span class='ocrx_word' id='word_1_200' title='bbox 1654 2106 1733 2158; x_wconf 88' lang='grc' dir='ltr'><em>δι-</em></span> 
     </span>
     <span class='ocr_line' id='line_1_24' title="bbox 125 2181 1778 2259; baseline 0.001 -20"><span class='ocrx_word' id='word_1_201' title='bbox 125 2188 316 2248; x_wconf 89' lang='grc' dir='ltr'><em>καίους</em></span> <span class='ocrx_word' id='word_1_202' title='bbox 347 2185 440 2240; x_wconf 87' lang='grc' dir='ltr'><em>καὶ</em></span> <span class='ocrx_word' id='word_1_203' title='bbox 470 2182 713 2252; x_wconf 89' lang='grc' dir='ltr'><em>ἀδίκους.</em></span> <span class='ocrx_word' id='word_1_204' title='bbox 788 2189 869 2242; x_wconf 83' lang='grc'><em>72.</em></span> <span class='ocrx_word' id='word_1_205' title='bbox 903 2188 995 2242; x_wconf 84' lang='grc' dir='ltr'><em>καὶ</em></span> <span class='ocrx_word' id='word_1_206' title='bbox 1028 2188 1116 2243; x_wconf 82' lang='grc' dir='ltr'><em>ἐπὶ</em></span> <span class='ocrx_word' id='word_1_207' title='bbox 1147 2184 1359 2252; x_wconf 85' lang='grc' dir='ltr'><em>τούτοις</em></span> <span class='ocrx_word' id='word_1_208' title='bbox 1392 2181 1420 2242; x_wconf 84' lang='grc' dir='ltr'><em>ὁ</em></span> <span class='ocrx_word' id='word_1_209' title='bbox 1463 2210 1566 2259; x_wconf 92' lang='grc' dir='ltr'><em>μεν</em></span> <span class='ocrx_word' id='word_1_210' title='bbox 1596 2183 1731 2258; x_wconf 80' lang='grc' dir='ltr'><em>πρὸς</em></span> <span class='ocrx_word' id='word_1_211' title='bbox 1760 2208 1778 2240; x_wconf 88' lang='lat' dir='ltr'>b</span> 
     </span>
     <span class='ocr_line' id='line_1_25' title="bbox 58 2265 1731 2345; baseline 0.002 -23"><span class='ocrx_word' id='word_1_212' title='bbox 58 2289 101 2323; x_wconf 83' lang='lat'><em>25</em></span> <span class='ocrx_word' id='word_1_213' title='bbox 125 2265 227 2339; x_wconf 85' lang='grc' dir='ltr'><em>τὴν</em></span> <span class='ocrx_word' id='word_1_214' title='bbox 267 2291 379 2325; x_wconf 93' lang='grc' dir='ltr'><em>των</em></span> <span class='ocrx_word' id='word_1_215' title='bbox 418 2274 640 2326; x_wconf 76' lang='grc' dir='ltr'><em>πολλῶν</em></span> <span class='ocrx_word' id='word_1_216' title='bbox 680 2276 950 2344; x_wconf 89' lang='grc' dir='ltr'><em>σκληρίαν</em></span> <span class='ocrx_word' id='word_1_217' title='bbox 990 2269 1250 2345; x_wconf 79' lang='grc' dir='ltr'><em>ἡρμόζετο</em></span> <span class='ocrx_word' id='word_1_218' title='bbox 1290 2273 1381 2328; x_wconf 78' lang='grc' dir='ltr'><em>καὶ</em></span> <span class='ocrx_word' id='word_1_219' title='bbox 1419 2285 1532 2337; x_wconf 80' lang='grc' dir='ltr'><em>τοῖς</em></span> <span class='ocrx_word' id='word_1_220' title='bbox 1565 2274 1731 2344; x_wconf 88' lang='grc' dir='ltr'><em>ἐμπα-</em></span> 
     </span>
     <span class='ocr_line' id='line_1_26' title="bbox 124 2351 1731 2429; baseline 0.002 -21"><span class='ocrx_word' id='word_1_221' title='bbox 124 2355 254 2409; x_wconf 90' lang='grc' dir='ltr'><em>θέσι</em></span> <span class='ocrx_word' id='word_1_222' title='bbox 284 2351 598 2426; x_wconf 83' lang='grc' dir='ltr'><em>κατάλληλα</em></span> <span class='ocrx_word' id='word_1_223' title='bbox 641 2353 973 2428; x_wconf 84' lang='grc' dir='ltr'><em>διετάττετο,</em></span> <span class='ocrx_word' id='word_1_224' title='bbox 1018 2358 1419 2429; x_wconf 78' lang='grc' dir='ltr'><em>ἐξηλλαγμένον</em></span> <span class='ocrx_word' id='word_1_225' title='bbox 1460 2357 1552 2412; x_wconf 87' lang='grc' dir='ltr'><em>καὶ</em></span> <span class='ocrx_word' id='word_1_226' title='bbox 1595 2354 1731 2412; x_wconf 34' lang='grc' dir='ltr'><em>ὑπο,</em></span> 
     </span>
     <span class='ocr_line' id='line_1_27' title="bbox 126 2435 1732 2515; baseline 0.001 -22"><span class='ocrx_word' id='word_1_227' title='bbox 126 2435 402 2510; x_wconf 84' lang='grc' dir='ltr'><em>βεβηκότα</em></span> <span class='ocrx_word' id='word_1_228' title='bbox 432 2437 581 2513; x_wconf 77' lang='grc' dir='ltr'><em>παρὰ</em></span> <span class='ocrx_word' id='word_1_229' title='bbox 611 2436 708 2496; x_wconf 81' lang='grc' dir='ltr'><em>τὸν</em></span> <span class='ocrx_word' id='word_1_230' title='bbox 746 2437 984 2498; x_wconf 82' lang='grc' dir='ltr'><em>παλαιὸν</em></span> <span class='ocrx_word' id='word_1_231' title='bbox 1022 2440 1228 2515; x_wconf 90' lang='grc' dir='ltr'><em>τρόπον</em></span> <span class='ocrx_word' id='word_1_232' title='bbox 1266 2438 1610 2512; x_wconf 82' lang='grc' dir='ltr'><em>παραδιδοὺς</em></span> <span class='ocrx_word' id='word_1_233' title='bbox 1643 2438 1732 2496; x_wconf 81' lang='grc' dir='ltr'><em>εὐ-</em></span> 
     </span>
     <span class='ocr_line' id='line_1_28' title="bbox 127 2522 1734 2598; baseline 0.001 -21"><span class='ocrx_word' id='word_1_234' title='bbox 127 2527 366 2592; x_wconf 83' lang='grc' dir='ltr'><em>σεβείας·</em></span> <span class='ocrx_word' id='word_1_235' title='bbox 437 2522 542 2596; x_wconf 74' lang='grc' dir='ltr'><em>ἐγώ</em></span> <span class='ocrx_word' id='word_1_236' title='bbox 586 2524 647 2580; x_wconf 75' lang='grc' dir='ltr'><em>δὲ</em></span> <span class='ocrx_word' id='word_1_237' title='bbox 690 2527 778 2582; x_wconf 88' lang='grc' dir='ltr'><em>ἐπὶ</em></span> <span class='ocrx_word' id='word_1_238' title='bbox 828 2524 924 2582; x_wconf 87' lang='grc' dir='ltr'><em>τὸν</em></span> <span class='ocrx_word' id='word_1_239' title='bbox 973 2528 1086 2583; x_wconf 74' lang='grc' dir='ltr'><em>τῶν</em></span> <span class='ocrx_word' id='word_1_240' title='bbox 1125 2524 1405 2598; x_wconf 89' lang='grc' dir='ltr'><em>πρόπαλαι</em></span> <span class='ocrx_word' id='word_1_241' title='bbox 1446 2526 1734 2596; x_wconf 73' lang='grc' dir='ltr'><em>θεοφιλῶν</em></span> 
     </span>
     <span class='ocr_line' id='line_1_29' title="bbox 126 2603 1733 2683; baseline 0.002 -22"><span class='ocrx_word' id='word_1_242' title='bbox 126 2603 354 2677; x_wconf 77' lang='grc' dir='ltr'><em>ἀνδρῶν</em></span> <span class='ocrx_word' id='word_1_243' title='bbox 385 2605 592 2681; x_wconf 81' lang='grc' dir='ltr'><em>εὐσεβῆ</em></span> <span class='ocrx_word' id='word_1_244' title='bbox 634 2611 726 2666; x_wconf 85' lang='grc' dir='ltr'><em>καὶ</em></span> <span class='ocrx_word' id='word_1_245' title='bbox 764 2613 1006 2683; x_wconf 88' lang='grc' dir='ltr'><em>θεοφιλῆ</em></span> <span class='ocrx_word' id='word_1_246' title='bbox 1040 2616 1165 2682; x_wconf 87' lang='grc' dir='ltr'><em>βιόν</em></span> <span class='ocrx_word' id='word_1_247' title='bbox 1195 2607 1574 2681; x_wconf 80' lang='grc' dir='ltr'><em>ἀνακαλοῦμαι</em></span> <span class='ocrx_word' id='word_1_248' title='bbox 1604 2607 1733 2675; x_wconf 79' lang='grc' dir='ltr'><em>τούς</em></span> 
     </span>
     <span class='ocr_line' id='line_1_30' title="bbox 61 2687 1732 2767; baseline 0.003 -23"><span class='ocrx_word' id='word_1_249' title='bbox 61 2711 104 2744; x_wconf 80' lang='lat'><em>30</em></span> <span class='ocrx_word' id='word_1_250' title='bbox 128 2687 354 2756; x_wconf 84' lang='grc' dir='ltr'><em>πάντας.</em></span> <span class='ocrx_word' id='word_1_251' title='bbox 419 2697 500 2749; x_wconf 77' lang='grc'><em>73.</em></span> <span class='ocrx_word' id='word_1_252' title='bbox 533 2695 626 2750; x_wconf 85' lang='grc' dir='ltr'><em>καὶ</em></span> <span class='ocrx_word' id='word_1_253' title='bbox 659 2690 750 2766; x_wconf 83' lang='grc' dir='ltr'><em>ἐφ’</em></span> <span class='ocrx_word' id='word_1_254' title='bbox 784 2691 991 2752; x_wconf 76' lang='grc' dir='ltr'><em>ἅπασιν</em></span> <span class='ocrx_word' id='word_1_255' title='bbox 1015 2690 1044 2751; x_wconf 81' lang='grc' dir='ltr'>ὁ</span> <span class='ocrx_word' id='word_1_256' title='bbox 1067 2695 1170 2767; x_wconf 74' lang='grc' dir='ltr'><em>μὲν</em></span> <span class='ocrx_word' id='word_1_257' title='bbox 1192 2699 1297 2766; x_wconf 84' lang='grc' dir='ltr'><em>γῆν</em></span> <span class='ocrx_word' id='word_1_258' title='bbox 1321 2696 1560 2766; x_wconf 80' lang='grc' dir='ltr'><em>ῥέουσαν</em></span> <span class='ocrx_word' id='word_1_259' title='bbox 1591 2691 1732 2766; x_wconf 84' lang='grc' dir='ltr'><em>γάλα</em></span> 
     </span>
    </p>
   </div>
   <div class='ocr_carea' id='block_1_2' title="bbox 0 0 1736 463">
    <p class='ocr_par' dir='ltr' id='par_1_2' title="bbox 0 0 1736 463">
     <span class='ocr_line' id='line_1_31' title="bbox 0 0 1736 172; baseline -0.003 -8"><span class='ocrx_word' id='word_1_260' title='bbox 0 0 3 163; x_wconf 46' lang='grc' dir='ltr'><em>λ</em></span> <span class='ocrx_word' id='word_1_261' title='bbox 572 121 881 165; x_wconf 85' lang='lat' dir='ltr'>DEMONST.</span> <span class='ocrx_word' id='word_1_262' title='bbox 914 121 1135 163; x_wconf 79' lang='lat' dir='ltr'><strong>EVANG.</strong></span> <span class='ocrx_word' id='word_1_263' title='bbox 1167 122 1202 161; x_wconf 92' lang='lat'><em>1.</em></span> <span class='ocrx_word' id='word_1_264' title='bbox 1235 121 1275 161; x_wconf 87' lang='lat'><em>6.</em></span> <span class='ocrx_word' id='word_1_265' title='bbox 1666 119 1736 172; x_wconf 85' lang='lat'><em>49</em></span> 
     </span>
     <span class='ocr_line' id='line_1_32' title="bbox 0 202 2 228; baseline 0 0"><span class='ocrx_word' id='word_1_266' title='bbox 0 202 2 228; x_wconf 64' lang='grc' dir='ltr'>ἱ</span> 
     </span>
     <span class='ocr_line' id='line_1_33' title="bbox 0 414 2 463; baseline 0 0"><span class='ocrx_word' id='word_1_267' title='bbox 0 414 2 463; x_wconf 65' lang='lat' dir='ltr'>k</span> 
     </span>
    </p>
   </div>
   <div class='ocr_carea' id='block_1_3' title="bbox 8 2216 30 2340">
    <p class='ocr_par' dir='ltr' id='par_1_3' title="bbox 8 2216 30 2340">
     <span class='ocr_line' id='line_1_34' title="bbox 8 2216 30 2340; textangle 90"><span class='ocrx_word' id='word_1_268' title='bbox 8 2277 23 2340; x_wconf 51' lang='lat' dir='ltr'><em>&amp;sa</em></span> <span class='ocrx_word' id='word_1_269' title='bbox 12 2255 30 2267; x_wconf 54' lang='lat' dir='ltr'><em>&#39;J</em></span> <span class='ocrx_word' id='word_1_270' title='bbox 12 2216 14 2233; x_wconf 32' lang='grc' dir='ltr'><em>*Α</em></span> 
     </span>
    </p>
   </div>
   <div class='ocr_carea' id='block_1_4' title="bbox 210 2885 1444 3008">
    <p class='ocr_par' dir='ltr' id='par_1_4' title="bbox 210 2885 1444 3008">
     <span class='ocr_line' id='line_1_35' title="bbox 241 2885 608 2932; baseline 0.005 -9"><span class='ocrx_word' id='word_1_271' title='bbox 241 2886 264 2924; x_wconf 83' lang='grc'><strong>7</strong></span> <span class='ocrx_word' id='word_1_272' title='bbox 295 2885 457 2929; x_wconf 85' lang='lat' dir='ltr'><strong>Matth.</strong></span> <span class='ocrx_word' id='word_1_273' title='bbox 481 2887 518 2932; x_wconf 76' lang='grc' dir='ltr'><em>ὅ,</em></span> <span class='ocrx_word' id='word_1_274' title='bbox 543 2889 608 2927; x_wconf 82' lang='grc'><em>33.</em></span> 
     </span>
     <span class='ocr_line' id='line_1_36' title="bbox 210 2959 1444 3008; baseline 0.013 -16"><span class='ocrx_word' id='word_1_275' title='bbox 210 2966 443 2996; x_wconf 70' lang='grc' dir='ltr'><em>ΕῑτεΕΒῐυε</em></span> <span class='ocrx_word' id='word_1_276' title='bbox 476 2969 550 3000; x_wconf 86' lang='lat'>111.</span> <span class='ocrx_word' id='word_1_277' title='bbox 1409 2959 1444 3008; x_wconf 84' lang='lat'>4</span> 
     </span>
    </p>
   </div>
  </div>
 </body>
</html>
