1992 3186
240 111 344 162 216
910 108 1161 151 EUSEBH

131 250 220 291 (149)
241 224 511 299 νήσαντος
542 224 710 299 φύσει
743 223 834 281 δια
864 231 958 296 τῆς
989 230 1193 290 οἰκείας
1224 221 1654 299 ἀπομεμίμηται·
1701 225 1848 299 πλὴν

241 307 369 367 ἀλλ’
405 316 482 367 ἔτι
513 314 683 367 ταῦτα
722 307 905 381 γεώδη
944 310 1038 365 καὶ
1067 307 1248 381 θνητοὶ
1287 311 1379 366 καὶ
1408 312 1547 383 μέρη
1575 315 1670 383 τῆς
1701 309 1849 369 κάτω

243 398 591 467 φθοροποιοῦ
621 394 712 450 καὶ
742 391 988 464 γεώδους
1011 390 1248 465 φύσεως.
1314 397 1394 450 13.
1428 393 1494 450 τά
1522 419 1584 467 γε
1613 392 1724 468 μὴν
1753 398 1849 468 τῆς

244 479 604 550 προκειμένης
644 473 779 550 ἡμῖν
818 483 1139 582 θεολογίας,
1182 479 1435 534 ἐπέκεινα
1474 476 1677 546 παντὸς
1717 477 1850 537 ὄντα

244 567 714 635 παραδείγματος,
747 559 914 618 οὐδεν
945 585 1048 633 μεν
1077 557 1196 617 οἷον
1227 585 1294 617 τα
1327 564 1386 617 ἐκ
1417 561 1686 635 σωμάτων
1717 561 1850 620 ἐπα-
1873 586 1897 620 5

242 669 414 718 γεται,
445 643 678 718 ὀξυτατῃ
713 645 773 701 δε
804 650 1025 703 διανοία
1055 643 1385 718 φανταζεται
1408 644 1534 703 υἱὸν
1563 646 1852 720 γεννητὸν,

244 727 309 786 οὐ
341 728 556 804 χρόνοις
587 732 689 803 μέν
721 747 864 788 τισιν
886 726 987 786 οὐκ
1010 726 1164 802 όντα,
1197 728 1433 802 ὕστερον
1453 731 1519 787 δέ
1539 753 1670 788 ποτε
1699 754 1855 803 γεγο-

154 841 218 883 [96]
245 813 408 886 νότα,
441 811 580 870 ἄλλα
619 812 724 888 πρὸ
765 813 983 889 χρόνων
1012 820 1259 872 αἰωνίων
1297 811 1432 872 ὅντα
1470 816 1561 871 καὶ
1592 813 1855 889 προόντα,

246 900 338 956 καὶ
368 902 444 974 τῷ
477 901 643 970 πατρὶ
675 897 747 965 ὡς
787 896 916 955 υἱὸν
949 898 1040 954 διὰ
1071 897 1276 964 παντὸς
1317 897 1589 971 συνόντα,
1630 901 1722 956 καὶ
1751 896 1855 956 οὐκ

247 980 552 1054 ἀγέννητον
573 980 734 1055 ὄντα,
760 981 1112 1056 γεννώμενον
1137 981 1192 1039 δ’
1226 985 1277 1051 ἐξ
1302 975 1610 1055 ἇγεννήτου
1631 981 1854 1057 πατρὸς,
1881 1005 1922 1037 10

247 1071 518 1141 μονογενῆ
549 1065 710 1140 ὄντα,
753 1065 920 1139 λόγον
948 1090 1007 1123 τε
1037 1069 1129 1123 καὶ
1159 1065 1300 1124 θεὸν
1332 1069 1391 1124 ἐκ
1420 1071 1589 1140 θεοῦ,
1621 1064 1688 1124 οὐ
1720 1066 1856 1124 κατα

251 1146 602 1224 διάστασινῆ
632 1151 806 1224 τομὴν
835 1146 868 1223 ἢ
902 1156 1177 1224 διαίρεσιν
1197 1153 1254 1207 ἐκ
1284 1154 1380 1224 τῆς
1403 1155 1502 1209 τοῦ
1530 1151 1734 1224 πατρὸς
1765 1149 1857 1208 οὐ·

240 1242 372 1302 σίας
403 1237 885 1309 προβεβλημένον,
928 1234 1179 1309 ἀρρήτως
1212 1235 1274 1292 δὲ
1304 1237 1395 1292 καὶ
1427 1233 1858 1308 ἄνεπιλογίστως

204 1348 225 1380 b
249 1318 410 1393 ἡμῖν,
445 1323 498 1387 ἐξ
529 1324 758 1392 αἰῶνος,
789 1324 998 1392 μᾶλλον
1030 1320 1090 1375 δὲ
1130 1317 1236 1393 πρὸ
1267 1318 1493 1378 πάντων
1522 1318 1766 1391 αἰώνων,
1799 1322 1860 1376 ἐκ

249 1408 344 1475 τῆς
374 1406 474 1460 τοῦ
502 1403 706 1476 πατρὸς
736 1402 1124 1477 ἆνεκφροέστου
1148 1405 1239 1459 καὶ
1261 1400 1629 1476 ἄπερινοήτου
1655 1407 1859 1476 βουλῆς
1883 1424 1925 1457 15

248 1511 310 1545 τε
340 1489 431 1544 καὶ
466 1486 751 1560 δυνάμεως
783 1485 1152 1560 οὐσιούμενον
1195 1486 1544 1545 διδασκοντα.
1596 1486 1736 1560 “τὴν
1766 1511 1861 1560 γε·

249 1571 385 1630 νεᾶν
407 1569 512 1679 γὰρ
538 1569 741 1629 αὐτοῦ”
786 1574 968 1644 φησὶε
973 1570 1077 1639 ’τίς
1101 1569 1476 1645 διηγήσεται;”
1517 1575 1608 1629 καὶ
1633 1570 1860 1645 “ὡ’σπερ

250 1653 437 1723 οὐδεὶς
478 1663 621 1728 ἔγνω
659 1655 756 1714 τὸν
786 1658 994 1730 πατέρα
1025 1662 1076 1714 εἰ
1111 1655 1185 1730 μὴ
1215 1652 1243 1713 ὁ
1274 1657 1424 1729 υίὸς,
1464 1653 1609 1714 οὕτω
1640 1657 1732 1713 καὶ
1763 1653 1862 1712 τὸν

250 1739 377 1798 υἱὸν
427 1738 614 1809 οὐδεὶς
666 1746 807 1813 ἔγνω
862 1747 913 1797 εἰ
959 1740 1032 1815 μὴ
1083 1739 1248 1814 μόνος
1299 1737 1327 1798 ὁ
1367 1738 1640 1813 γεννήσας
1691 1736 1862 1797 αὐτὸν

253 1821 492 1898 πατήρ.”
1882 1845 1923 1876 20

377 1921 453 1969 IV.
505 1908 666 1981 Πλὴν
696 1907 815 1965 ἄλλ’
855 1912 953 1966 ἕνα
983 1912 1256 1982 μονογενῆ
1300 1909 1390 1965 καὶ
1422 1905 1706 1980 ἀγαπητὸν
1735 1907 1862 1965 υἱὸν

259 1992 438 2050 ἐδόκει
467 1996 544 2069 τῷ
574 1991 885 2068 παναγοὲθω
917 1995 1080 2065 πατρὶ
1114 1995 1209 2064 τῆς
1238 1997 1353 2049 τών
1382 1994 1666 2064 γεννητῶν
1689 1987 1862 2048 ἁπάν-

253 2100 367 2134 των
407 2082 767 2149 δημιουργίας
812 2082 1266 2150 προϋφίστασθαι
1306 2081 1452 2147 δεῖν,
1495 2077 1612 2132 ἐπεὶ
1650 2077 1741 2131 καὶ
1774 2074 1862 2132 κό-

255 2177 396 2233 σμον
436 2164 562 2230 ἕνα,
605 2158 789 2231 ὥσπερ
831 2185 881 2216 τι
925 2164 987 2216 ἓν
1016 2163 1107 2216 καὶ
1143 2163 1282 2232 μέγα
1312 2165 1467 2232 σῶμα
1499 2163 1558 2215 ἐκ
1589 2156 1863 2217 πλειόνων

208 2272 230 2303 d
257 2247 350 2301 καὶ
382 2242 669 2316 διαφόρων
698 2248 882 2315 μελῶν
911 2266 971 2299 τε
1002 2247 1094 2300 καὶ
1123 2246 1308 2316 μερῶν
1335 2241 1572 2316 ἤμελλεν
1600 2239 1734 2300 ’ὅσον
1764 2240 1863 2299 οὐ-
1885 2264 1926 2297 25

259 2331 408 2386 δέπω
461 2326 902 2401 προβάλλεσθαι,
952 2336 1020 2366 ‘³²³³‘
1050 2323 1153 2383 οὐκ
1195 2331 1505 2383 ἐπιστατεῖν
1544 2327 1646 2399 μὲν
1687 2325 1863 2400 αὐτὴν

256 2411 501 2483 ἄνωθεν,
534 2409 718 2484 ὥσπερ
738 2418 981 2485 μείζονος
1013 2413 1254 2484 κεφαλῆς
1275 2417 1369 2483 τῆς
1390 2413 1489 2467 τοῦ
1512 2410 1715 2484 πατρὸς
1736 2410 1864 2468 θεό-

256 2521 415 2571 τητος
448 2498 771 2569 ἐξημμένην,
804 2492 1042 2570 (κεφαλὴ
1072 2493 1175 2568 γὰρ
1207 2498 1304 2550 τοῦ
1325 2498 1569 2568 Χριστοῦ
1597 2494 1625 2551 ὁ
1657 2495 1876 2569 πατήρ)

257 2580 572 2654 ἡγουμένην
615 2581 674 2637 δὲ
712 2582 804 2637 καὶ
843 2578 1314 2652 προϋπάρχουσαν
1354 2582 1465 2635 τῶν
1494 2578 1628 2652 μετὰ
1657 2578 1865 2652 ταύτην

258 2664 549 2738 ἁπάντων,
590 2661 657 2721 οὐ
699 2663 809 2738 μὴν
849 2662 987 2721 ἀλλὰ
1028 2665 1119 2719 καὶ
1160 2665 1499 2736 διαρκοῦσαν
1541 2674 1619 2730 εἴς
1662 2688 1722 2722 τε
1761 2661 1928 2735 τὴνεο

373 2858 426 2898 16
455 2858 534 2898 Es.
557 2858 624 2908 53,
649 2857 688 2901 8.
749 2871 793 2901 v,
813 2857 980 2898 Matth.
1005 2857 1070 2907 11,
1092 2857 1159 2899 27.
