1946 3158
221 121 291 173 64
869 119 1116 160 EUSEBII

222 236 368 296 Κάῖν
419 235 528 294 ἀπὸ
558 239 670 294 τῶν
709 237 938 309 καρπῶν
966 238 1062 307 τῆς
1101 238 1203 307 γῆς
1241 240 1453 292 θυσίαν
1491 239 1566 312 τῷ
1617 242 1823 313 κυρίῳ·

223 324 315 379 καὶ
355 320 521 393 ’Ἅβελ
572 319 770 393 ἤνεγκε
809 321 901 376 καὶ
942 315 1105 385 αὐτὸς
1159 318 1267 376 ἀπὸ
1307 323 1421 377 τῶν
1459 319 1826 394 πρωτοτόκων

222 413 334 464 τῶν
379 403 674 479 προβάτων
705 403 895 463 αὐτοῦ.
938 405 1031 460 καὶ
1062 406 1282 462 ἐπεῖδεν
1311 400 1339 461 ὁ
1373 403 1504 471 θεὸς
1539 406 1627 461 ἐπὶ
1655 401 1825 477 ’Ἅβελ

222 492 315 547 καὶ
349 492 438 547 ε’πὶ
468 503 582 555 τοῖς
615 487 813 560 δῶροις
845 484 1045 545 αὐτοῦ·
1090 489 1180 545 ἐπὶ
1213 488 1275 546 δὲ
1290 486 1436 546 Κάῖν
1466 490 1556 545 καὶ
1586 501 1703 556 ταῖς
1719 499 1825 546 θυ-

225 581 368 641 σίαις
401 573 571 631 αὐτοῦ
612 572 679 630 οὐ
711 570 1063 648 προσέσχεν.”
1124 576 1170 630 5.
1219 579 1361 630 ἔνθα
1403 572 1472 645 δὴ
1518 572 1869 646 ἐπιστήσειςε
1931 623 1933 626 ⁴

225 655 298 725 ῶς
321 664 532 731 μᾶλλον
562 656 591 715 ὁ
623 655 979 734 ζωοθυτήσας
1002 654 1304 723 ἆπόδεκτος
1329 666 1537 730 εἴρηται
1558 656 1707 730 παρὰ
1729 654 1827 714 τὸν

223 742 328 799 ἀπὸ
380 749 480 815 γῆς
530 740 953 815 προσαγαγόντα
992 748 1070 818 τῷ
1113 748 1230 819 θεῷ
1263 740 1365 814 τὴν
1404 749 1632 799 θυσίαν.
1734 743 1825 798 καὶ

225 833 356 884 Νῶε
389 827 450 883 δὲ
482 824 655 893 εὐθὺς
688 823 794 884 άπὸ
825 825 1050 884 πάντων
1078 832 1190 883 τῶν
1222 832 1440 898 κτηνῶν
1491 831 1604 883 τῶν
1645 836 1827 883 καθα-

225 917 340 982 ρῶν
381 914 474 968 καὶ
515 908 622 968 ἀπὸ
664 910 889 968 πάντων
929 917 1042 968 τῶν
1082 917 1352 968 πετεινῶν
1392 915 1505 967 τῶν
1558 915 1827 983 καθαρῶν

222 994 531 1068 ἀνήνεγκεν
570 994 977 1071 ὃλοκαρπῶσεις
1020 997 1108 1052 ἐπὶ
1148 993 1208 1052 τὸ
1247 993 1679 1103 θυσιαστήριον,
1732 997 1826 1052 καὶ
1849 1018 1889 1050 10

226 1079 540 1154 ῶσφράνθη
567 1079 756 1155 κύριος
787 1077 966 1152 ὀσμὴν
997 1076 1250 1145 εὐωδίας.
1299 1077 1437 1136 ἀλλὰ
1462 1082 1552 1136 καὶ
1579 1077 1827 1153 Ἀβραάμ

223 1162 405 1230 θύσας
435 1163 878 1238 ἀναγέγραπται,
912 1161 1053 1222 ῶστε
1083 1162 1220 1221 κατὰ
1250 1162 1351 1236 τὴν
1380 1168 1475 1236 τῆς
1498 1169 1659 1230 θείας
1689 1188 1830 1236 γρα-

136 1276 200 1318 (35)
190 1252 333 1322 )φῆς
364 1255 676 1323 μαρτυρίαν
706 1248 932 1322 πρωτην
962 1245 1225 1306 απάντων
1253 1248 1356 1320 τὴν
1399 1247 1489 1304 δια
1531 1247 1683 1324 ζῴων
1722 1259 1826 1306 θυ-

221 1338 350 1391 σίαν
381 1336 774 1406 ἐπινενοῆσθαι
796 1347 909 1400 τοῖς
940 1332 1106 1389 πάλαι
1129 1336 1432 1405 θεοφιλέσι.
1475 1338 1522 1390 6.
1546 1331 1745 1390 τούτου
1768 1333 1830 1390 δὲ

221 1415 318 1474 τὸν
358 1416 620 1492 λογισμὸν
657 1414 894 1491 ἡγοῦμαι
946 1418 1087 1475 εἶναι
1127 1416 1193 1474 οὐ
1233 1417 1330 1474 τὸν
1369 1415 1632 1490 τύχοντα,
1697 1415 1820 1475 οὐδ’
1848 1439 1889 1472 15

222 1501 596 1577 ἀνθρωπίνως
628 1503 1008 1576 κεκινημένον,
1041 1501 1179 1559 κατὰ
1223 1507 1389 1559 θείαν
1432 1499 1487 1558 δ’
1533 1504 1827 1559 ἐπίπνοιαν

221 1583 691 1660 ὑποβεβλημένου.
754 1585 946 1660 ἐπειδὴ
977 1585 1081 1660 γάρ
1114 1586 1330 1661 ἑῶρων,
1373 1584 1468 1643 ἅτε
1496 1584 1593 1643 τὸν
1622 1584 1827 1660 τρόπον

224 1667 472 1744 εὐσεβεῖς
521 1674 614 1728 καὶ
665 1675 785 1749 θεῷ
824 1673 1304 1749 προσωκειωμένοι
1352 1677 1494 1747 θείῳ
1546 1694 1605 1728 τε
1659 1669 1826 1728 πνεύ-

222 1779 350 1829 ματι
380 1755 474 1823 τὰς
507 1755 686 1829 ψυχὰς
718 1758 1141 1830 πεφωτισμένοι,
1173 1753 1415 1828 μεγάλης
1447 1751 1632 1822 αὐτοῖς
1655 1764 1824 1828 θερα-

222 1847 380 1906 πείας
412 1846 534 1897 δεῖν
566 1847 644 1906 εἰς
674 1837 1064 1913 ἀποκάθαρσιν
1096 1843 1207 1896 τῶν
1236 1843 1464 1912 θνητῶν
1503 1847 1823 1913 πλημμελη-
1846 1864 1888 1897 20

223 1923 441 1997 μάτων,
475 1923 678 1997 λύτρον
709 1926 804 1996 τῆς
835 1924 1020 1981 αὐτῶν
1051 1930 1322 1997 σωτηρίας
1353 1928 1428 2000 τῷ
1460 1926 1552 1980 καὶ
1577 1930 1710 1997 ζωῆς
1732 1926 1824 1981 καὶ

223 2012 400 2081 ψυχῆς
439 2014 657 2084 χορηγῷ
706 2015 1177 2082 προσοφείλεσθαι
1217 2007 1470 2080 ἡγοῦντο.
1548 2014 1592 2066 7.
1637 2015 1824 2066 ἔπειτα

223 2092 399 2165 μηδὲν
429 2105 678 2167 κρεῖττον
709 2094 801 2149 καὶ
823 2093 1144 2166 τιμιώτερον
1166 2097 1262 2165 τῆς
1294 2099 1499 2160 οἰκείας
1520 2097 1697 2167 ψυχῆς
1727 2117 1822 2150 κα-

178 2199 200 2232 b
224 2178 456 2251 θιεροῦν
487 2182 700 2250 ἔχοντες
733 2175 858 2234 ἀντὶ
886 2175 1087 2250 ταύτης
1121 2179 1254 2243 τέως
1285 2177 1387 2250 τὴν
1419 2177 1511 2234 διὰ
1549 2180 1662 2235 τῶν
1691 2174 1824 2234 ἆλό-

223 2285 339 2332 γων
371 2259 523 2338 ζῴων
553 2265 834 2334 προσῆγον
863 2267 1092 2334 θυσίαν,
1139 2268 1235 2334 τῆς
1267 2268 1428 2335 σφῶν
1459 2266 1636 2335 ψυχῆς
1668 2261 1818 2319 ἀντί·
1842 2285 1884 2317 25

225 2359 374 2419 ψυχα
404 2352 880 2420 προσκομίζουτες·
913 2343 1081 2403 οὐδὲν
1123 2346 1259 2403 κατὰ
1289 2350 1448 2403 τοῦτο
1479 2354 1821 2419 πλημμελεῖν

225 2427 349 2487 οὐδ’
394 2429 611 2489 ἀδικεῖν
663 2427 991 2504 ἡγούμενοι,
1033 2429 1114 2487 ὅτι
1154 2431 1293 2503 μηδὲ
1333 2435 1399 2505 τῇ
1438 2434 1551 2487 τῶν
1594 2427 1821 2525 άνθρῶ-

225 2537 345 2573 πων
375 2521 568 2589 λογικῇ
599 2517 690 2572 καὶ
735 2519 901 2591 νοερᾷ
942 2513 1174 2588 δυνάμει
1222 2520 1616 2588 παραπλησίαν
1679 2515 1822 2572 εἶναι

224 2597 326 2671 τὴν
356 2599 540 2673 ψυχὴν
579 2603 692 2658 τῶν
732 2598 950 2673 ἀλόγων
982 2597 1372 2671 ἐπαιδεύοντο,
1416 2596 1549 2656 οὐδ’
1593 2596 1727 2656 άλλο
1768 2623 1819 2656 τι

226 2680 401 2755 αὐτὴν
431 2709 464 2756 η
494 2684 553 2741 τὸ
585 2682 720 2758 αἷμα
751 2681 935 2742 αυτῶν
967 2683 1110 2742 εἶναι
1140 2682 1560 2793 μεμαθηκότες,
1593 2686 1685 2740 καὶ
1714 2682 1816 2756 τὴν
1840 2706 1880 2739 30

227 2770 286 2823 ἐν
316 2771 393 2842 τῷ
423 2793 607 2841 αιματι
640 2769 868 2842 ζωτικὴν
901 2767 1167 2842 δύναμιν,
1209 2793 1237 2825 ο
1282 2771 1371 2825 καὶ
1415 2771 1678 2842 παρέχειν
1718 2793 1816 2825 αν·-

224 2849 371 2922 τούς,
404 2849 586 2925 ῶσπερ
613 2854 797 2927 ψυχὴν
816 2853 939 2911 αντὶ
971 2856 1148 2927 ψυχῆς
1178 2850 1555 2928 ἀναφέροντας
1585 2857 1659 2910 τῶ
1682 2859 1815 2910 θεῶ.
