1946 3158
549 113 857 155 DEMONST.
891 113 1118 157 EVANG.
1150 114 1232 158 111.
1266 115 1306 155 5.
1629 112 1736 164 18Τ

114 228 185 303 δὴ
217 223 319 288 οῦν
361 230 539 303 μηδὲν
574 235 668 302 τῆς
705 227 973 302 ἀληθείας
1027 232 1086 287 ἐν
1136 241 1248 296 τοῖς
1308 225 1725 303 ἀπεμφαίνουσι

117 317 208 372 καὶ
248 324 608 388 σκυθρωποῖς
648 314 1132 389 παραχαράξαντες
1183 316 1298 381 πῶς
1344 313 1446 371 οὐκ
1489 310 1560 371 ἀν
1611 313 1724 372 εἶεν

114 397 255 467 ἄξιοι
291 400 382 455 καὶ
416 401 477 456 ἐν
505 413 617 465 τοῖς
649 406 894 472 λοιποῖς,
933 406 1015 465 οἱς
1049 397 1436 473 ἐμαρτύρησαν
1467 395 1617 475 αὐτῷ
1658 423 1724 456 τα

113 481 428 556 παράδοξα,
464 482 682 555 φαύλης
725 482 875 550 ἐκτὸς
916 482 1185 550 ὑπονοίας
1216 482 1588 553 καθεστάναι;
1624 481 1727 540 αὐ-

67 590 90 623 5
112 566 314 641 τάρκης
343 591 447 640 μεν
476 569 579 624 οὐν
620 569 711 625 καὶ
755 567 789 641 ἡ
820 573 997 626 τῶνδε
1027 566 1286 641 τυγχάνει
1328 570 1455 641 περὶ
1488 572 1587 625 τοῦ
1619 586 1726 625 σω-

110 656 273 726 τῆρος
305 650 461 725 ἡμῶν
502 660 795 726 μαρτυρία.
868 649 1037 709 οὐδεν
1071 653 1132 709 δὲ
1162 649 1282 709 οἷον
1309 655 1368 709 ἐκ
1398 659 1722 726 περιουσίας

112 738 204 793 καὶ
235 741 311 812 τῷ
353 738 406 804 ἐξ
429 737 704 812 Ἑβραίων
729 734 975 813 Ἰωσήπῳ
1016 734 1254 810 μάρτυρι
1284 735 1629 810 χρήσασθαι,
1660 735 1719 804 ὃς
1745 759 1765 790 ι)

113 823 174 878 ἐν
211 825 286 897 τῷ
327 819 778 898 ὀκτωκαιδεκάτῳ
830 824 926 893 τῆς
959 819 1268 892 Ἰουδαϊκῆς
1315 817 1723 927 Ἀρχαιολογίας

109 929 176 962 τα
206 928 343 962 κατα
370 905 497 972 τοὺς
525 903 775 964 Πιλάτου
800 903 1036 978 χρόνους
1058 908 1295 979 ἱστορῶν
1324 907 1593 978 μέμνηται
1625 909 1723 963 τοῦ

46 1013 87 1045 ιο
111 991 354 1063 σωτῆρος
385 986 542 1063 ἡμῶν
575 994 634 1047 ἐν
663 988 875 1056 τούτοις

241 1070 396 1178 105.
401 1073 646 1132 “Γίνεται
674 1075 733 1131 δε
758 1071 879 1131 κατ’
916 1076 1131 1131 ἐκεῖνον
1154 1071 1250 1131 τὸν
1273 1072 1476 1148 χρόνον
1493 1072 1721 1146 Ἰησοῦς,

110 1157 282 1232 σοφὸς
312 1157 484 1233 ἀνὴρ,
529 1167 672 1232 εἴγε
703 1156 884 1233 ἀνδρα
915 1156 1085 1216 αὐτὸν
1116 1159 1300 1231 λέγειν
1330 1157 1449 1260 χρη.
1513 1159 1583 1231 ἠν
1614 1183 1721 1232 γαρ

109 1242 440 1318 παραδόξων
485 1250 665 1318 ἔργων
711 1243 967 1316 ποιητὴς,
1017 1242 1348 1310 διδάσκαλος
1397 1240 1723 1316 ἀνθρώπων

108 1325 327 1400 τάληθῆ
356 1331 690 1401 σεβομένων.
743 1330 834 1384 καὶ
865 1327 1102 1395 πολλοὺς
1133 1352 1236 1401 μεν
1266 1332 1364 1385 τοῦ
1391 1326 1719 1398 Ἰουδαικοῦ,

45 1433 85 1466 15
110 1410 346 1478 πολλοὺς
379 1412 440 1468 δε
471 1414 562 1468 καὶ
592 1416 690 1468 τοῦ
714 1407 1036 1484 Ἑλληνικοῦ
1059 1410 1376 1485 ἐπηγάγετο.
1426 1408 1454 1469 ὁ
1487 1414 1721 1485 Χριστὸς

107 1520 266 1562 ουτος
296 1512 391 1568 ην
450 1498 541 1553 καὶ
575 1494 745 1552 αὐτὸν
778 1498 1008 1564 ἐνδείξει
1038 1520 1151 1553 των
1181 1496 1312 1569 παρ’
1350 1493 1485 1570 ἡμῖν
1515 1495 1759 1570 ἀρχόν-ο

107 1604 219 1638 των
251 1599 471 1657 σταυρω
505 1578 940 1653 επιτετιμηκότος
971 1578 1239 1652 Πιλάτου,
1271 1577 1374 1637 οῦκ
1406 1579 1720 1638 ἐπαύσαντο

107 1669 166 1722 οἶ
189 1664 247 1721 τὸ
279 1667 500 1739 πρῶτον
538 1663 937 1737 ἀγαπήσαντες.
1014 1669 1130 1722 106.
1167 1662 1344 1738 ἐφάνη
1385 1665 1489 1737 γὰρ
1533 1661 1719 1732 αὐτοῖς

105 1743 296 1822 τρίτην
347 1747 560 1823 ἡμέραν
612 1747 781 1806 πάλιν
834 1752 968 1821 ζῶν,
1022 1751 1135 1806 τῶν
1194 1755 1372 1807 θείων
1417 1753 1719 1822 προφητῶν
1746 1762 1812 1805 [⁸1]

43 1855 86 1888 20
107 1832 278 1891 ταῦτά
300 1856 360 1891 τε
383 1835 475 1891 καὶ
500 1831 639 1891 ἄλλα
662 1839 835 1908 μυρία
859 1836 984 1906 περὶ
1018 1832 1194 1891 αὐτοῦ
1219 1832 1534 1907 εἰρηκότων.
1580 1831 1719 1892 ὅθεν

109 1920 273 1975 εἰσέτι
303 1923 410 1976 νῦν
439 1916 547 1976 ἀπὸ
578 1921 744 1975 τοῦδε
767 1922 879 1976 τῶν
905 1922 1256 1994 Χριστιανῶν
1279 1916 1382 1976 οὐκ
1407 1920 1628 1976 ἐπέλιπε
1658 1919 1718 1976 τὸ

108 1999 344 2075 φῦλον.”

231 2092 345 2145 107.
379 2092 454 2145 Εἰ
479 2093 673 2144 τοίνυν
703 2089 794 2144 καὶ
826 2086 964 2144 κατὰ
994 2086 1091 2144 τὸν
1123 2086 1403 2162 ἱστορικὸν
1425 2102 1719 2161 μαρτυρεῖ-

106 2194 194 2228 ται
224 2168 290 2230 οῦ
320 2169 492 2244 μόνον
521 2170 650 2239 τοὺς
683 2170 900 2229 δώδεκα
931 2169 1271 2239 ἀποστόλους
1302 2169 1433 2229 οὐδὲ
1464 2170 1592 2239 τοὺς
1625 2175 1721 2245 ἑβ-

42 2276 85 2309 25
110 2254 420 2328 δομήκοντα
450 2254 702 2329 μαθητὰς
734 2258 1155 2332 ἐξῳκειωμένος,
1186 2255 1325 2314 ἀλλὰ
1349 2256 1586 2324 πολλοὺς
1616 2258 1719 2330 μὲν

105 2343 202 2396 τοῦ
226 2337 566 2413 Ἰουδαϊκοῦ,
598 2340 834 2407 πολλοὺς
867 2342 926 2398 δὲ
956 2344 1055 2399 τοῦ
1076 2339 1399 2415 Ἑλληνικοῦ
1441 2340 1717 2415 προσαγό-

103 2446 297 2497 μενος,
354 2429 517 2497 δῆλος
561 2421 631 2481 ἂν
679 2433 762 2498 εἰή
808 2424 1064 2500 περιττόν
1106 2449 1159 2483 τι
1197 2427 1528 2499 κεκτημένος
1569 2424 1718 2498 παρὰ

106 2505 234 2573 τοὺς
276 2508 498 2576 λοιποὺς
536 2507 889 2582 ἀνθρώπους.
966 2511 1089 2566 108.
1123 2513 1240 2577 πῶς
1281 2509 1386 2582 γὰρ
1427 2504 1497 2565 ἂν
1538 2506 1716 2575 ἄλλως

106 2590 410 2664 προσήγετο
433 2597 530 2651 τοῦ
555 2591 865 2651 Ἰουδαϊκοῦ
887 2595 979 2651 καὶ
1003 2597 1100 2650 τοῦ
1122 2592 1443 2666 Ἑλληνικοῦ
1467 2599 1713 2666 πλείους,
1742 2622 1766 2654 d

41 2696 84 2729 30
110 2680 161 2731 εἰ
188 2673 262 2748 μή
285 2693 390 2732 τισι
415 2687 758 2750 θαυμαστοῖς
782 2681 874 2735 καὶ
897 2676 1228 2753 παραδόξοις
1252 2684 1433 2750 ἔργοις
1456 2678 1547 2733 καὶ
1573 2681 1718 2745 ξενι-

109 2757 274 2831 ζούσῃ
317 2762 543 2834 κέχρητο
585 2767 943 2839 διδασκαλίας
995 2775 1268 2836 μαρτυρεῖ
1305 2763 1367 2819 δὲ
1407 2763 1499 2818 καὶ
1540 2761 1572 2833 ἡ
1605 2766 1716 2823 τῶν

109 2841 379 2916 Πράξεων
407 2847 518 2902 τῶν
549 2842 870 2905 ἀποστόλων
910 2847 1124 2923 γραφὴ,
1166 2846 1247 2905 ὅτι
1288 2848 1485 2905 πολλαὶ
1515 2847 1718 2922 μυριά-
