1992 3186
242 115 347 168 592
934 116 1186 157 EUSEBII

243 255 334 298 τος
363 230 519 289 οἶνον
548 228 962 303 μετασκευάσας
982 228 1197 303 “οἰρχὴν
1230 229 1430 288 αὐτόθι
1469 234 1582 287 τῶν
1610 235 1856 303 σημείων

248 314 539 387 ἐποιήσατο
560 359 573 386 ,
605 312 696 372 ὅτε
726 316 819 371 καὶ
851 316 1168 387 ἐφανέρωσε
1199 312 1301 386 τήν
1334 313 1500 382 δόξαν
1531 310 1732 386 αὐτοῦ,
1763 316 1855 371 καὶ

249 405 579 457 ἐπίστευσαν
609 403 667 456 οἱ
692 397 992 471 μαθηταί.”
1050 404 1098 456 8.
1131 400 1239 456 θέα
1272 399 1333 455 δὲ
1361 397 1505 472 εἰμὴ
1533 397 1667 456 αὐτὸ
1692 404 1856 456 τοῦτο

247 487 467 557 πρῶτον
495 488 595 540 τοῦ
629 489 872 556 σωτῆρος
902 482 1061 556 ἡμῶν
1089 486 1283 556 θαῦμα
1314 485 1375 541 ἐν
1403 487 1566 559 Κανᾷ
1587 487 1682 557 τῆς
1693 491 1855 541 Γαλι-

246 574 404 635 λαίας
433 566 736 640 γενόμενον
768 569 858 624 ἐπὶ
887 573 983 640 τῆς
1013 570 1114 625 τοῦ
1142 577 1300 626 οἴνου
1323 573 1630 641 μεταβολῆς
1659 573 1857 627 θεσπί-
1879 593 1900 624 5

246 659 354 721 ζων
400 656 461 709 ἐν
505 649 646 726 ἀρχῇ
690 655 786 755 τής
831 659 1169 726 προφητείας
1213 659 1545 727 παρίστησιν
1589 650 1618 709 ὁ
1663 650 1858 725 παρεὸν

245 734 434 809 λόγος,
466 733 738 809 φάσκων
741 736 924 794 τοῦτο
949 740 1171 810 πρῶτον
1201 744 1312 810 πίε,
1343 761 1479 810 ταχυ
1510 743 1674 810 ποίει,
1707 733 1858 809 χώρα

246 819 552 893 Ζαβουλών
575 823 667 878 καὶ
690 824 763 894 γῆ
786 823 1141 923 Νεφθαλεὶμ,
1173 827 1443 879 Γαλιλαία
1471 824 1584 879 τῶν
1617 818 1838 879 §ms-322?

246 910 293 962 9.
331 911 382 963 εί
426 906 488 963 δὲ
539 904 827 978 σύμβολον
869 907 943 978 ἠν
993 904 1052 963 τὸ
1093 904 1409 980 παραδοξον
1447 907 1861 979 μυστικωτέρου

200 1013 222 1045 d
246 988 550 1063 κράματος,
592 994 1037 1063 μεταβληθέντος
1069 994 1128 1048 ἐκ
1157 995 1254 1063 τῆς
1284 993 1737 1065 σωματικωτέρας
1768 991 1859 1047 ἐπὶ
1881 1016 1924 1048 10

245 1074 347 1146 τὴν
376 1075 579 1146 νοεράν
609 1077 702 1132 καὶ
747 1073 1131 1148 πνευματικὴν
1162 1073 1522 1149 εὐφροσύνην
1551 1079 1650 1133 τοῦ
1680 1092 1859 1134 πιστι-

247 1165 348 1216 κοῦ
377 1163 473 1231 τῆς
503 1162 696 1231 καινῆς
740 1158 1014 1232 διαθήκης
1044 1158 1346 1232 κράματος,
1386 1157 1490 1232 ὅρα
1529 1158 1738 1233 μήποτε
1767 1161 1859 1218 καὶ

245 1248 408 1300 τοῦτο
437 1258 551 1311 τοῖς
591 1245 718 1316 περὶ
758 1249 854 1316 τῆς
883 1251 1182 1310 Γαλιλαίας
1225 1246 1585 1317 δηλουμένοις
1625 1241 1862 1301 ἀκολού-

246 1338 365 1394 θως
394 1326 675 1402 ᾐνίττετο,
717 1334 1001 1396 θεσπίζων
1033 1325 1106 1393 ὦς
1136 1326 1244 1399 ἄρα
1273 1327 1644 1401 μελλήσουσιν
1675 1330 1764 1386 ἐπὶ
1793 1330 1863 1402 τῇ

249 1418 490 1484 Χριστοῦ
521 1419 800 1487 παρουσία
830 1411 1125 1483 πρώτιστοι
1169 1411 1396 1470 πάντων
1425 1418 1484 1470 οἱ
1507 1412 1610 1484 τὴν
1640 1420 1861 1485 Ζαβου-
1884 1435 1925 1468 15

247 1495 361 1553 λων
391 1499 484 1553 καὶ
514 1499 851 1570 Νεφθαλεὶμ
881 1502 1191 1570 οἰκοῦντες,
1223 1494 1346 1554 ἀλλ’
1380 1496 1482 1571 οὐχ
1513 1502 1570 1555 οἱ
1594 1495 1697 1570 τὴν
1718 1496 1860 1555 Ἰου-

250 1586 417 1638 δαίαν
459 1584 551 1638 καὶ
589 1579 692 1653 τὴν
723 1580 1111 1654 Ἰερουσαλὴμ,
1157 1586 1255 1639 τοῦ
1295 1581 1535 1656 πόματος
1564 1588 1662 1639 τοῦ
1693 1580 1862 1654 εὐαγ-

246 1669 472 1737 γελικοῦ
514 1664 866 1739 κηρύγματος
917 1665 1348 1739 μεταλήψεσθαι.
1435 1671 1515 1724 10.
1559 1673 1745 1723 αἰτίαν
1799 1666 1860 1723 δὲ

247 1748 460 1817 τούτοις
490 1755 586 1822 τῆς
611 1748 962 1825 εὐφροσύνης
985 1753 1122 1823 φησὶ
1154 1753 1421 1822 γενέσθαι
1442 1751 1545 1823 τὴν
1567 1756 1664 1808 τοῦ
1693 1747 1857 1823 μεγά-

249 1843 349 1891 λου
378 1833 561 1907 φωτὸς
593 1841 886 1908 ἔκλαμψιν,
918 1843 975 1893 οἳ
999 1835 1107 1909 πρὸ
1135 1839 1233 1906 τῆς
1253 1841 1562 1907 παρουσίας
1586 1837 1646 1892 ἐν
1675 1833 1857 1892 σκότει
1880 1858 1921 1890 20

248 1917 607 1992 καθεζόμενοι
638 1923 699 1977 ἐν
728 1919 880 1995 χώρα
910 1921 999 1976 καὶ
1032 1923 1159 1994 σκιᾷ
1188 1918 1440 1976 θανάτου
1471 1922 1691 1990 διῆγον·
1726 1916 1858 1976 ἄνα-

247 2002 569 2069 τεταλκότος
609 2005 671 2060 δὲ
712 2002 899 2069 αὐτοῖς
935 2006 1035 2060 τοῦ
1077 2009 1352 2074 σωτηρίου
1402 2002 1613 2075 φωτὸς,
1659 2009 1858 2061 τοῦτον

250 2085 739 2159 εὐφρανθήσονται
769 2085 864 2144 τὸν
892 2085 1126 2159 τρόπον,
1160 2085 1233 2153 ὥς
1257 2091 1314 2144 οἱ
1339 2085 1767 2160 εὐφραινόμενοι
1798 2091 1860 2145 ἐν

138 2195 227 2237 (440)
250 2167 456 2247 ἆμητῷ,
487 2173 580 2227 καὶ
609 2167 675 2227 ὃν
703 2168 910 2242 τρόπον
938 2175 994 2227 οἱ
1024 2169 1398 2243 διαιρούμενοι
1420 2174 1611 2228 σκῦλα.
1658 2176 1738 2229 11.
1765 2173 1858 2229 καὶ

249 2257 422 2311 ταῦτα
465 2255 525 2311 δὲ
568 2260 710 2330 ἔργῳ
753 2257 1087 2327 ἐπληροῦτο,
1139 2253 1231 2312 ὅτε
1278 2254 1407 2321 τοὺς
1446 2253 1787 2333 ἀποστόλους
1824 2251 1854 2310 ὁ
1878 2278 1920 2310 25

250 2338 433 2411 σωτὴρ
465 2341 557 2396 καὶ
598 2338 790 2412 κύριος
819 2337 977 2412 ἡμῶν
1021 2337 1128 2396 ἀπὸ
1157 2343 1253 2411 τῆς
1283 2346 1582 2406 Γαλιλαίας
1613 2357 1859 2411 προσκα-

250 2421 549 2496 λεσάμενος
578 2423 645 2480 τὰ
675 2422 960 2497 παράδοξα
990 2429 1103 2481 τῶν
1133 2429 1313 2496 ἔργων
1342 2427 1434 2480 καὶ
1462 2422 1566 2495 τὴν
1589 2429 1859 2481 διδασκα-

249 2514 379 2565 λίαν
429 2506 618 2575 αὐτοῖς
671 2512 1044 2566 ἐπεδείκνυτο.
1123 2512 1202 2565 12.
1249 2505 1750 2582 εὐφρανθήσεσθαι
1796 2509 1858 2565 δὲ

253 2591 455 2658 αὐτοὺς
496 2596 750 2651 ἐναντίον
791 2589 964 2651 αὐτοῦ
992 2589 1026 2665 ἡ
1057 2600 1364 2665 προφητεία
1404 2600 1654 2662 θεσπίζει
1695 2598 1858 2664 δίκην

251 2678 363 2733 τῶν
394 2673 850 2750 εὐφραινομένων
883 2680 944 2734 ἐν
973 2674 1178 2754 ἆμητῷ.
1224 2683 1365 2753 ποίῳ
1389 2678 1451 2734 δὲ
1471 2672 1699 2754 τούτωῆ
1729 2678 1854 2750 περὶ
1879 2702 1920 2736 30

367 2872 387 2909 1
417 2872 489 2912 Jo.
512 2873 552 2920 2,
579 2873 644 2913 11.
