1992 3186
537 143 1296 186 DEMONST.EVANG21v.n2
1605 139 1708 192 277

102 258 278 326 ἄλλως
311 256 482 317 αὐτὸν
513 268 888 331 καθηγεῖσθαι
911 261 1010 315 τοῦ
1040 256 1242 325 παντὸς
1274 262 1411 315 λαοῦ
1441 258 1579 331 μετὰ
1608 257 1711 329 τὴν

105 346 306 402 ἑαυτοῦ
334 342 606 416 τελιυτὴν,
639 353 667 383 =÷=
679 353 706 382 ²³²
745 349 839 416 τῆς
879 342 1014 415 πρὸς
1055 340 1227 400 αὐτοῦ
1257 348 1512 415 τεθείσης
1543 366 1710 414 νομο-

101 436 298 496 θεσίας
327 429 805 502 μεταστησομένης
836 428 966 484 ποτε
998 429 1088 484 καὶ
1120 430 1272 495 τέλος
1306 426 1582 501 ι’σχούσης,
1616 427 1707 483 καὶ
1734 451 1822 492 (196)

104 510 255 590 αὐτῷ
284 537 346 585 γε
375 517 578 586 ὁμοίως
610 521 812 570 Ἀωσεῑ
837 511 1042 586 τρόπον
1071 512 1194 570 τινα
1223 510 1581 584 τελευτώσης,
1613 535 1711 584 μη-

60 616 80 649 5
106 599 239 655 δένα
280 601 468 673 ἕτερον
510 592 543 668 ἢ
584 595 758 670 μόνον
782 595 997 669 Ἰησοῦν
1036 595 1131 654 τὸν
1163 597 1405 669 Χριστὸν
1443 600 1542 653 τοῦ
1571 599 1713 654 θεοῦ

103 690 379 750 πολιτείας
422 685 608 755 ἑτέρας
647 678 960 754 ἡγήσεσθαι
1004 688 1312 756 κρείττονος
1363 679 1395 752 ἢ
1435 679 1572 738 κατὰ
1612 679 1714 752 τὴν

104 769 391 840 προτέραν.
453 771 501 823 5.
535 763 680 823 οὕτω
711 767 813 839 μὲν
847 766 915 838 δὴ
946 769 1159 838 Μωσῆς
1189 765 1217 822 6
1248 765 1473 824 πάντων
1497 788 1714 840 προφη-

103 854 215 909 τῶν
253 850 739 924 θαυμασιώτατος,
780 850 1092 923 ἀμφοτέρας
1133 854 1233 907 τοῦ
1271 854 1515 924 σωτῆρος
1558 846 1715 923 ἡμῶν

95 934 276 1008 Ἰησοῦ
305 938 548 1007 Χριστοῦ
590 941 730 1010 θείῳ
762 933 1033 1007 πνεύματι
1065 933 1327 1007 διαγνούς
1371 935 1464 1000 τας
1499 938 1715 990 ἐπωνυ-

41 1039 81 1071 10
105 1027 260 1093 μιάς,
293 1017 515 1084 ταύταις
548 1017 620 1084 ὥς
651 1015 722 1076 ἂν
752 1025 1058 1091 βασιλικοῖς
1092 1018 1393 1091 διαδήμασι
1418 1018 1546 1084 τούς
1578 1016 1711 1091 παρ’

107 1102 276 1161 αὐτὸν
306 1104 532 1161 πάντων
561 1109 674 1161 τῶν
695 1100 980 1176 ἀρχόντων
1005 1106 1287 1175 ἐκκρίτους
1314 1108 1586 1176 ἐτίμησεν,
1622 1107 1716 1158 δυ-

106 1191 198 1246 σὶν
221 1187 450 1263 ἄρχουσι
477 1190 568 1244 καὶ
600 1183 829 1261 ἡγεμόσι
853 1194 950 1246 τοῦ
982 1190 1138 1259 λαοῦ,
1164 1191 1242 1264 τῷ
1270 1211 1329 1244 τε
1351 1185 1599 1261 ἀρχιερεῖ
1626 1188 1718 1243 καὶ

105 1277 182 1349 τῷ
211 1280 399 1350 οἰκείῳ
431 1270 693 1350 διαδόχῳ,
725 1272 824 1330 τὸν
840 1271 1079 1344 Χριστὸν
1110 1274 1201 1329 καὶ
1232 1271 1329 1329 τὸν
1353 1270 1567 1345 Ἰησοῦν
1601 1274 1717 1337 ε’πι-
1742 1298 1763 1330 ι)

108 1363 351 1430 φημίσας
385 1356 502 1413 κατ’
539 1355 728 1429 ἀξίαν,
760 1361 838 1434 τῷ
866 1358 970 1430 μὲν
993 1355 1208 1429 Ἀαρών
1231 1355 1327 1414 τὸν
1352 1355 1610 1429 Χριστὸν,
1642 1359 1717 1432 τῷ

45 1458 85 1490 15
112 1442 172 1498 δὲ
204 1443 436 1514 Ναυσῇ,
478 1437 550 1506 ὡς
590 1437 660 1497 ἂν
700 1441 800 1514 τὴν
831 1440 1005 1499 αὐτοῦ
1036 1439 1298 1514 τελευτὴν
1331 1442 1719 1517 ὃιαδεξομένω,

107 1525 203 1583 τὸν
227 1522 440 1598 Ἰησοῦν
470 1523 785 1598 ἀπονείμας.
840 1531 887 1581 6.
919 1529 1118 1583 τοῦτον
1147 1526 1250 1598 μὲν
1272 1518 1374 1582 οὖν
1396 1524 1493 1582 τὸν
1515 1523 1720 1596 τρόπον

108 1606 142 1682 ἡ
174 1608 346 1667 αὐτοῦ
379 1612 628 1675 ,Μωσέως
661 1609 847 1682 γραφὴ
878 1623 996 1676 ταῖς
1027 1612 1125 1666 τοῦ
1163 1612 1406 1681 σωτῆρος
1436 1607 1592 1682 ἡμῶν
1615 1607 1721 1681 Ἰη-

111 1697 214 1752 σοῦ
243 1696 485 1766 Χριστοῦ
517 1690 816 1766 κεκόσμητο
848 1701 1255 1768 προσηγορίαις.

661 1874 792 1934 Ἀπὸ
825 1880 918 1949 τῆς
945 1873 1182 1944 Ἐξόδου.

47 1991 89 2025 20
107 1978 186 2034 Ὡς
216 1980 239 2026 ὁ
267 1983 473 2033 Mmos'mg
503 1981 732 2039 διάδοχος
758 1978 960 2052 Ἰησοῦς,
993 1978 1189 2052 αγγελος
1220 1979 1609 2038 ἐπικεκλημένος,
1639 1982 1720 2026 καὶ
1745 1997 1762 2017 0

113 2041 194 2083 τοῦ
231 2041 347 2082 λαοῦ
379 2042 714 2095 καθηγεῖσθαι
744 2038 944 2110 μέλλων,
985 2038 1035 2083 τὸ
1063 2037 1215 2084 ὄνομα
1241 2043 1324 2083 τοῦ
1356 2041 1720 2095 χρηματίζοντος

525 2097 731 2149 Χριστοῦ
757 2092 1075 2151 ἐπιφέρεσθαι
1099 2096 1295 2150 λέγεται.

231 2194 278 2217 “2

276 2197 405 2256 Ιὸοῦ
427 2197 744 2257 ἀποστέλλω
767 2199 862 2257 τὸν
885 2197 1125 2272 α’γγελόν
1148 2224 1254 2273 μου
1286 2199 1390 2274 πρὸ
1421 2198 1722 2273 προσώπου

114 2300 244 2354 σου,
285 2288 378 2340 ἵνα
409 2282 669 2357 φυλάσσῃ
703 2303 766 2341 σε
799 2287 858 2341 ἐν
898 2287 966 2358 τῇ
993 2283 1139 2361 ὁδῷ,
1181 2283 1329 2351 ὅπως
1362 2283 1627 2357 εἰσαγαγῃ
1659 2302 1721 2340 σε

49 2391 90 2423 25
117 2372 192 2432 εἰς
223 2365 324 2439 τὴν
354 2371 489 2440 γῆν,
532 2365 601 2440 ἣν
634 2366 901 2441 ἡτοίμασά
932 2387 1035 2426 σοι.
1070 2343 1334 2471 πρόσεχε
1373 2371 1590 2443 σεαυτῷ
1629 2368 1720 2423 καὶ

117 2450 369 2508 εἰσάκουε
401 2448 600 2523 αὐτοῦ,
642 2450 716 2525 μὴ
757 2450 984 2510 ἆπείθει
1016 2450 1193 2510 αὐτω
1241 2451 1308 2509 οὗ
1340 2452 1445 2526 γὰρ
1476 2451 1549 2525 μὴ
1579 2450 1721 2508 ὑπο-

116 2539 398 2606 στείληταί
433 2534 638 2593 σε.τό
681 2535 786 2609 γὰρ
825 2536 999 2636 ὄνομά
1039 2536 1146 2610 μού
1189 2541 1338 2594 ἐστιν
1380 2534 1466 2593 ἐπ’
1511 2534 1674 2611 αὐτῷ.
1685 2531 1721 2553 ''

117 2622 162 2673 7.
200 2619 358 2690 ἐμοῦ,
402 2621 576 2691 φησὶν
617 2619 782 2686 αὐτὸς
813 2617 841 2677 6
874 2620 1091 2693 κύριος,
1135 2624 1232 2677 τοῦ
1265 2638 1353 2676 σοι
1391 2622 1563 2676 ταῦτα
1594 2643 1719 2692 χρη-

116 2707 427 2774 ματίζοντος
466 2701 707 2776 τοῦνομα
740 2707 1129 2778 ἐπιγέγραπται
1160 2702 1188 2760 6
1230 2707 1445 2776 μέλλων
1478 2702 1722 2777 εἰσάγειν
1746 2723 1834 2765 {1251

231 2896 284 2935 23
316 2894 581 2946 Ex.23‚30.
