1946 3158
530 136 835 178 DEMONST.
868 135 1089 178 EVANG.
1123 139 1208 180 111.
1250 139 1288 177 2.
1610 136 1707 188 157

230 257 311 312 74.
369 255 551 310 Ταῦτα
611 253 672 310 δὲ
711 251 814 324 τὴν
875 254 927 319 ἐξ
981 255 1168 310 ἐθνῶν
1220 254 1516 324 ἐκκλησίαν
1567 251 1703 310 καθ’
1735 276 1757 307 ‹71

100 337 229 410 ὅλης
259 341 355 410 τῆς
394 338 722 410 οἰκουμένης
755 339 1145 409 ἐξηπλωμένην
1175 339 1267 393 καὶ
1286 335 1392 394 ἀπὸ
1418 336 1711 394 ἀνατολῶν

101 421 262 495 ἡλίου
301 424 459 496 μέχρι
491 424 722 495 δυσμῶν
753 427 1202 493 παρατείνουσαν
1231 419 1259 478 ὁ
1291 420 1450 494 λόγος
1485 445 1709 494 ευαγγε-

101 515 330 578 λίζεται,
363 509 678 580 σαφέστατα
717 510 877 563 τοῦτο
923 523 1189 579 παριστας
1233 504 1324 562 δια
1357 509 1456 563 τοῦ
1477 505 1507 525 “
1526 531 1618 562 και
1648 506 1706 563 τὸ

57 614 78 646 5
101 595 317 665 σπέρμα
348 610 451 648 σου
483 597 623 663 ἔθνη
655 587 1097 667 κληρονομήσειῗ
1136 595 1215 646 75.
1251 597 1504 657 πλείονος
1537 592 1597 647 δὲ
1630 594 1710 658 ἐξ·

102 682 360 749 εργασίας
393 677 674 748 δεομένων
702 679 815 732 τῶν
845 674 982 731 κατὰ
1012 673 1108 732 τὸν
1149 673 1348 747 τόπον,
1391 673 1708 747 αρκούντως

102 763 193 818 ἐπὶ
224 785 322 818 του
351 759 622 834 παρόντος
664 757 836 817 ταῦθ’
870 757 1005 832 ἡμῖν
1038 758 1444 831 ἐπιτετμήσθω
1479 768 1708 817 πλεῖστα

103 844 154 902 δ’
191 870 262 902 αν
293 847 383 901 καὶ
416 843 580 911 αὐτὸς
603 846 690 900 ἐπὶ
716 844 916 917 σχολῆς
946 841 1319 911 αναλέξασθαι
1352 842 1551 901 δύναιο
1582 847 1707 941 περὶ

100 933 198 987 τοῦ
231 931 614 1002 προκειμένου,
647 931 739 985 καὶ
769 924 802 1000 ἡ
834 932 1089 1000 παροῦσα
1130 929 1189 985 δε
1230 935 1575 1001 πραγματεια
1614 931 1709 1000 τῆς

42 1038 83 1069 10
106 1010 485 1086 Εὐαγγελικῆς
511 1010 870 1080 Ἀποδείξεως
901 1015 1038 1070 κατὰ
1068 1011 1263 1085 καιρὸν
1293 1016 1496 1069 ἕκαστα
1529 1035 1709 1083 παρα-

101 1097 344 1156 δῶσεταί
368 1100 529 1155 τεκαὶ
543 1095 884 1171 ἑρμηνεύσει.
922 1103 1002 1154 76.
1026 1100 1159 1163 τέως
1173 1097 1234 1154 δὲ
1250 1099 1339 1154 ἐπὶ
1368 1100 1468 1154 τοῦ
1498 1097 1704 1169 παρόν-

99 1206 189 1248 τος
219 1188 315 1255 τῆς
345 1185 456 1240 τῶν
486 1186 788 1258 προφητῶν
819 1184 946 1254 περὶ
977 1186 1072 1254 τῆς
1117 1184 1216 1239 τοῦ
1259 1184 1509 1255 σωτῆρος
1549 1178 1708 1255 ἡμῶν

101 1265 455 1341 προρρήσεῶς
486 1290 544 1324 τε
588 1269 680 1324 καὶ
711 1265 1107 1339 προγνώσεως,
1151 1268 1241 1323 καὶ
1284 1262 1357 1333 ῶς
1402 1269 1573 1324 πᾶσιν
1613 1264 1707 1323 ἀν-

100 1349 349 1422 θρώποις
410 1350 514 1423 τὴν
562 1354 674 1409 τῶν
726 1350 1042 1423 μελλόντων
1100 1350 1334 1423 ἀγαθῶν
1393 1357 1816 1422 παρουσίανωορ)

38 1456 80 1489 15
104 1433 507 1507 εὐηγγελίζετο,
549 1439 753 1502 ἱκανῶς
795 1441 905 1508 ἔχει
943 1435 1010 1491 τὰ
1051 1439 1331 1508 εἰρημένα,
1375 1458 1708 1509 προαναφω-

99 1521 307 1575 νοῦντα
337 1517 627 1592 προφήτου
657 1516 805 1585 τινὸς
836 1516 1054 1592 ἄφιξιν,
1087 1522 1179 1575 καὶ
1211 1517 1501 1590 εὐσέβειαν
1541 1544 1704 1592 νομο-

100 1605 270 1660 θέτου
316 1612 519 1661 [Ἀωσεῖ
545 1610 963 1677 παραπλησίου,
989 1605 1148 1675 γένος
1179 1626 1238 1660 τε
1271 1602 1444 1660 αὐτοῦ
1475 1606 1567 1660 καὶ
1599 1629 1709 1675 φυ-

100 1686 203 1759 λὴν
244 1691 335 1744 καὶ
374 1686 543 1745 τόπον
582 1686 722 1745 ὅθεν
762 1686 1185 1761 προελεύσεται,
1230 1686 1432 1760 χρόνον
1470 1712 1527 1745 τε
1572 1687 1701 1744 καθ’

99 1769 166 1828 ὃν
194 1770 362 1843 ἥξειν,
378 1771 814 1845 προφητεύεται,
857 1774 949 1828 καὶ
990 1774 1241 1844 γένεσιν,
1287 1774 1379 1828 καὶ
1422 1772 1705 1845 τελευτὴν,

38 1877 80 1910 20
102 1857 192 1913 καὶ
224 1853 554 1930 ἀναβίωσιν,
587 1858 677 1913 καὶ
711 1849 888 1930 ἀρχὴν
918 1881 1021 1928 την
1061 1855 1198 1913 κατὰ
1233 1878 1460 1914 παντων
1502 1861 1706 1927 ἐθνῶν,

100 1937 135 1996 ἃ
166 1938 234 2012 δὴ
259 1940 438 1998 πάντα
479 1943 753 2014 παρέστη,
798 1945 890 1998 καὶ
935 1948 1014 1998 ἔτι
1045 1945 1255 2014 μᾶλλον
1297 1938 1389 1998 δια
1427 1943 1539 1999 τῶν
1579 1944 1738 2014 ἑξης(
1729 1964 1796 2004 (77)

101 2025 513 2099 παραστήσεται
547 2028 635 2083 ἐπὶ
665 2024 837 2099 μόνον
861 2023 1191 2098 τόνσωτῆρα
1207 2028 1299 2082 καὶ
1323 2024 1519 2097 κύριον
1548 2021 1708 2098 ἡμῶν

101 2113 616 2184 συμπεπερασμένα.
701 2115 781 2167 78.
828 2108 970 2167 ἀλλὰ
998 2113 1168 2168 ταῦτα
1199 2111 1300 2182 μὲν
1329 2107 1436 2168 ἀπὸ
1476 2114 1588 2167 τῶν
1630 2115 1708 2168 ίε-
1735 2141 1754 2171 ι,

101 2196 214 2267 ρῶν
263 2201 468 2267 λογίων
508 2209 621 2262 τοῖς
661 2193 1022 2253 πιστεύουσιν
1061 2192 1246 2261 αὐτοῖς
1295 2200 1706 2267 παρατέθειται·

37 2293 212 2346 25τοῖς
253 2276 306 2336 δ’
349 2277 649 2337 ἀπειθοῦσι
695 2293 815 2346 ταῖς
859 2292 1224 2352 προφητικαῖς
1263 2293 1507 2351 γραφαῖς
1552 2284 1707 2346 ἰδίως

99 2361 506 2437 ἀπαντήσομεν,
550 2360 623 2430 ῶς
652 2366 779 2437 περὶ
819 2361 1022 2436 ἀνδρὸς
1072 2367 1263 2422 κοινοῦ
1308 2366 1400 2421 καὶ
1439 2378 1552 2430 τοῖς
1594 2371 1709 2420 λοι-

101 2461 222 2513 ποῖς
253 2455 642 2522 παραπλησίου
665 2451 799 2515 τέως
829 2447 932 2521 τὴν
955 2450 1199 2516 ἐξέτασιν
1223 2446 1561 2521 ποιούμενοι,
1593 2453 1706 2517 ἵνα,

99 2529 307 2588 ὁπόταν
351 2531 578 2591 πάντων
618 2536 729 2590 τῶν
771 2536 825 2601 ἐξ
874 2535 1074 2599 αἰῶνος
1131 2535 1456 2604 βοηθέντων
1511 2534 1571 2588 ἐν
1612 2530 1707 2587 ἀν-

101 2613 349 2688 θρώποις
379 2616 521 2674 πολὺ
553 2620 818 2691 κρείττων
848 2614 1162 2693 ἄσυγκρίτω
1183 2613 1430 2690 ὑπεροχῇ
1463 2618 1554 2672 καὶ
1589 2621 1705 2673 δια-

37 2715 80 2776 30
102 2702 291 2773 φέρων
321 2699 600 2776 ἀναφανῇ,
614 2701 675 2759 τὸ
706 2700 967 2774 τηνικάδε
981 2703 1072 2758 καὶ
1094 2699 1159 2758 τὰ
1173 2703 1407 2778 περὶτῆς
1420 2702 1706 2774 θειοτέρας

102 2780 271 2840 αὐτοῦ
301 2782 520 2856 φύσεως
551 2785 687 2842 κατὰ
717 2784 911 2859 καιρὸν
943 2784 1324 2858 διαλάβωμεν,
1370 2787 1423 2852 ἐξ
1455 2788 1706 2857 ἐναργῶν

102 2873 213 2925 τῶν
265 2866 604 2936 ἀποδείξεων
653 2873 1025 2945 παριστῶντες
1076 2867 1148 2936 ῶς
1200 2867 1301 2927 οὐκ
1351 2867 1705 2942 ἀνθρωπείας
