1992 3186
602 102 911 143 DEMONST.
942 101 1160 143 EVANG.
1195 101 1276 141 Ν.
1313 102 1349 144 1.
1655 100 1755 150 211

150 217 539 291 πρεσβύτερος.
614 221 662 274 4.
709 218 1010 288 βουληθεὶς
1058 215 1163 290 γὰρ
1203 212 1231 272 ὁ
1271 214 1430 288 θεὸς,
1472 213 1566 274 ἅτε
1596 214 1762 289 μόνος

152 301 232 362 ὢν
273 301 484 375 ἀγαθὸς
524 298 745 373 ἀγαθοῦ
791 324 850 357 τε
891 299 1094 366 παντὸς
1138 297 1279 374 ἁρχὴ
1311 302 1402 357 καὶ
1433 302 1608 372 πηγὴ,
1649 303 1762 358 τῶν

151 386 322 445 αὐτοῦ
353 388 663 460 θησαυρῶν
693 391 917 451 πλείους
948 382 1231 457 ἀποφῆναι
1262 384 1596 457 κοινωνοὺς,
1638 383 1763 457 ἄρτι

148 497 206 530 τε
236 467 453 544 μέλλω-ν
482 470 584 541 τὴν
626 469 855 541 λογικὴν
896 475 1082 526 πᾶσαν
1112 468 1530 542 προβάλλεσθαι
1561 477 1760 541 κτίσιν,

88 579 109 613 5
151 553 477 628 ἀσωμάτους
518 553 671 620 τινὰς
710 551 904 625 νοερὰς
950 556 1041 610 καὶ
1072 560 1230 619 θείας
1274 552 1564 626 δυνάμεις,
1597 552 1763 626 ἀγγέ-

149 647 279 706 λους
309 663 367 696 τε
397 641 488 696 καὶ
520 637 922 711 ἆρχαγγέλους,
954 636 1095 695 ἄῦλά
1125 661 1181 694 τε
1216 640 1306 694 καὶ
1332 636 1510 710 πάντη
1542 636 1763 711 καθαροὶ

150 723 467 796 πνεύματα,
507 725 732 795 προσέτι
774 723 836 778 δὲ
875 720 1052 794 ψυχας
1083 720 1404 795 ἀνθρώπων
1434 721 1639 793 ἄφετον
1671 725 1763 779 καὶ

152 807 452 878 ἐλεύθερον
481 809 575 880 τῆς
610 805 987 863 αὐθεκουσίου
1020 808 1146 878 περὶ
1177 805 1236 863 τὸ
1262 806 1432 863 καλὸν
1463 802 1496 878 ἢ
1527 805 1762 863 τούναν-

149 899 270 949 τίον
300 897 562 963 αίρέσεως
593 891 694 962 τὴν
725 890 899 962 φύσιν
931 893 1303 962 ἐπαγομένας,
1335 889 1438 947 ὅσα
1462 915 1519 948 τε
1551 890 1763 957 τούτοις

86 1002 126 1034 10
149 974 358 1048 ὄργανα
398 974 669 1048 σωμάτων
723 981 950 1047 ἔμελλεν
994 981 1222 1031 ἔσεσθαι
1267 982 1535 1032 ποικίλων
1574 974 1763 1049 ἀγωγῇ

147 1059 459 1132 κατάλληλα
490 1065 658 1131 βίων,
691 1057 871 1132 χώρας
901 1083 960 1115 τε
988 1057 1202 1126 τούτοις
1232 1057 1405 1116 ἅπασι
1436 1062 1526 1116 καὶ
1558 1059 1758 1127 τόπους
1786 1084 1875 1124 (145)

152 1147 435 1217 διανέμειν
474 1150 738 1208 οἰκείους·
801 1142 1044 1218 (μείνασι
1086 1144 1190 1216 μὲν
1229 1142 1334 1215 γὰρ
1366 1142 1601 1216 ἀγαθοῖς
1632 1142 1761 1210 τους

148 1237 497 1300 κρείττονας,
542 1235 778 1300 ἔμπαλιν
819 1228 879 1284 δὲ
919 1226 1046 1294 τοὺς
1089 1228 1500 1301 προσήκοντας,
1544 1231 1638 1300 τῆς
1673 1231 1762 1285 ἐπὶ

147 1309 412 1368 τάναντία
458 1317 633 1385 ῥοπῆς
676 1311 742 1368 τὰ
796 1310 1298 1386 σωφρονιστήρια)
1357 1311 1656 1385 προλαβών
1700 1312 1760 1369 τὸ

86 1422 127 1454 15
148 1399 378 1469 μέλλον,
409 1392 498 1452 οἷα
528 1393 689 1466 θεὸς,
721 1400 786 1469 τῇ
818 1395 1154 1468 προγνώσει,
1189 1395 1439 1454 συνιδών
1462 1421 1520 1454 τε
1548 1395 1762 1455 τούτων

147 1476 412 1537 ἁπάντων
442 1482 575 1551 πρὶν
605 1483 868 1551 γενέσθαι
900 1478 972 1546 ὡς
1005 1483 1064 1536 ἐν
1094 1479 1314 1555 μεγάλῳ
1347 1481 1556 1554 σώματι
1587 1506 1761 1553 κεφα-

148 1568 245 1636 λῆς
286 1566 665 1637 δεησομένων,
721 1566 818 1620 ἕνα
871 1561 966 1621 τὸν
1006 1568 1100 1636 τῆς
1144 1570 1505 1637 δημιουργίας
1546 1561 1760 1637 ἁπάσης

147 1647 440 1720 οἰκονόμον
478 1646 722 1720 ἡγεμόνα
762 1671 820 1704 τε
851 1651 943 1704 καὶ
973 1651 1205 1720 βασιλέα
1235 1652 1348 1705 τῶν
1378 1646 1524 1706 ὅλων
1555 1649 1761 1721 προτά-

147 1735 349 1801 ξασθαι
394 1730 528 1808 ᾠετο
570 1737 718 1802 δεῖν,
763 1724 798 1805 ᾗ
829 1734 921 1788 καὶ
951 1731 1016 1787 τὰ
1046 1743 1177 1789 θεῖα
1217 1748 1574 1806 μυσταγωγεῖ
1602 1732 1758 1806 λόγια

85 1843 126 1876 20
150 1815 285 1889 πρὸς
309 1819 421 1873 τῶν
445 1814 670 1873 ἄνωθεν
694 1812 827 1887 παρ’
840 1815 1113 1888 Ἑβραίοις
1135 1817 1421 1888 θεολόγων
1442 1843 1500 1875 τε
1521 1820 1610 1874 καὶ
1629 1841 1759 1891 προ-

147 1905 340 1974 φητῶν
365 1899 590 1970 ἀνδρων
619 1903 1052 1974 τεθεσπισμένα
1096 1906 1143 1959 5.
1178 1898 1312 1972 παρ’
1351 1903 1432 1959 ὠν
1463 1901 1531 1974 δὴ
1555 1913 1761 1975 μαθεῖν
1785 1929 1807 1961 b

148 1991 361 2042 ἔνεστιν
393 1983 466 2050 ὡς
496 2009 602 2056 αρα
632 1990 730 2058 μία
760 2009 864 2058 μεν
907 1994 993 2057 εἴη
1030 2010 1142 2058 των
1171 1984 1318 2042 ὅλων
1348 1985 1517 2060 ἀρχὴ,
1549 1993 1759 2059 μᾶλλον

148 2070 209 2126 δε
232 2068 292 2126 τὸ
318 2071 409 2126 καὶ
432 2067 600 2141 ἀρχῆς
623 2067 923 2140 ἀνωτερον,
949 2072 1039 2126 καὶ
1063 2069 1285 2140 πρώτου
1306 2074 1758 2143 προγενέστερον,

146 2156 237 2210 καὶ
252 2153 492 2226 μονάδος
522 2152 986 2226 ἆρχεγονώτερον,
1012 2156 1102 2210 καὶ
1127 2154 1304 2227 πάσης
1324 2169 1575 2225 κρεῖττον
1592 2174 1758 2256 προσ-

82 2263 123 2295 25
146 2243 399 2312 ηγορίας,
440 2261 710 2310 αρρητον,
741 2235 1154 2311 ανέκφραστον,
1185 2236 1580 2342 απερινόητον,
1621 2265 1759 2312 αγα-

145 2320 274 2394 θὸν,
304 2321 365 2378 τὸ
397 2344 621 2379 παντων
651 2331 848 2394 αἴτιον,
879 2322 939 2380 τὸ
969 2323 1275 2396 ποιητικὸν,
1307 2323 1366 2381 τὸ
1392 2322 1756 2396 εὐεργετικὸν,

146 2406 206 2462 τὸ
248 2406 639 2478 προνοητικὸν,
693 2403 753 2463 τὸ
794 2406 1095 2482 σωτήριον,
1150 2407 1314 2475 αὐτὸς
1356 2405 1435 2465 ὠν
1474 2404 1503 2464 6
1545 2404 1621 2473 εἷς
1664 2411 1755 2464 καὶ

146 2487 310 2561 μόνος
341 2488 499 2562 θεὸς,
532 2495 586 2559 ἐξ,
617 2482 684 2547 οὑ
714 2515 779 2547 τα
810 2516 1018 2564 παντα,
1065 2490 1138 2547 δι’
1175 2490 1241 2549 ὃν
1270 2517 1337 2548 τα
1368 2516 1547 2549 πανυα
1581 2494 1753 2548 ἐστίν

149 2575 209 2629 ἐν
250 2570 398 2648 αὐτῷ
443 2599 548 2646 γαρ
590 2579 766 2648 ζῶμεν
805 2578 896 2632 καὶ
943 2574 1252 2647 κινούμεθα
1282 2578 1375 2632 καὶ
1408 2578 1583 2647 ἐσμέν.
1646 2580 1692 2632 6.
1725 2573 1757 2632 ό

82 2683 124 2716 30
147 2683 197 2714 τι
230 2655 298 2729 δὴ
329 2660 512 2730 θέλει,
542 2662 703 2716 τοῦτο
735 2662 870 2731 γοῦν
901 2662 991 2716 καὶ
1026 2669 1109 2731 εἴη
1141 2657 1211 2718 ἂν
1233 2658 1292 2716 τὸ
1323 2658 1497 2732 μόνον
1519 2665 1613 2732 τῆς
1642 2663 1756 2717 τῶν

261 2853 314 2891 -29
346 2864 387 2896 v,
410 2851 538 2894 Rom.
563 2853 628 2903 11,
654 2853 722 2894 36.
782 2851 885 2892 Aet.
913 2855 979 2904 17,
1003 2854 1071 2893 28.

1350 2921 1454 2971 14³³<
