1946 3158
208 150 308 203 146
890 151 1138 193 EUSEBII

206 271 539 343 πραγμένος,
570 270 676 324 θέα
707 266 901 324 λοιπὸν
934 268 1021 324 ἐπὶ
1051 265 1224 340 μόνον
1253 265 1424 326 αὐτὸν
1447 270 1540 325 καὶ
1563 266 1693 327 οὐδ’
1729 268 1807 343 ἐφ’

209 357 396 424 ἕτερον
426 351 729 425 ἀναφέρειν
758 349 862 425 χρὴ
884 350 987 424 τὴν
1017 350 1166 424 παρά
1204 362 1409 411 Μωσεῑ
1448 361 1811 427 προφητείαν,

167 470 181 491 e
209 437 280 495 δι’
328 429 391 510 [ἧς
431 435 621 510 ὅμοιον
652 432 802 511 αὐτῷ
842 435 1219 509 παραστήσειν
1269 433 1299 494 ὁ
1338 437 1470 504 θεὸς
1514 440 1813 497 ἐθέσπισεν

212 522 385 581 εἰπών
418 517 746 593 “προφήτην
771 523 830 577 ἐκ
860 524 973 577 τῶν
1003 517 1263 594 ἀδελφοῖν
1302 519 1489 579 αὐτῶν
1517 521 1811 596 ἀναστήσω

208 605 423 678 αὐτοῖς,
457 602 643 676 ὥσπερ
682 605 773 675 σὲ,
815 607 906 662 καὶ
948 602 1110 662 δώσω
1161 603 1221 663 τὸ
1262 604 1410 681 ῥῆμά
1452 630 1560 679 μου
1615 611 1676 665 ἐν
1734 614 1810 684 τῷ
1834 629 1855 662 5

206 691 429 764 στόματι
461 686 662 761 αὐτοῦ,
706 691 798 746 καὶ
838 687 1064 763 λαλήσει
1103 686 1311 762 αὐτοῖς,
1343 691 1494 748 καθὰ
1532 686 1604 748 ἀν
1645 695 1811 750 ἐντεί-

206 784 382 848 λωμαι
413 771 577 851 αὐτῷ.
638 775 730 830 καὶ
760 769 788 830 ὁ
819 771 1120 848 ἅνθρωπος
1149 771 1208 841 ὃς
1239 771 1309 831 ἂν
1340 772 1414 849 μὴ
1445 773 1660 850 ἀκούσῃ
1701 779 1812 834 τῶν

206 859 387 934 λόγων
432 857 637 933 αὐτοῦ,
671 857 784 916 ὅσα
825 855 896 916 ἂν
938 858 1151 934 λαλήσῃ
1205 857 1233 916 ὁ
1276 858 1563 933 προφήτης
1606 861 1695 918 ἐπὶ
1737 863 1810 938 τῷ

204 944 438 1018 ὀνόματί
464 967 591 1017 μου,
624 941 730 1016 ἐγώ
763 941 1036 1016 ἐκδικήσω
1062 946 1116 1012 ἐξ
1148 940 1365 1002 αὐτοῦ.”

331 1033 415 1087 29.
474 1026 658 1094 Αὐτός
699 1051 758 1084 τε
813 1034 1029 1101 Μωσῆς
1073 1027 1208 1102 πρὸς
1247 1027 1344 1086 τὸν
1384 1027 1518 1086 λαὸν
1560 1021 1664 1100 τὴν
1710 1033 1808 1085 τοῦ
1833 1051 1874 1083 ιο

205 1119 343 1172 θεοῦ
376 1111 758 1187 διερμηνεύων
787 1112 985 1186 φωνὴν
1015 1119 1222 1186 ἔφησεν
1255 1108 1586 1186 “προφήτην
1618 1117 1677 1171 ἐκ
1699 1115 1812 1170 τῶν

162 1219 179 1249 2¹
206 1197 471 1271 ἀδελφῶν
499 1194 658 1270 ὑμῶν
687 1194 987 1270 ἀναστήσει
1030 1195 1216 1270 κύριος
1255 1195 1284 1254 ὁ
1324 1191 1459 1264 θεὸς
1487 1196 1671 1270 ὑμῶν·
1713 1196 1811 1254 αὐ-

205 1290 301 1342 τοῦ
331 1280 646 1340 ἀκούσεσθε
676 1280 812 1339 κατά
836 1279 1016 1340 πάντα
1046 1280 1150 1340 ὅσα
1190 1278 1378 1355 ᾐτήσω
1419 1281 1568 1354 παρὰ
1611 1288 1811 1356 κυρίου

116 1387 182 1427 1⁶2!
210 1372 309 1426 τοῦ
338 1370 477 1425 θεοῦ
507 1386 610 1424 σου
642 1370 702 1423 ἐν
732 1366 937 1441 Χωρὴβ
967 1370 1032 1441 τῇ
1063 1362 1239 1442 ἡμέρα
1271 1370 1366 1439 τῆς
1398 1363 1736 1438 ἐκκλησίας.”

331 1456 413 1509 30.
448 1450 565 1510 Ὅτι
607 1452 668 1508 δὲ
709 1457 820 1508 τῶν
850 1449 984 1524 μετά
1016 1453 1230 1509 Μωσέα
1282 1454 1582 1524 προφητῶν
1622 1448 1809 1518 οὐδεὶς
1834 1470 1874 1503 15

206 1536 311 1608 πρὸ
343 1539 439 1593 τοῦ
470 1539 715 1608 σωτῆρος
746 1532 903 1609 ἡμῶν
932 1533 1116 1609 ὅμοιος
1148 1534 1437 1609 ἐγήγερται
1471 1544 1678 1593 όΜωσεῖἴ
1715 1554 1810 1593 σα·

204 1626 323 1695 φῶς
375 1617 409 1693 ἡ
456 1621 662 1678 παλαιὰ
714 1618 902 1695 γραφὴ
943 1618 1195 1678 διδάσκει
1258 1622 1496 1692 λέγουσα
1533 1616 1664 1677 “nal
1706 1618 1810 1677 οὐκ

204 1705 404 1778 ἀνέστη
436 1713 515 1764 ἔτι
546 1703 831 1779 προφήτης
864 1708 925 1763 ἐν
947 1703 1183 1779 Ἰσραὴλ,
1216 1700 1291 1771 ὥς
1321 1707 1552 1777 Μωσῆς,
1569 1701 1635 1760 ὃν
1666 1710 1809 1776 ἔγνω

205 1789 392 1863 κύριος
432 1788 732 1864 πρόσωπον
763 1789 900 1847 κατὰ
940 1787 1239 1864 πρόσωπον
1281 1792 1342 1846 ἐν
1381 1791 1514 1845 πᾶσι
1553 1802 1667 1855 τοῖς
1708 1808 1809 1861 ση-

204 1884 376 1948 μείοις
407 1878 498 1932 καὶ
528 1870 766 1949 τέρασι.”
1830 1894 1872 1927 20

332 1964 414 2016 31.
463 1961 759 2017 Δέδεικται
816 1962 1010 2014 τοίνυν
1066 1955 1126 2013 τὸ
1187 1961 1388 2014 ἔνθεον
1447 1959 1664 2030 πνεῦμα
1717 1955 1810 2014 διά

209 2046 457 2109 Μωσέως
499 2045 626 2114 περὶ
666 2047 764 2099 τοῦ
803 2045 1048 2114 σωτῆρος
1089 2036 1245 2114 ἡμῶν
1295 2046 1605 2114 θεσπίσαν,
1649 2046 1700 2098 εἰ
1739 2039 1807 2114 δὴ

205 2127 371 2201 μόνος
403 2125 570 2193 αὐτὸς
601 2128 693 2183 καὶ
723 2123 849 2183 οὐδ’
885 2124 1048 2192 ἄλλος
1078 2122 1262 2198 ὅμοιος
1293 2130 1368 2201 τῷ
1409 2134 1614 2184 ᾼΜωσεῖ
1649 2149 1809 2198 γεγο-

206 2212 315 2279 νώς
371 2225 488 2278 ταῖς
533 2211 704 2269 αὐτοῦ
745 2213 998 2276 ΖἉωσέως
1049 2225 1264 2283 φωναῖς
1305 2207 1629 2276 ἀκολούθως
1671 2229 1805 2268 συν-

114 2320 180 2362 195]
209 2299 350 2369 έστη.
412 2298 611 2364 σκέψαι
645 2295 705 2352 δὲ
736 2297 828 2352 καὶ
857 2291 1031 2367 ἀλλην
1061 2300 1404 2368 προφητείαν
1433 2291 1803 2367 ἀνάγραπτον.
1829 2314 1872 2347 25

205 2385 287 2438 32.
307 2380 498 2453 ἐπειδὴ
513 2378 619 2454 γάρ
633 2379 728 2437 τὸν
759 2382 978 2453 σωτῆρα
993 2379 1085 2435 καὶ
1108 2377 1302 2451 κύριον
1324 2377 1480 2452 ἡμῶν
1502 2375 1807 2452 ἄνθρωπον

205 2466 342 2522 κατὰ
373 2464 550 2539 σάρκα
591 2463 894 2537 γενόμενον
935 2466 994 2520 ἐκ
1033 2465 1342 2536 σπέρματος
1381 2459 1596 2535 Ἰσραὴλ
1634 2469 1806 2536 μυριά

204 2549 394 2623 πλήθη
410 2554 470 2607 ἐν
500 2553 634 2607 πᾶσι
658 2563 771 2615 τοῖς
796 2554 986 2606 ἔθνεσι
1009 2554 1340 2620 κυριολογεῖ,
1361 2549 1454 2619 τῆς
1479 2549 1680 2604 ἐνθέου
1706 2551 1808 2604 δυ-

207 2633 418 2708 νάμεως
458 2633 630 2692 αὐτοῦ
677 2631 838 2707 χάριν
876 2630 1070 2707 κύριον
1107 2627 1499 2704 ὁμολογοῦντα,
1534 2632 1626 2688 καὶ
1647 2636 1807 2689 τοῦτο

204 2717 372 2776 πάλιν
402 2724 617 2790 ΛΜωσῆς
659 2714 908 2775 συνιδών
961 2720 1035 2793 τῷ
1079 2722 1218 2792 θείω
1261 2714 1533 2789 πνεύματι
1581 2715 1671 2773 διὰ
1709 2719 1804 2786 τῆς
1826 2732 1870 2764 30

319 2913 345 2951 4
376 2912 513 2953 Dent.
544 2913 606 2963 18,
634 2914 699 2954 18.
878 2914 927 2953 17
958 2912 1094 2952 Deut,
1120 2911 1186 2962 34,
1212 2912 1275 2953 10.
