1992 3186
250 133 355 184 442
922 131 1171 172 EUSEBH

254 268 410 321 κησις
450 246 585 321 μετὰ
623 249 870 316 κέντρων
910 244 1137 318 αὐτοὺς,
1184 245 1334 304 τοῦτ’
1386 254 1500 305 ἔστι
1530 247 1666 322 μετὰ
1697 257 1860 322 σκλη-

255 339 369 406 ρῶν
402 330 801 403 ἐπιταγμάτων,
821 334 1372 404 καταδουλουμένων,
1399 332 1583 405 (τοῦτο
1607 332 1711 406 γὰρ
1739 332 1860 405 ε’δή-

137 442 233 482 ,(328)
261 426 360 474 λου
393 422 506 472 τῶν
537 420 719 487 μυιῶν
750 417 840 470 καὶ
871 419 984 471 τῶν
1013 419 1282 488 μελιττῶν
1320 413 1385 472 τά
1416 417 1859 491 παραδείγματα)

255 504 344 558 καὶ
388 502 475 556 ἐπὶ
519 517 689 557 πασιν
719 495 751 570 ἡ
791 505 902 555 τῶν
950 502 1135 556 ἐθνῶν
1164 496 1271 556 απὸ
1315 504 1409 572 τῆς
1441 503 1707 574 προτέρας
1741 505 1859 599 ἐρη-

251 592 379 658 μίας
406 589 481 649 εἰς
506 582 607 655 τὴν
630 581 766 640 κατά
788 582 926 640 θεὸν
949 590 1226 656 γεωργίαν
1248 583 1549 657 μεταβολή;
1582 590 1663 642 94.
1690 590 1860 643 ταῦτα
1883 607 1903 639 5

256 667 324 741 δὴ
378 669 479 724 οὐν
530 665 843 740 ὀφθαλμοις
894 666 1147 740 ὁρωμενα
1185 675 1268 734 τίς
1307 667 1410 725 οὐκ
1455 667 1525 726 ἂν
1567 672 1861 742 ἐκπλαγείη

252 750 576 825 θαυμάσας;
617 759 697 817 τίς
732 753 791 807 δε
822 750 887 808 οὐ
919 759 1087 809 θειαν
1119 748 1190 818 ῶς
1221 750 1444 824 αληθῶς
1474 751 1864 826 ὁμολογήσειεν

253 833 323 893 ἂν
338 835 463 943 ’,τὴν
483 835 820 910 πρόρρησιν,
853 833 1074 893 ἀκούων
1104 834 1330 893 ἄνωθεν
1360 837 1465 907 πρὸ
1496 844 1689 910 χιλίων
1718 837 1865 895 ὅλων

256 924 392 978 ἐτῶν
439 925 498 978 ἐν
538 926 751 992 βιβλοις
791 919 1125 993 αποκείμενα
1156 923 1329 977 ταῦτα
1359 923 1450 978 καὶ
1496 920 1864 994 μελετωμενα,

254 1004 320 1062 οὐ
352 1007 462 1078 μὴν
493 1003 687 1062 άλλοτε
720 1010 795 1071 εἰς
825 1005 977 1071 τέλος
1007 1003 1250 1077 ἀχθέντα
1281 1002 1314 1077 ἢ
1344 1029 1479 1077 μετα
1503 1005 1606 1078 τὴν
1627 1009 1728 1062 τοῦ
1758 1025 1862 1064 σω·
1886 1027 1928 1059 10

206 1110 231 1142 b
255 1092 417 1162 τῆρος
447 1085 604 1162 ἡμῶν
635 1095 978 1162 παρουσιαν;
1013 1095 1064 1145 εί
1088 1087 1155 1159 δὴ
1173 1090 1275 1146 οὐν
1298 1089 1608 1162 θαυμάσιος
1632 1089 1666 1162 ἡ
1698 1089 1864 1164 πρόρ-

256 1192 440 1246 ρησις,
475 1175 565 1229 καὶ
609 1179 686 1230 ἔτι
717 1174 1149 1245 θαυμασιωτέρα
1191 1175 1282 1229 καὶ
1313 1196 1455 1246 υπερ
1487 1172 1666 1231 πάντα
1698 1174 1863 1247 λόγον

255 1254 288 1329 ἡ
320 1260 415 1329 τῆς
446 1255 802 1331 προρρήσεως
834 1263 1084 1329 ἔκβασις,
1127 1263 1183 1313 τί
1226 1262 1315 1314 δεῖ
1341 1256 1595 1315 ἀπιστεῖν
1627 1264 1676 1316 εἰ
1706 1261 1797 1315 καὶ
1828 1257 1861 1330 ἡ

255 1341 445 1414 πρώτη
486 1347 584 1398 τοῦ
630 1343 1120 1414 προφητευομένου
1151 1339 1392 1413 πάροδος
1422 1341 1739 1414 παράδοξον
1770 1345 1862 1399 καὶ

252 1424 393 1498 ὑπὲρ
419 1429 603 1482 πᾶσαν
626 1423 934 1496 ἀνθρώπου
963 1423 1138 1497 φύσιν
1161 1423 1261 1497 τὴν
1282 1431 1378 1498 τῆς
1402 1428 1670 1498 γενέσεως
1700 1451 1862 1483 κατα-
1889 1448 1930 1480 15

254 1509 428 1581 βολὴν
471 1518 714 1582 εἴληχεν,
756 1507 920 1566 ὁπότε
959 1511 1050 1566 καὶ
1092 1508 1125 1582 ἡ
1165 1513 1278 1567 τῶν
1318 1513 1528 1568 λοιπῶν
1556 1509 1865 1584 θαυμάτων

257 1593 491 1666 ἐναργὴς
521 1592 646 1663 ὄψις
676 1591 779 1667 οὐχ
810 1591 988 1666 ἥττων
1028 1585 1169 1650 οὖσα
1199 1591 1306 1650 ἀπὸ
1337 1600 1432 1666 τῆς
1462 1597 1730 1666 γενέσεως
1762 1594 1865 1651 αὐ-

253 1683 352 1734 τοῦ
384 1678 622 1749 βιάζεται
647 1680 738 1734 καὶ
756 1676 858 1749 τὴν
881 1682 994 1737 τῶν
1017 1675 1202 1735 ἄλλων
1225 1681 1336 1734 τῶν
1367 1676 1486 1735 κατ’
1522 1676 1693 1737 αὐτὸν
1722 1701 1865 1754 πρα-

255 1765 507 1834 χθέντων
546 1761 920 1834 ἀποδέχεσθαι
959 1769 1301 1834 μαρτυρίαν;
1343 1759 1485 1819 ἄλλα
1515 1763 1619 1836 γὰρ
1650 1761 1863 1828 τούτοις

203 1876 224 1899 c
258 1849 377 1917 ἑξῆς
409 1845 543 1918 μετά
571 1845 630 1902 τὸ
657 1842 773 1912 “seg
804 1846 1056 1918 βόσκημα
1081 1845 1364 1916 προβάτου
1382 1848 1471 1902 καὶ
1503 1844 1861 1919 καταπάτημα
1884 1867 1926 1900 20

257 1928 422 2001 βοός”
459 1933 734 2000 συνῆπται
779 1931 1009 2002 δευτέρα
1039 1953 1118 1995 τις
1161 1928 1461 2003 πρόρρησις
1494 1930 1765 2004 συγγενὴς
1796 1934 1862 2004 τῇ

257 2016 684 2086 προτεθειμένῃ,
732 2011 1006 2085 ἀρχομένη
1052 2010 1158 2068 ἀπὸ
1202 2019 1300 2069 τοῦ
1337 2010 1466 2069 “uoci
1510 2014 1629 2071 εἷπε
1673 2013 1863 2088 κύριος

257 2095 391 2168 πρός
421 2121 516 2169 με,
563 2096 698 2166 λάβε
743 2099 959 2172 σεαυτῷ
1003 2094 1227 2169 τόμον,”
1269 2093 1339 2169 ἣν
1370 2100 1461 2154 καὶ
1494 2095 1670 2171 αὐτὴν
1702 2100 1864 2156 ἐκθέ-

257 2202 412 2252 μενοι
443 2183 578 2252 φέρε
611 2179 1082 2253 ὃιασκοπήσωμεν.

207 2430 233 2462 d
822 2401 951 2461 Ἀπό
981 2407 1080 2461 τοῦ
1109 2402 1296 2461 αὐτοῦ.
1882 2424 1923 2456 25

385 2520 465 2572 95.
495 2512 644 2574 “Kal
677 2515 795 2573 εἷπε
825 2515 1014 2590 κύριος
1044 2514 1179 2589 πρός
1209 2539 1307 2588 με,
1348 2515 1484 2587 λάβε
1524 2519 1739 2593 σεαυτῷ
1770 2514 1862 2572 τό-

258 2624 362 2671 μον
393 2605 588 2658 καινοῦ
625 2599 894 2674 μεγάλου,
935 2602 1026 2657 καὶ
1063 2598 1280 2673 γράψον
1322 2606 1398 2666 εἰς
1430 2598 1600 2657 αὐτὸν
1629 2604 1862 2673 γραφίδι

253 2680 565 2757 οἷνθρῶπου
616 2688 714 2742 τοῦ
768 2682 934 2752 ὀξέως
988 2682 1273 2758 προνομὴν
1333 2687 1555 2756 ποιῆσαι
1610 2682 1859 2740 σκύλων·

374 2876 424 2912 -36
456 2875 595 2925 Es.8‚
621 2878 658 2914 1.
