1992 3186
259 111 364 163 492
941 111 1188 152 EUSEBII

261 234 560 294 Γαλιλαίας
583 225 862 329 “Ηροόδου,,
889 232 1171 283 Φιλίππου
1205 227 1266 283 δὲ
1297 231 1395 284 τοῦ
1414 225 1666 300 ἀδελφοῦ
1696 225 1869 286 αὐτοῦ

150 334 241 378 [227]
266 315 691 386 τετραρχοῦντος
732 316 827 382 τῆς
850 309 1149 385 Ἰτουραίας
1192 313 1284 368 καὶ
1323 318 1735 386 Τραχωνίτιδος
1766 311 1870 386 χεό-

263 421 388 499 ρας,
420 398 511 452 καὶ
542 401 832 453 Λυσανίου
861 398 956 467 τῆς
981 393 1272 468 Ἀβιληνῆς
1302 399 1748 470 τετραρχοῦντος,
1782 399 1871 454 ἐπὶ

262 479 556 553 ἀρχιερέως
571 477 747 537 Ἀννα
779 481 870 536 καὶ
904 478 1144 552 Καιαφα.
1216 478 1427 546 τούτοις
1461 480 1528 552 δὴ
1559 481 1662 538 οὐν
1691 484 1870 548 καλως

263 570 373 636 ἔχει
405 566 764 638 παραθέσθαι
793 562 895 636 τὴν
925 587 1072 635 παρα
1088 572 1288 622 Μωσεῖ
1314 569 1410 622 τοῦ
1436 561 1628 637 Ἰακώβ
1659 587 1870 640 προφη-

262 654 417 706 τείαν
446 652 641 706 τοῦτον
673 653 909 722 ἔχουσαν
938 647 1034 705 τὸν
1063 647 1268 722 τρόπον
1288 665 1298 674 ·

151 902 439 974 (366)Περὶ
484 904 618 958 τῶν
657 899 920 974 χρόνων
959 903 1070 973 τῆς
1121 907 1217 966 είς
1258 899 1677 975 ἀνθρώπους
1723 905 1875 960 ἐπι-

791 991 1087 1058 φανείας
1119 984 1342 1042 αὐτοῦ.

768 1123 900 1182 Ἀπὸ
934 1128 1028 1197 τῆς
1066 1126 1363 1192 Γενέσεως.

217 1262 238 1293 b
392 1236 427 1293 I.
461 1232 758 1294 “”Εκάλεσε
790 1238 851 1294 δὲ
877 1234 1069 1309 Ἰακωβ
1093 1235 1221 1304 τούς
1237 1236 1395 1302 υἱοὺς
1420 1234 1594 1296 αὐτοῦ
1615 1241 1707 1296 καὶ
1733 1238 1870 1313 εἶπε,

263 1319 580 1394 συνάχθητε
620 1326 714 1378 ἵνα
747 1325 1052 1393 ἐπαγγείλω
1083 1320 1218 1393 ὑμῖν
1247 1329 1305 1378 τί
1337 1318 1709 1395 ἀπαντήσεται
1739 1322 1875 1396 ὑμῖν

265 1403 349 1461 ἐπ’
390 1404 620 1477 ἐσχάτου
649 1409 761 1461 τῶν
791 1401 1027 1478 ἡμερῶν.
1083 1403 1426 1479 ἄθροίσθητε
1459 1410 1550 1464 καὶ
1582 1405 1873 1479 ἀκούσατε,

1675 1488 1688 1508 t
1755 1497 1778 1507 ω
1842 1489 1872 1510 3,

263 1491 375 1546 υίοὶ
403 1486 624 1561 Ἰακώβ,
669 1488 966 1562 ἀκούσατε,
1006 1488 1251 1563 Ἰσραὴλ,
1292 1497 1391 1548 τοῦ
1423 1490 1625 1565 πατρὸς
1655 1516 1830 1565 υμων.

262 1577 311 1630 2.
348 1573 463 1630 εἶτα
506 1573 717 1640 τούτοις
763 1577 883 1646 ἑξῆς
930 1573 1372 1648 ἐπιμεμψάμενός
1425 1575 1549 1633 τινά
1600 1595 1711 1634 τισι
1762 1590 1875 1643 τοῖς
1953 1572 1957 1574 ’

223 1691 240 1713 c
264 1660 550 1732 προτέροις
590 1663 764 1731 υἱοῖς,
808 1655 879 1725 ὡς
921 1658 1012 1716 δια
1053 1684 1177 1716 τινα
1218 1657 1403 1717 αὐτῶν
1442 1659 1875 1734 πλημμελήματα

263 1744 578 1815 γενομένοις
609 1742 852 1811 ἀναξίοις
882 1750 978 1816 τῆς
1001 1742 1305 1816 μελλούσης
1328 1746 1679 1816 ἐπιλέγεσθαι
1708 1768 1874 1818 προρ-

265 1825 505 1898 ρήσεως,
536 1851 612 1883 τω
643 1851 885 1904 τεταρτω
918 1853 992 1894 ως
1021 1826 1117 1884 τὸν
1148 1834 1276 1899 βίον
1306 1837 1591 1901 κρείττονα
1621 1834 1734 1885 τῶν
1765 1836 1874 1886 λοι-

264 1931 387 1967 πων
417 1908 678 1983 αδελφων
721 1914 1148 1986 ἐπιδεδειγμένω
1187 1910 1320 1968 ταδε
1358 1918 1607 1980 θεσπίζει
1631 1909 1873 1985 “Ἰου’δα,

265 1995 326 2050 σε
357 1997 680 2051 αι’νέσαισαν
711 2000 768 2051 οι
793 1993 1033 2067 ἀδελφοί
1058 2013 1188 2066 σου,
1222 1999 1284 2051 αἱ
1308 1998 1485 2067 χεῖρές
1517 2015 1618 2054 σου
1651 1999 1740 2054 ἐπὶ
1769 1995 1874 2054 νεό-

263 2100 362 2133 του
392 2081 504 2133 τῶν
537 2080 755 2151 ἐχθρῶν
786 2097 919 2150 σου,
961 2077 1413 2151 προσκυνήσουσί
1452 2098 1514 2137 σε
1543 2085 1600 2137 οἰ
1632 2084 1746 2152 υιζοὶ
1776 2086 1874 2138 τοῦ

265 2160 468 2235 πατρός
500 2178 626 2218 σου·
673 2160 914 2235 σκύμνος
947 2165 1163 2228 λέοντος
1188 2159 1394 2236 Ἰούδα,
1429 2167 1488 2220 ἐκ
1511 2168 1754 2236 βλαστοῦ
1786 2168 1879 2222 υἱέ

264 2269 372 2318 μου
424 2242 653 2318 οἷνέβης,
706 2245 1001 2303 ἀναπεσὸν
1044 2246 1340 2319 ἐκοιμήθης
1382 2243 1454 2313 ὥς
1496 2251 1638 2304 λέων
1678 2251 1770 2304 καὶ
1802 2245 1874 2316 ὧς

264 2328 522 2403 σκύμνος.
594 2337 676 2397 τίς
699 2333 899 2433 ἐγερεῖ
938 2327 1133 2401 αὐτόν;
1182 2327 1284 2388 οὐκ
1325 2334 1565 2400 ἐκλείψει
1581 2330 1795 2438 ἅρχων
1820 2336 1873 2400 ἐξ

218 2436 241 2468 d
257 2412 469 2486 Ἰούδα,
513 2413 646 2471 ουδε
684 2413 989 2488 ηγούμενος
1034 2418 1092 2471 ἐκ
1139 2439 1252 2472 των
1294 2421 1486 2488 μηρῶν
1529 2414 1728 2488 αὐτοῦ,
1775 2419 1874 2482 ε’ως

265 2522 335 2555 αν
379 2504 517 2571 ἔλθῃ
557 2523 622 2555 τα
652 2495 986 2572 αποκείμενα
1019 2495 1196 2576 αὐτῷ,
1240 2501 1330 2556 καὶ
1362 2497 1526 2566 αυτὸς
1567 2505 1872 2575 προσδοκία
1894 2525 1936 2558 25

271 2579 498 2640 6⁷8²)va

393 2671 439 2722 3.
484 2665 695 2723 Σκόπει
739 2665 807 2740 δὴ
847 2692 1067 2740 πρωτον
1110 2673 1234 2724 τίνα
1274 2667 1379 2741 ἄρα
1421 2670 1594 2741 φησὶν
1635 2666 1775 2725 εἶναι
1806 2692 1871 2724 τα

385 2861 436 2898 10
469 2858 580 2902 Gen.
603 2861 670 2909 49,
700 2863 735 2901 1.

1897 1270 1936 1301 10

1898 1688 1938 1720 15

1897 2110 1937 2142 20
