1992 3186
572 103 876 147 DEMONST.
908 104 1126 148 EVANG.
1161 105 1287 148 VIII.
1321 107 1359 146 1.
1651 105 1757 158 505

150 217 390 294 Χριστὸν
433 222 532 276 τοῦ
581 222 722 277 θεοῦ
764 219 1067 292 ἐγίνωσκον
1117 245 1175 279 τε
1226 223 1316 278 καὶ
1370 220 1756 295 προσεκύνουν

149 301 482 377 ἀλλόφυλοι,
515 307 568 372 ἐξ
600 302 885 362 ἀνατολῶν
917 303 1246 372 ἐπιστάντες.
1316 303 1523 363 οὐκοῦν
1564 312 1757 379 σαφῶς.

153 387 243 445 διὰ
272 385 482 446 τούτων
513 390 664 454 τέλος
684 395 882 462 ἔχουσα
905 394 1003 447 τοῦ
1027 389 1224 462 Ἰακώβ
1246 385 1278 463 ἡ
1300 396 1606 465 προφητεία
1640 395 1756 447 δεί-

149 496 377 544 κνυται,
421 470 504 529 ἐπ’
553 471 782 546 ἐσχάτου
822 477 917 547 τῆς
968 474 1283 541 συστάσεως
1333 478 1431 532 τοῦ
1469 471 1764 532 Ἰουδαίων

107 578 127 611 5
151 562 354 622 ἔθνους
384 554 848 630 ἀποτελεσθεῖσα,
882 557 1067 634 ὥσπερ
1099 552 1200 616 οῦν
1224 557 1386 626 αὐτὸς
1411 573 1522 625 τοῖς
1554 562 1754 616 ἑαυτοῦ

147 643 344 700 παισὶν
375 642 672 699 ἐθέσπισεν
715 641 888 699 εἰπών
910 638 1284 716 “συνάχθητε,
1317 648 1408 700 ἵνα
1439 639 1760 716 ἀπαγγείλω

145 721 281 800 ὑμῖν
310 731 369 783 τί
399 724 740 800 συμβήσεται
773 725 908 799 ὑμῖν
944 723 1028 783 ἐπ’
1066 725 1297 800 ἐσχάτου
1329 730 1440 784 τῶν
1466 724 1753 801 ἡμερων·”
1780 751 1802 783 b

147 808 378 884 ἐσχάτας
417 806 621 886 ἡμέρας
663 808 947 868 νοοῦντων
990 808 1146 883 ἡμῶν
1190 810 1256 868 τὰ
1297 816 1495 885 ἔσχατα
1527 816 1620 884 τῆς
1655 829 1756 870 συ-

148 893 391 962 στάσεως
436 898 535 952 τοῦ
569 893 857 952 Ἰουδαίων
898 900 1116 961 ἔθνους.
1189 899 1272 952 49.
1307 901 1364 952 τί
1399 900 1536 968 δῆτα
1569 894 1756 962 αὐτοῖς

85 1002 126 1033 10
149 975 402 1037 ἀπαντᾶν
434 985 687 1052 ἔμελλεν;
720 984 959 1046 ἔκλειψις
990 979 1093 1051 μὲν
1116 982 1210 1051 τῆς
1235 977 1403 1053 ἀρχῆς
1429 977 1629 1051 Ἰούδα,
1662 982 1757 1037 καὶ

146 1066 245 1120 τοῦ
274 1060 478 1128 παντὸς
509 1067 712 1129 ἔθνους
745 1059 931 1119 αὐτῶν
961 1069 1315 1136 καθαίρεσις,
1360 1062 1543 1120 παῦλά
1574 1088 1632 1121 τε
1663 1066 1757 1120 καὶ

146 1150 296 1218 λῆξις
335 1142 817 1219 τῶνὴγουμένων
857 1143 1073 1219 αὐτῶν,
1114 1150 1205 1204 καὶ
1244 1153 1339 1220 τῆς
1371 1151 1552 1220 φυλῆς
1583 1144 1756 1205 αὐτοῦ

144 1235 243 1288 τοῦ
275 1235 566 1304 βασιλικοῦ
591 1232 682 1287 καὶ
707 1229 934 1303 ἀρχικοῦ
958 1228 1259 1305 ἀξιώματος
1290 1229 1607 1302 κατάλυσις,
1626 1241 1755 1305 Χρι-

147 1318 280 1372 στοῦ
328 1315 390 1372 δὲ
433 1313 571 1389 ἀρχὴ
612 1316 705 1372 καὶ
746 1320 1027 1388 βασιλεία,
1079 1313 1147 1373 οῦ
1189 1320 1286 1374 τοῦ
1325 1314 1574 1390 Ἰσραὴλ,
1617 1313 1756 1373 ἀλλὰ

82 1419 123 1451 15
147 1402 258 1456 τῶν
301 1401 486 1456 ἐθνῶν
526 1396 789 1456 ἁπάντων
830 1396 1103 1472 ἄρχουσα,
1154 1400 1290 1457 κατὰ
1330 1399 1387 1456 τὸ
1421 1395 1549 1457 “aaz
1592 1397 1756 1467 αὐτὸς

146 1489 452 1558 προσδοκία
496 1479 737 1540 ἐθνῶν.”
813 1487 896 1540 50.
940 1490 1021 1551 τίς
1061 1481 1110 1540 δ’
1158 1483 1260 1541 οὐκ
1300 1479 1371 1540 ἂν
1401 1480 1756 1556 ὁμολογήσειε

144 1573 318 1624 ταῦτα
358 1565 502 1624 οὕτω
542 1569 734 1638 σαφῶς
774 1568 862 1623 ἐπὶ
903 1572 968 1642 τῇ
1007 1573 1105 1625 τοῦ
1156 1571 1400 1641 σωτῆρος
1439 1567 1597 1641 ἡμῶν
1639 1570 1756 1624 ἐπι-

145 1657 351 1727 φανείᾳ
382 1649 815 1725 πεπληρῶσθαι,
847 1649 937 1707 ὅτε
969 1655 1026 1709 οί
1052 1649 1222 1708 πάλαι
1252 1650 1357 1726 πρὸ
1387 1656 1482 1724 τῆς
1505 1654 1603 1708 τοῦ
1625 1660 1754 1724 Χρι-

148 1737 285 1793 στοῦ
324 1737 593 1807 γενέσεως
636 1730 724 1791 ἐπ’
769 1739 991 1802 οἰκείοις
1033 1733 1262 1809 ἄρχουσι
1304 1737 1396 1792 καὶ
1426 1736 1754 1808 ἡγουμένοις

82 1838 124 1871 20
147 1822 239 1876 καὶ
279 1831 531 1885 συνετοῖς
580 1824 693 1875 τῶν
732 1824 910 1876 θείων
958 1816 1410 1892 ἀναγνωσμάτων
1461 1816 1758 1892 ἀκροαταῖς

146 1908 445 1975 βασιλεῦσί
487 1926 546 1960 τε
601 1907 762 1969 ἰδίοις
819 1905 910 1960 καὶ
952 1902 1266 1977 ἀρχιερεῦσι
1315 1906 1407 1960 καὶ
1448 1902 1760 1978 προφήταις

147 1985 624 2060 λαμπρυνόμενοι,
657 1985 798 2059 αὐτή
828 2009 886 2043 τε
916 1983 949 2060 ἡ
981 1991 1078 2045 τοῦ
1103 1986 1284 2045 Ἰούδα
1315 1987 1466 2060 φυλὴ
1498 1987 1756 2059 βασιλικὴ

147 2063 307 2143 οὖσα,
339 2074 451 2128 τῶν
475 2074 696 2144 ἐχθρῶν
719 2073 811 2128 καὶ
835 2076 1115 2145 πολεμίων
1140 2074 1530 2145 ἐπικρατοῦσα,
1555 2071 1759 2144 κατάρ-

146 2153 319 2228 χουσά
348 2178 408 2212 τε
438 2157 528 2212 καὶ
557 2153 839 2229 ἡγουμένη
874 2159 973 2213 τοῦ
1002 2153 1204 2221 παντὸς
1236 2163 1470 2228 ἔθνους,
1513 2160 1569 2212 οἴ
1605 2180 1664 2213 τε
1697 2159 1757 2212 ἐν

83 2256 125 2289 25
148 2235 333 2307 αὐτοῖς
373 2238 542 2295 πάλαι
583 2241 978 2314 διαπρέποντες
1012 2243 1065 2307 ἐξ
1098 2243 1315 2297 ἐκείνου
1354 2241 1445 2296 καὶ
1478 2245 1556 2306 εἰς
1589 2243 1758 2310 δεῦρο

139 2318 419 2395 Ῥωμαίοις
449 2325 737 2390 ὑποτελεῖς
768 2323 1205 2396 καθεστήκασιν;
1242 2322 1490 2396 ἐπεφάνη
1520 2321 1624 2395 γὰρ
1655 2340 1757 2378 σα-

147 2409 266 2477 φῶς
295 2403 324 2463 ὁ
356 2405 588 2480 Χριστὸς
617 2411 716 2464 τοῦ
746 2412 912 2479 θεοῦ,
944 2410 1035 2464 καὶ
1070 2410 1122 2475 ἐξ
1155 2411 1372 2464 ἐκείνου
1412 2405 1446 2477 ἡ
1488 2408 1782 2478 λεγομένηα

149 2494 455 2561 προσδοκία
495 2495 606 2546 τῶν
649 2495 834 2548 ἐθνῶν
875 2497 952 2556 εἰς
993 2490 1172 2548 πάντα
1211 2490 1276 2547 τὰ
1309 2495 1448 2561 ἔθνη
1480 2486 1754 2560 ἀνακεκή-

150 2595 359 2645 ρυκται.
404 2576 487 2629 51.
515 2567 547 2644 ἢ
578 2575 779 2646 λεγέτω
810 2598 918 2647 τις,
954 2580 1004 2631 εἰ
1030 2573 1105 2646 μὴ
1130 2572 1264 2630 κατὰ
1294 2571 1395 2645 τὴν
1427 2571 1758 2645 ἐπιφάνειαν

84 2651 322 2728 εοἸησοῦ
373 2659 471 2712 τοῦ
523 2662 766 2731 σωτῆρος
821 2656 979 2730 ἡμῶν
1028 2656 1093 2713 τὰ
1131 2657 1233 2729 μὲν
1281 2650 1428 2730 παρα
1464 2655 1755 2723 Ἰουδαίοις

150 2737 350 2813 σεμνοὶ,
393 2737 428 2811 ἥ
467 2762 526 2795 τε
566 2739 895 2814 μητρόπολις
927 2739 1111 2798 αὐτῶν
1141 2739 1251 2814 ἅμα
1290 2744 1365 2817 τῷ
1408 2745 1535 2817 ἱερῷ
1566 2742 1656 2797 καὶ
1687 2745 1754 2814 τῇ

151 2825 211 2880 ἐν
232 2822 410 2900 τούτῳ
435 2827 844 2898 συντελουμένῃ
867 2822 1115 2901 ἁγιστείᾳ
1136 2824 1270 2898 μετὰ
1293 2827 1511 2883 καὶτῶν
1533 2830 1758 2883 οἰκείων
