1992 3186
263 101 367 153 634
870 71 872 73 ¹
939 101 1188 143 EUSEBII

531 211 603 236 *ee

215 241 238 273 d
389 223 436 275 3.
480 225 550 274 To
615 222 664 273 εἰ
695 215 890 288 ἐχθρὸς
921 212 1181 272 ωνείδισέ
1205 239 1299 288 με,
1330 214 1617 289 ὑπήνεγκα
1647 242 1745 288 αν,
1778 219 1869 275 καὶ

265 308 316 358 εί
343 298 370 359 6
402 305 582 374 μισῶν
621 323 687 372 με
720 298 804 356 ἐπ’
844 301 936 372 ἐμὲ
969 300 1582 373 ἐμεγαλορρημόνησεν,
1626 301 1872 375 ἐκρύβην

261 382 331 443 ἂν
371 383 467 441 ἀπ’
513 384 698 442 αὐτοῦ.
771 381 841 441 66
884 385 972 455 δὲ,
1027 383 1293 455 ἄνθρωπε
1338 386 1595 459 ίσόψυχε,
1649 386 1872 459 ἡγεμών

261 494 367 543 μου
399 471 491 525 καὶ
531 469 747 541 γνωστέ
781 492 915 541 μου,
957 464 1017 533 ὸς
1061 471 1147 525 ἐπὶ
1179 468 1239 525 τὸ
1279 465 1412 525 αὐτὸ
1447 470 1749 540 ἐγλύιέανοῖς
1778 495 1870 544 μοι

264 552 567 625 ἐδέσματα”
602 550 793 626 όμοιόν
834 556 945 609 ἐστι
985 556 1060 629 τῷ
1084 548 1214 610 “nal
1243 556 1348 623 γὰρ
1379 549 1407 609 6
1449 551 1746 623 ἅνθρωπος
1775 559 1870 628 τῆς
1893 578 1912 610 5

263 639 484 710 εἰρήνης
516 662 651 710 μου,
697 634 785 711 ἐφ’
817 635 884 694 ὃν
914 636 1148 710 ἤλπισα,
1189 633 1218 693 6
1254 641 1462 694 ἐσθίων
1500 635 1699 709 ἄρτους
1742 663 1868 713 μου,

261 722 600 794 ἐμεγάλυνεν
634 719 719 779 ἐπ’
756 721 849 794 ἐμε
879 719 1272 794 πτερνισμόν,”
1321 723 1446 793 περὶ
1478 727 1575 779 τοῦ
1599 720 1780 780 Ἰούδα
1814 727 1874 781 ἐν

258 810 326 880 τῇ
350 804 455 877 πρὸ
486 806 685 878 ταύτης
718 812 1026 881 προφητείᾳ
1059 808 1308 883 κειμένῳ.
1379 811 1427 863 4.
1463 805 1648 880 ω’σπερ
1677 800 1782 865 οὖν
1813 811 1874 865 ἐν

263 894 455 966 ἐκείνῳ
497 896 780 948 ἐδείκνυτο
822 889 1119 962 ἄνθρωπος
1174 890 1395 963 εἰρήνης
1439 892 1569 947 ποτε
1609 891 1870 965 γεγονὼς,

255 973 346 1032 ὅτε
387 979 464 1051 τῷ
504 994 710 1048 σωτηρι
754 974 1124 1048 ἐμαθητεύετο
1167 983 1244 1042 εἱς
1285 978 1376 1032 καὶ
1423 973 1586 1042 αὐτὸς
1632 979 1728 1034 τοῦ
1758 979 1872 1033 τῶν
1894 999 1934 1031 ιο

183 1101 187 1103 -
257 1057 583 1117 αποστόλων
634 1059 879 1133 ἀριθμοῦ
931 1068 1294 1132 χρηματίσας,
1349 1057 1494 1117 οὕτω
1543 1063 1636 1117 καὶ
1687 1065 1747 1118 ἐν
1794 1066 1870 1137 τῷ

258 1149 600 1220 προκειμένῳ
634 1143 896 1217 ίσόψυχος
929 1148 1019 1201 καὶ
1060 1140 1281 1218 ἡγεμών
1313 1146 1404 1201 καὶ
1447 1143 1689 1215 γνωστὸς
1721 1143 1874 1221 αὐτῷ

259 1228 713 1302 προσηγόρευται.
776 1234 825 1285 5.
861 1231 952 1286 καὶ
982 1228 1151 1286 παλιν
1182 1228 1254 1296 ὦς
1288 1233 1348 1285 ἐν
1380 1233 1575 1304 ἐκείνῳ
1617 1231 1743 1300 περὶ
1774 1227 1871 1286 αὐ-

594 1309 654 1330 “r

257 1317 355 1371 τοῦ
387 1323 569 1386 εἴρητο
629 1337 657 1369 ο
694 1316 751 1369 ἐσ
719 1320 902 1371 σθίων
925 1311 1125 1386 ἄρτους
1149 1338 1255 1385 μου
1288 1311 1626 1422 ἐμεγάλυνεν
1658 1311 1742 1370 ἐπ’
1780 1315 1872 1387 ἐμε

545 1397 557 1414 Ι
620 1395 647 1416 22

258 1419 611 1470 πτερνισμον,
682 1396 779 1454 τόν
810 1394 979 1454 αὐτὸν
1008 1396 1213 1469 τρόπον
1237 1400 1328 1455 καὶ
1355 1399 1442 1454 ἐπὶ
1473 1401 1570 1454 τοῦ
1601 1396 1871 1470 παρόντος
1896 1420 1936 1453 15

259 1488 336 1549 εἰς
367 1480 538 1538 αὐτοῦ
569 1480 867 1552 πρόσωπον
898 1484 1110 1554 λέγεται
1134 1481 1194 1538 τὸ
1219 1478 1313 1548 “ὂς
1340 1483 1429 1539 ἐπὶ
1452 1481 1512 1538 τὸ
1542 1481 1677 1539 αὐτὸ
1710 1481 1874 1555 ἐγλύ-

258 1590 430 1631 κανας
471 1591 563 1638 μοι
607 1563 933 1639 ἐδέσματαΫ
1006 1569 1098 1624 καὶ
1129 1566 1233 1639 γὰρ
1273 1590 1386 1623 των
1425 1571 1872 1640 καταξιουμένων

258 1653 345 1707 καὶ
381 1649 544 1716 αὐτὸς
588 1648 665 1717 εἷς
696 1675 766 1721 ην
803 1656 898 1724 τῆς
929 1649 1245 1724 ἀπορρήτου
1286 1649 1422 1721 πρὸς
1461 1651 1589 1717 τοὺς
1620 1651 1872 1724 μαθητὰς

257 1759 356 1791 του
389 1739 632 1808 σωτῆρος
673 1734 829 1842 ἡμων
868 1731 1083 1808 ὁμιλίας
1114 1760 1171 1793 τε
1215 1737 1307 1792 καὶ
1339 1742 1714 1808 πνευματικῆς
1744 1759 1867 1809 τρο-

140 1845 234 1887 (472)
260 1823 382 1891 φῆς.
444 1825 492 1876 6.
526 1834 639 1885 τοῖς
669 1844 772 1893 μεν
801 1845 906 1895 γαρ
939 1823 1039 1888 ἔξω
1071 1819 1311 1892 πλήθεσι
1342 1822 1432 1876 καὶ
1455 1834 1568 1884 τοῖς
1589 1817 1778 1892 ὄχλοις
1810 1823 1871 1876 ἐν
1893 1843 1934 1874 20

257 1911 598 1975 παραβολαῖς
631 1904 839 1976 ἐλαλει,
884 1903 1071 1977 μόνοις
1104 1905 1165 1960 δε
1195 1918 1309 1968 τοῖς
1342 1905 1543 1959 ἑαυτοῦ
1573 1915 1869 1975 μαθηταῖς,

259 1991 319 2044 ἐν
349 1985 432 2053 οἷς
464 1991 552 2044 καὶ
584 1985 612 2044 6
637 1987 845 2054 Ἰούδας
878 1987 1181 2059 ἐξηταζετο,
1226 1989 1457 2044 ἐπέλυεν
1487 2010 1718 2045 απαυτα.
1783 1979 1869 2045 διὸ

527 2068 590 2092 “e

257 2073 504 2128 λέλεκται
565 2096 594 2128 ο
637 2076 847 2129 ἐσθίων
885 2095 1085 2144 αρτους
1125 2094 1232 2143 μου
1275 2070 1612 2143 ἐμεγαλυνεν
1655 2070 1738 2129 ἐπ’
1778 2073 1870 2145 ἐμε

740 2158 752 2179 x
778 2152 846 2175 “U

257 2152 628 2227 πτερνισμόν”
665 2179 757 2212 και
817 2179 875 2221 ος
908 2157 996 2212 ἐπὶ
1027 2154 1086 2212 τὸ
1118 2152 1252 2212 αυτὸ
1286 2155 1593 2227 ἐγλύκανας
1623 2181 1715 2228 μοι
1748 2159 1869 2213 ἐδέ-

256 2258 448 2317 σματα.
458 2236 486 2258 ”
551 2245 595 2297 7.
630 2262 770 2313 απερ
802 2242 1145 2312 σαφέστερον
1171 2242 1481 2312 ἐξέφηνε-’ν’
1457 2265 1486 2296 ο
1508 2264 1611 2311 μεν
1634 2238 1868 2307 Ἀκύλας
1891 2262 1932 2295 25
1957 2302 1967 2310 ,

259 2323 431 2380 εἰπών
454 2320 548 2381 “02*
574 2323 714 2396 ὁμοῦ
746 2322 1126 2396 ἐγλυκάναμεν
1155 2320 1525 2396 ἆπόρρητον,”
1560 2323 1588 2380 6
1623 2326 1684 2380 δὲ
1708 2323 1870 2397 Σύμ-

214 2435 235 2467 b
258 2433 428 2482 μαχος
460 2405 698 2475 “οῑ’τινες
743 2407 1239 2482 ἐκοινολογούμεθα
1280 2416 1546 2479 γλυκεῖαν
1584 2404 1860 2481 ὁμιλίαν.”

215 2489 381 2556 ἀντὶ
415 2494 477 2549 δε
505 2517 602 2550 του
625 2489 734 2549 “συ
777 2494 838 2550 δε
868 2491 1134 2566 ανθρωπε
1175 2490 1438 2566 ἰσόψυχε,
1479 2488 1701 2565 ἡγεμών
1739 2517 1867 2565 μου,

257 2580 349 2634 καὶ
380 2580 596 2649 γνωστέ
629 2575 778 2649 μου”
812 2576 840 2634 6
875 2575 1173 2650 Σύμμαχός
1211 2596 1348 2648 φησι
1371 2573 1483 2634 “σύ
1517 2579 1576 2634 δε
1601 2574 1868 2647 ανθρωπε

253 2659 530 2732 ὁμότροπέ
553 2686 644 2734 μοι
675 2661 818 2718 καὶ“
791 2661 1014 2734 ηγεμών
1036 2686 1143 2735 μου
1168 2663 1257 2716 καὶ
1283 2664 1499 2732 γνωστέ
1517 2685 1639 2732 μου.
1723 2665 1930 2718 ἐπει-30

258 2743 432 2817 δήπερ
462 2745 744 2803 τοσούτων
772 2742 1069 2819 ἠξιωμένος
1099 2751 1259 2818 φίλος
1292 2748 1351 2801 ἐν
1391 2759 1503 2811 τοῖς
1533 2744 1767 2818 μάλιστα
1797 2737 1867 2817 ἦν

254 2831 356 2884 τοῦ
406 2833 676 2904 σωτῆρος,
731 2829 954 2896 εἰκότως
1005 2832 1142 2903 φησὶ
1187 2830 1313 2902 περὶ
1361 2827 1531 2886 αὐτοῦ
1581 2828 1640 2886 τὸ
1688 2827 1771 2886 ὅτι
1817 2834 1867 2885 εἰ
