1992 3186
586 131 894 175 DEMONST.
926 130 1147 174 EVANG.
1179 131 1303 173 VIII.
1336 134 1377 175 2.
1680 130 1783 183 543

177 253 468 321 ἐφορῶσαν
509 245 777 320 δύναμιν,
821 252 1266 322 περιαιρεθείσης
1309 247 1371 304 δὲ
1410 243 1608 303 αὐτίκα
1649 247 1783 320 μετὰ

175 331 277 404 τὴν
307 330 478 390 αὐτοῦ
500 338 718 389 τελείαν
758 334 849 388 καὶ
878 335 1166 405 θεοπρεπῆ
1194 338 1432 404 θυσίαν,
1462 327 1545 404 ’,ἣν
1560 331 1783 434 προσή-

176 439 374 489 νεγκεν
403 413 568 482 αὐτὸς
604 416 803 473 ἑαυτὸν
839 415 980 491 ὑπερ
1012 419 1123 473 τῶν
1153 415 1434 490 ἁμαρτιῶν
1463 414 1645 489 ἡμῶν,
1679 415 1783 472 αὐ-

172 499 262 568 τὸς
295 497 374 557 ὢν
404 497 432 558 ὁ
463 498 634 574 ἀμνὸς
663 525 761 558 του
791 504 958 572 θεοῦ,
990 497 1018 557 ὁ
1052 509 1230 574 αἰρων
1258 498 1359 573 τὴν
1382 496 1656 575 ἁμαρτίαν
1685 506 1782 559 τοῦ

128 616 146 647 5
173 584 411 659 κόσμου,
452 586 516 658 ῆς
546 592 753 653 θυσίας
783 588 953 642 πᾶσιν
993 582 1315 659 ανθρώποις
1355 609 1491 642 κατα
1521 609 1587 642 τα
1619 610 1782 661 κριινα

172 669 445 742 μυστήρια
475 674 569 742 τῆς
600 674 793 742 καινῆς
827 667 1100 741 διαθήκης
1139 675 1554 743 παραδοθείσης
1591 693 1656 726 τα
1686 674 1780 742 τῆς

171 758 406 821 παλαιοῖς
445 753 755 828 περιῄρητο.
832 758 946 811 119.
988 751 1126 826 ὁμοῦ
1165 751 1270 827 γὰρ
1311 758 1387 830 τῷ
1427 758 1781 828 πληροῦσθαι

170 836 229 895 τὸ
261 837 478 911 φάσκον
508 838 695 910 λόγιον
726 833 855 895 “acal
889 836 1204 910 δυναμώσει
1238 837 1516 910 διαθήκην
1558 847 1780 905 πολλοῖς
1811 872 1828 894 e

174 922 412 996 ἑβδομας
455 920 576 997 μία’
646 947 712 979 τα
751 925 847 994 τῆς
877 925 1111 988 παλαιᾶς
1152 921 1424 995 διαθήκης
1463 922 1776 997 περιῄρητο.

108 1036 147 1067 10
171 1005 302 1065 πότε
344 1009 404 1064 δὲ
445 1031 510 1064 τα
552 1011 645 1078 τῆς
689 1005 962 1107 διαθήκης
1001 1010 1095 1079 τῆς
1127 1010 1320 1079 καινῆς
1362 1011 1705 1081 ἐδυναμοῦτο
1748 1003 1779 1079 ἢ

168 1088 258 1148 ὅτε
288 1090 316 1148 ὁ
350 1090 530 1165 σωτὴρ
562 1094 652 1148 καὶ
684 1090 873 1166 κύριος
901 1088 1096 1165 ἡμῶν
1091 1094 1305 1148 ιιέλλων
1335 1099 1515 1149 τελεῖν
1550 1091 1609 1149 τὸ
1640 1094 1779 1164 μέγα

168 1171 472 1251 μυστήριον
510 1179 606 1248 τῆς
649 1181 725 1241 εἰς
775 1174 872 1232 τὸν
924 1175 1176 1233 θανατον
1226 1174 1398 1233 αὑτοῦ
1445 1174 1695 1248 παρόδου
1743 1177 1777 1250 ᾖ

168 1263 330 1318 νυκτὶ
359 1265 711 1334 παρεδίδοτο,
743 1284 810 1317 τα
840 1260 1090 1333 σύμβολα
1108 1266 1220 1318 τῶν
1251 1259 1370 1317 κατ’
1406 1259 1576 1318 αὐτὸν
1606 1257 1779 1333 ἄπορ-

170 1344 352 1417 ρήτων
390 1349 484 1417 τῆς
524 1348 718 1417 καινῆς
760 1343 1030 1418 διαθήκης
1070 1344 1251 1418 λόγων
1281 1358 1394 1411 τοῖς
1434 1343 1607 1404 αὑτοῦ
1636 1367 1777 1417 παρ-

107 1453 147 1485 15
175 1434 367 1486 εδίδου
387 1439 691 1502 μαθηταῖς·
680 1475 692 1499 ,
725 1425 862 1502 ὁμοῦ
887 1454 990 1503 γαρ
1016 1429 1167 1486 ταῦτ’
1204 1433 1436 1487 ἐτελεῖτο
1468 1432 1559 1486 καὶ
1584 1426 1618 1502 ἡ
1643 1454 1778 1487 κατα
1801 1454 1823 1486 ιι

169 1515 381 1571 ιΜωσέα
422 1511 628 1570 παλαια
670 1511 913 1586 διαθήκη
945 1511 1270 1588 περιῄρητο,
1318 1511 1454 1586 ὅπερ
1487 1513 1688 1586 ἐδήλου
1718 1513 1778 1570 τὸ

167 1600 555 1671 καταπέτασμα
598 1602 697 1655 τοῦ
735 1604 875 1655 ναοῦ
916 1596 1053 1655 κατὰ
1091 1598 1188 1655 τὸν
1228 1594 1398 1655 αὐτὸν
1428 1596 1778 1672 ῥηγνύμενον

167 1680 383 1756 χρόνον.
449 1687 564 1740 120.
598 1680 865 1754 ἀρθείσης
904 1686 1042 1755 γοῦν
1074 1685 1127 1750 ἐξ
1161 1685 1376 1740 ἐκείνου
1419 1684 1510 1738 καὶ
1545 1680 1778 1755 δυνάμει

168 1768 259 1822 καὶ
301 1765 539 1841 ἀληθεία
578 1773 986 1839 καταλυθείσης
1025 1773 1230 1833 θυσίας
1270 1769 1362 1823 καὶ
1402 1769 1678 1838 σπονδῆς,
1720 1770 1782 1822 αἱ

104 1875 144 1907 20
168 1848 302 1922 μετα
343 1853 514 1908 ταῦτα
554 1850 902 1924 νομιζόμεναι
943 1849 1142 1908 αὐτόθι
1177 1854 1548 1908 ἐπιτελεῖσθαι
1579 1858 1778 1908 θυσίαι

167 1932 436 1992 ἄσπονδοι
468 1937 558 1992 καὶ
590 1934 801 2010 ἀνίεροι
834 1939 893 1993 ἐν
923 1934 1145 2012 βεβήλῳ
1176 1933 1325 2012 τόπῳ
1349 1938 1439 1992 καὶ
1470 1931 1580 1992 ὑπὸ
1613 1933 1777 2007 βεβή-

167 2027 281 2076 λων
311 2022 402 2076 καὶ
425 2017 664 2093 ἀνιέρων
697 2023 1069 2078 ἐπετελοῦντο.
1134 2024 1249 2077 112.
1287 2023 1449 2093 δέχου
1483 2020 1544 2076 δὲ
1568 2018 1777 2084 καὶτὰς

167 2105 293 2176 περὶ
332 2103 546 2162 τούτων
568 2102 836 2177 Ἰωσήπου
875 2110 1180 2179 μαρτυρίας
1207 2099 1382 2161 “naz-02
1427 2104 1488 2160 δὲ
1518 2104 1619 2176 τὴν
1649 2101 1776 2177 ἡμέ-

167 2212 272 2260 ραν
303 2191 398 2260 τῆς
438 2193 810 2261 πεντηκοστῆς
850 2188 1068 2259 νύκτωρ
1109 2194 1166 2246 οἱ
1204 2194 1370 2263 ἱερεῖς
1401 2186 1776 2263 παρελθόντες

104 2296 144 2326 25
168 2278 245 2340 εἰς
267 2270 327 2330 τὸ
352 2271 521 2346 ἱερὸν,
555 2271 739 2348 ὥσπερ
765 2270 950 2340 αὐτοῖς
974 2281 1103 2340 ἔθος
1134 2265 1224 2346 ῆν,
1256 2271 1392 2348 πρὸς
1413 2271 1508 2338 τας
1533 2281 1775 2345 λειτουρ-

166 2363 316 2429 γίας,
350 2361 569 2432 πρῶτον
598 2359 701 2431 μὲν
730 2359 996 2431 κινήσεως
1027 2365 1242 2430 ἔφασαν
1266 2354 1776 2430 ἀντιλαμβάνεσθαι

169 2442 260 2496 καὶ
290 2440 529 2514 κτύπου,
570 2441 704 2515 μετὰ
737 2443 796 2499 δὲ
826 2447 998 2499 ταῦτα
1027 2445 1218 2514 φωνῆς
1248 2439 1460 2513 ἀθρόας
1485 2438 1771 2512 λεγούσης,
1796 2463 1882 2506 [2511

168 2530 589 2598 μεταβαίνωμεν
621 2523 939 2584 ἐντεῦθεν.”
1009 2527 1180 2582 ταῦτα
1223 2526 1283 2582 δὲ
1315 2529 1525 2597 ἱστορεῖ
1550 2525 1685 2596 μετὰ
1714 2522 1773 2580 τὸ

169 2606 349 2674 πάθος
379 2613 476 2665 τοῦ
508 2615 752 2683 σωτῆρος
783 2606 938 2683 ἡμῶν
969 2611 1270 2682 γεγονέναι.
1334 2612 1449 2664 122.
1484 2609 1576 2663 καὶ
1606 2605 1774 2664 πάλιν

282 2831 334 2869 ’23
364 2830 551 2882 Joseph.
575 2830 625 2869 B.
650 2830 692 2869 J.
718 2831 794 2873 VI.
817 2832 856 2881 5,
880 2833 918 2872 3.
1055 2832 1108 2870 ‘29
1140 2829 1240 2874 Vid.
1265 2829 1452 2883 Joseph.
1476 2830 1581 2873 Ant.
1603 2828 1771 2871 XVIII.

168 2889 208 2936 3,
235 2887 271 2929 1.
296 2886 347 2924 B.
370 2885 413 2925 J.
437 2887 495 2929 11.
519 2888 558 2937 9,
583 2888 623 2926 2.
