1992 3186
263 145 367 199 356
935 150 1185 191 EUSEBII

261 287 458 336 ματος,
509 260 632 320 ἀλλ’
680 260 746 320 οὐ
785 262 923 320 κατὰ
963 261 1059 321 τὸν
1105 267 1350 332 Μωσέως
1388 265 1588 340 νόμον,
1643 265 1872 325 πάντων

262 344 583 422 ἀνθρώπων
615 344 872 420 εὐσεβεῖν
911 352 1392 422 παρηγγελμένων.
1465 353 1636 408 ταῦτα
1679 352 1740 409 δὲ
1779 355 1873 410 καὶ

264 434 352 488 ἐπὶ
383 431 485 503 τὴν
518 434 786 506 δευτέραν
817 434 909 489 καὶ
941 436 1168 501 ἔνδοξον
1211 432 1538 507 ἐπιφάνειαν
1568 439 1668 493 τοῦ
1700 439 1873 510 σωτῆ-
1948 504 1957 509 μ

264 540 356 589 ρος
388 512 724 590 ἀναφέροιτο
755 517 840 574 ἄν.

784 738 915 798 Ἀπὸ
955 745 1190 815 Ψαλμοῦ
1221 764 1295 810 πγ
1307 741 1334 798 ’.
1896 769 1916 801 5

215 876 237 907 b
389 851 483 910 IV.
511 850 893 926 “Ὀφθήσεται
922 852 950 911 ὁ
982 853 1113 920 θεὸς
1144 856 1255 911 τῶν
1284 858 1438 912 θεῶν
1471 857 1530 912 ἐν
1560 853 1732 914 Σιών.
1780 854 1874 914 κύ-

263 960 348 1011 ριε
378 936 406 994 ὁ
438 930 569 1003 θεὸς
600 940 712 995 τῶν
745 937 1040 1012 δυνάμεων
1072 937 1403 996 εἰσάκουσον
1440 943 1535 1012 τῆς
1566 944 1876 1014 προσευχῆς

262 1045 397 1095 μου,
432 1020 688 1079 ἐνώτισαι
717 1021 745 1079 ὁ
777 1022 908 1090 θεὸς
933 1021 1152 1095 Ἰακώβ·
1184 1021 1569 1097 ὑπερασπιστοὲ
1599 1022 1758 1097 ἡμῶν
1789 1029 1875 1083 ἴδε

262 1102 290 1162 ὁ
322 1104 481 1179 θεὸς,
515 1108 606 1163 καὶ
640 1109 942 1179 ἐπίβλεψον
974 1109 1062 1164 ἐπὶ
1093 1106 1153 1164 τὸ
1184 1106 1483 1181 πρόσωπον
1512 1113 1610 1165 τοῦ
1634 1112 1879 1182 Χριστοῦ

264 1187 421 1247 σου.”
1899 1218 1938 1249 10

389 1278 441 1331 2.
494 1273 601 1331 Τὸν
641 1273 781 1332 θεὸν
825 1299 938 1332 των
980 1280 1134 1332 θεῶν
1183 1273 1544 1349 σωθήσεσθαι
1594 1277 1878 1350 προειπών

223 1391 239 1412 0
267 1356 484 1432 εὔχεται
507 1358 607 1431 τὴν
633 1357 962 1431 ἐπιφανειαν
986 1357 1157 1415 αὐτοῦ
1179 1359 1213 1432 ᾐ
1241 1383 1400 1432 ταχος
1426 1362 1731 1433 ἐπιστῆναι,
1750 1359 1873 1418 καθ’

152 1465 227 1506 [[63
230 1464 239 1506 ]
266 1439 331 1499 ὃν
373 1440 696 1516 ὀφθήσεται
722 1442 928 1518 τρόπον
971 1443 1253 1501 διδασκων
1294 1441 1384 1500 δια
1413 1446 1514 1501 τοῦ
1534 1442 1878 1516 “ε’πίβλεψον

267 1529 355 1584 ἐπὶ
379 1525 438 1584 τὸ
464 1546 764 1600 προσωπον
786 1552 883 1585 του
861 1530 1142 1601 Χριστοῦ
1171 1544 1298 1585 σου
1310 1524 1340 1548 ”
1375 1526 1506 1586 ὡσεὶ
1537 1531 1880 1603 σαφέστερον

267 1609 500 1685 εἰρήκει,
547 1611 638 1668 διὰ
668 1618 764 1669 τοῦ
795 1611 1096 1686 προσώπου
1127 1614 1229 1670 τοῦ
1257 1616 1499 1683 Χριστοῦ
1542 1633 1645 1670 σου
1678 1612 1878 1686 ἐπιφά-
1902 1637 1941 1669 15

265 1706 416 1768 νηθι,
481 1698 597 1753 ἐπεὶ
629 1696 733 1771 γὰρ
765 1693 793 1754 ὁ
829 1695 1084 1770 ἑωρακώς
1114 1694 1211 1755 τὸν
1242 1696 1367 1754 υῐόν
1400 1696 1610 1771 ἑώρακε
1650 1695 1746 1755 τὸν
1776 1719 1878 1754 πα-

264 1783 395 1854 τέρα
436 1779 532 1837 τὸν
572 1783 864 1854 πέμψαντα
895 1780 1094 1853 αὐτὸν,
1138 1779 1360 1846 εἰκότως
1404 1780 1495 1837 διὰ
1524 1786 1622 1837 τοῦ
1657 1779 1880 1853 προσω-

267 1888 375 1921 που
420 1867 520 1922 τοῦ
551 1870 793 1939 Χριστοῦ
838 1864 1284 1938 ἐπιφανήσεσθαι
1322 1862 1419 1921 τὸν
1461 1867 1522 1921 ἐν
1551 1868 1626 1940 τῷ
1658 1867 1881 1941 Χριστῷ

269 1952 634 2006 κατοικοῦντα
663 1948 805 2006 θεὸν
833 1953 945 2006 τῶν
974 1951 1128 2005 θεῶν
1160 1949 1495 2019 ἐπαγγέλλει.

793 2170 924 2228 Ἀπὸ
963 2177 1198 2244 Ψαλμοῦ
1233 2171 1344 2230 ’1ε’.
1902 2198 1943 2229 20

221 2304 243 2335 d
395 2282 464 2340 V.
505 2279 760 2341 ωἈισατε
798 2288 874 2359 τῷ
916 2289 1091 2360 κυρίῳ
1141 2275 1289 2358 ᾆσμα
1329 2282 1553 2357 καινὸν,
1596 2282 1764 2360 ᾄσατε
1804 2287 1882 2362 τῷ

268 2374 446 2445 κυρίῳ
478 2369 628 2424 πᾶσα
658 2366 692 2440 ἡ
723 2371 806 2442 γῆ.
878 2365 1046 2442 ζέσατε
1085 2372 1161 2443 τῷ
1193 2375 1402 2445 κυρίῳ,
1446 2365 1779 2440 εὐλογήσατε
1820 2367 1880 2426 τὸ

267 2450 442 2526 ὄνομα
482 2454 668 2509 αὐτοῦ.
743 2448 1182 2524 εῦαγγελίσασθε
1222 2451 1432 2526 ἡμέραν
1474 2455 1526 2520 ἐξ
1579 2451 1782 2526 ἡμέρας
1821 2451 1880 2510 τὸ

270 2535 545 2612 σωτήριον
575 2535 762 2595 αὐτοῦ.
824 2533 1184 2609 ἆναγγείλατε
1210 2539 1269 2593 ἐν
1291 2550 1405 2603 τοῖς
1437 2543 1629 2594 ἔθνεσι
1658 2535 1764 2609 τὴν
1792 2535 1881 2594 δό-

270 2624 370 2687 ξαν
416 2624 616 2694 αὐτοῦ,
663 2624 722 2678 ἐν
761 2624 896 2678 πᾶσι
927 2634 1039 2688 τοῖς
1069 2628 1222 2687 λαοῖς
1262 2619 1327 2677 τα
1358 2620 1646 2695 θαυμάσια
1687 2618 1940 2692 αὐτοῦ,ρὸ

271 2700 353 2761 ὅτι
383 2708 552 2778 μέγας
584 2704 774 2779 κύριος
804 2708 895 2763 καὶ
928 2704 1140 2771 αι’νετός
1171 2704 1416 2779 σφόδρα,
1462 2704 1699 2779 φοβερός
1732 2709 1881 2763 ἐστιν

386 2899 411 2938 6
442 2899 515 2938 Ps.
539 2899 605 2948 83,
635 2901 672 2939 7.
849 2902 899 2940 13
930 2900 1002 2943 Jo.
1027 2900 1092 2950 14,
1115 2899 1155 2941 8.
