1946 3158
557 131 866 176 DEMONST.
897 131 1118 174 EVANG.
1150 133 1189 173 Ι.
1221 135 1261 175 3.
1662 132 1727 184 19

114 246 298 321 πάσχα
330 251 390 305 ἐν
419 245 656 326 οὐδεμιᾷ
675 252 788 304 τῶν
818 246 1036 306 πόλεών
1066 265 1188 320 σου,
1224 239 1303 304 ὧν
1326 247 1513 322 κύριος
1537 246 1566 305 5
1595 247 1727 316 θεός
1753 274 1776 306 d

114 351 216 390 σου
249 338 453 390 δίδωσί
479 350 597 406 σοι,
641 328 762 388 ἀλλ’
801 339 878 399 εἰς
909 332 1006 390 τὸν
1035 330 1205 390 τόπον
1243 327 1308 389 ὸν
1349 329 1419 390 ἂν
1451 334 1727 439 ἐκλέξηται

113 416 302 520 κύριος
353 415 382 474 5
427 415 560 483 θεός
600 434 734 489 σου,
779 419 895 475 ἐκεῖ
931 416 1129 484 θύσεις
1166 415 1226 474 τὸ
1267 415 1450 490 πάσχα
1492 420 1727 493 ἑσπέρας

113 502 248 575 πρὸς
279 507 516 575 δυσμαῖς
545 497 737 573 ἡλίου,
784 505 844 559 ἐν
872 525 948 578 τῳ
989 507 1162 578 καιρῷ
1196 493 1240 578 ᾧ
1272 504 1497 575 ἐξῆλθες
1539 505 1597 559 ἐκ
1626 508 1727 575 γῆς

69 610 90 642 5
119 585 438 658 Αἰγύπτου,
470 587 561 643 καὶ
596 584 848 658 ἑψήσεις,
888 588 981 643 καὶ
1011 590 1162 660 φαγῇ
1207 589 1267 643 ἐν
1295 590 1371 663 τῷ
1401 585 1552 663 τόπῳ
1585 611 1627 663 ῳ
1658 584 1728 644 ἂν

114 673 392 744 ἐκλέξηται
424 669 614 744 κύριος
645 667 674 726 5
704 668 837 736 θεός
857 668 1009 728 ’.σου’

238 759 322 812 22.
347 754 406 813 Ὁ
436 757 537 829 μὲν
570 752 637 829 δὴ
668 760 763 827 τῆς
793 758 891 812 τοῦ
915 754 1098 828 πάσχα
1132 756 1322 863 ἑορτῆς
1353 753 1520 829 νόμος
1551 759 1727 814 τοιοῦ-

109 856 229 906 τος
280 838 309 897 5
344 841 404 897 δε
442 844 538 913 τῆς
583 843 955 913 πεντηκοστῆς
993 845 1052 896 τί
1075 841 1251 912 φησὶν
1281 838 1565 898 ἄκουσον
1574 838 1726 898 ’ἑπτα

112 922 427 998 ἑβδομάδας
466 920 804 997 ὁλοκλήρους
844 922 1233 999 ἐξαριθμήσας
1275 928 1517 1002 σεαυτῷ,
1558 924 1724 999 ἀρξα-

47 1034 88 1066 10
110 1010 282 1082 μένου
313 1026 416 1066 σου
449 1007 729 1081 δρέπανον
752 1005 844 1066 ἐπ’
878 1006 1105 1082 άμητόν,
1138 1011 1231 1066 καὶ
1253 1006 1501 1082 ποιήσεις
1533 1009 1728 1084 ἑορτὴν

111 1092 443 1167 ἑβδομάδων
473 1101 650 1170 κυρίῳ
690 1096 769 1170 τῷ
797 1096 917 1170 θεῳ
957 1112 1089 1166 σου,
1133 1091 1282 1151 καθα
1326 1092 1504 1167 ἰσχύει
1544 1093 1577 1166 ἡ
1608 1102 1727 1167 χείρ

111 1196 245 1250 σου,
290 1175 395 1235 ὅσα
434 1174 505 1236 ἂν
548 1181 628 1255 δςὸ
657 1195 773 1250 σοι,
804 1175 940 1236 καθ’
983 1175 1068 1236 ὅτι
1109 1176 1412 1251 εὐλόγηκέν
1443 1197 1507 1236 σε
1537 1178 1728 1253 κύριος

110 1259 139 1319 5
170 1261 302 1329 θεός
332 1282 450 1320 σου.
512 1267 596 1320 23,
633 1265 725 1320 καὶ
751 1259 1124 1336 εὐφρανθήσῃ
1147 1260 1386 1321 ἐνώπιον
1407 1269 1608 1338 κυρίου
1629 1268 1729 1322 τοῦ

111 1349 253 1404 θεοῦ
281 1365 414 1418 σου,
447 1345 518 1404 σύ
549 1349 642 1404 καὶ
671 1346 700 1404 ὁ
731 1347 851 1415 υίός
882 1366 1014 1420 σου,
1055 1350 1148 1405 καὶ
1177 1343 1211 1420 ἡ
1242 1346 1499 1422 θυγάτηρ
1531 1367 1661 1422 σου,
1694 1348 1722 1406 5
1744 1372 1788 1414 [4]

49 1454 88 1486 15
112 1445 242 1499 παις
272 1449 405 1503 σου,
447 1433 539 1488 καὶ
580 1430 615 1504 ἡ
647 1438 913 1505 παιδίσκη
953 1452 1086 1505 σου,
1131 1434 1221 1490 καὶ
1263 1431 1292 1489 5
1323 1439 1562 1506 Λευίτης
1601 1432 1630 1489 5
1664 1458 1724 1491 εν
1742 1452 1791 1494 (3)

110 1529 229 1581 ταῖς
259 1514 463 1573 πόλεσί
496 1533 628 1589 σου,
669 1517 761 1572 καὶ
792 1517 820 1573 ὁ
851 1516 1226 1624 προσήλυτος,
1267 1519 1359 1574 καὶ
1399 1517 1428 1574 ὁ
1459 1517 1723 1591 ὀρφανὸς,

110 1601 203 1656 καὶ
243 1623 277 1672 η
318 1597 459 1672 χήρα
501 1599 534 1672 ἡ
578 1602 637 1657 ἐν
678 1598 842 1673 ὑμῖν,
888 1604 949 1658 ἐν
987 1607 1064 1677 τῷ
1087 1599 1237 1676 τόπῳ
1270 1625 1313 1677 ῳ
1344 1625 1414 1657 αν
1447 1605 1726 1674 ἐκλέξηται

109 1681 297 1757 κύριος
327 1680 356 1741 5
386 1682 519 1751 θεός
551 1703 654 1742 σου
685 1681 866 1761 αὑτῳ,
915 1689 1286 1758 ἐπικληθῆναι
1325 1683 1385 1742 τὸ
1417 1683 1592 1759 ὄνομα
1623 1685 1727 1744 αὐ-

107 1771 208 1826 τοῦ
241 1766 409 1825 ἐκεῖ.”
473 1772 557 1826 24.
592 1771 685 1826 καὶ
714 1768 817 1841 τὴν
845 1774 1038 1844 τρίτην
1070 1767 1125 1825 δ’
1159 1767 1356 1843 ἑορτὴν
1386 1775 1528 1828 ἔνθα
1553 1791 1728 1843 προσ-

45 1877 87 1910 20
108 1850 288 1910 τάττει
320 1855 563 1911 ἐκτελεῖν
587 1851 900 1912 ἐπάκουσον
921 1851 1158 1929 “ἑορτὴν
1180 1858 1292 1911 τῶν
1317 1861 1541 1927 σκηνῶν
1570 1855 1725 1928 ποιή-

110 1957 224 2004 σεις
257 1940 473 2015 σεαυτῷ
515 1937 650 1995 ἑπτὰ
678 1936 902 2013 ἡμέρας,
937 1942 997 1996 ἐν
1033 1944 1110 2015 τῷ
1146 1952 1486 2011 συναγαγεῖν
1529 1959 1591 1998 σε
1618 1939 1726 1997 ἀπὸ

108 2026 205 2094 τῆς
235 2020 447 2088 ἅλωνός
479 2040 582 2080 σου
613 2024 706 2079 καὶ
736 2021 842 2080 ἀπὸ
873 2027 968 2096 τῆς
999 2027 1173 2097 ληνοῦ
1203 2041 1325 2096 σου,
1358 2026 1450 2080 καὶ
1484 2022 1725 2099 εὐφραν-

108 2105 262 2180 θήσῃ
296 2109 356 2164 ἐν
385 2111 451 2179 τῇ
484 2110 645 2181 ἑορτῇ
667 2127 770 2165 σου
804 2107 875 2165 συ
905 2109 997 2165 καὶ
1028 2104 1056 2165 ὃ
1088 2106 1210 2176 υἱός
1241 2130 1343 2166 σου
1367 2111 1460 2165 καὶ
1486 2108 1520 2182 ἡ
1547 2108 1725 2181 θυγά-

108 2214 209 2266 τηρ
241 2210 376 2263 σου,
407 2189 435 2247 5
471 2206 602 2258 παις
634 2211 736 2249 σου
767 2191 910 2250 καὶ“
880 2216 915 2264 η
946 2198 1212 2266 παιδίσκη
1243 2212 1346 2250 σου
1376 2189 1530 2250 καὶ“
1499 2218 1534 2265 η
1565 2193 1723 2267 χήρα,

45 2296 87 2329 25
112 2277 173 2333 ἐν
201 2279 277 2352 τῷ
299 2274 451 2353 τόπῳ
476 2300 518 2352 ῳ
546 2275 643 2333 ἐὰν
664 2279 941 2350 ἐκλέξηται
962 2275 1192 2350 κύριοςὸ
1212 2276 1346 2344 θεός
1370 2295 1472 2335 σου
1496 2278 1703 2355 ἑαυτῳῖ

236 2363 320 2417 25.
356 2359 467 2418 Διὰ
507 2359 790 2419 τοσούτων
832 2385 937 2420 ουν
966 2358 1064 2420 τόν
1092 2361 1263 2420 τόπον
1295 2363 1724 2436 ἐπισημαινόμε-

109 2469 223 2517 νος,
254 2443 580 2512 τοσαυτάκις
612 2469 669 2502 τε
700 2444 872 2503 εἰπων
904 2453 981 2514 εἰς
1012 2444 1183 2505 αὐτὸν
1204 2445 1459 2504 ἀπαντᾶν
1488 2450 1724 2519 παγγενὶ

109 2531 202 2586 καὶ
245 2532 497 2602 πανοικὶ,
538 2533 655 2597 πῶς
695 2527 765 2587 ἂν
804 2528 1007 2605 ἥρμοζε
1046 2544 1161 2598 τοῖς
1199 2537 1295 2604 τῆς
1318 2529 1590 2598 ΜΙουδαιας
1630 2533 1721 2588 καὶ
1803 2534 1817 2561 ³'

112 2615 201 2670 ἐπὶ
231 2613 429 2688 μικρὸν
460 2619 737 2688 διεστῶσι,
769 2614 847 2689 μή
867 2622 926 2673 τί
950 2640 1012 2687 γε
1042 2628 1156 2683 τοῖς
1186 2614 1318 2673 καθ’
1354 2612 1484 2688 ὅλης
1513 2621 1609 2688 τῆς
1639 2621 1725 2672 οἰ-

45 2718 87 2752 30
110 2700 382 2772 κουμένης
414 2705 634 2771 ἕθνεσι;
675 2698 909 2774 μάλιστα
948 2698 1039 2757 ὅτε
1069 2697 1203 2758 οὐδὲ
1233 2699 1571 2774 συγγνώμην
1599 2698 1722 2758 τινα

223 2893 249 2932 8
280 2893 417 2934 Dent.
446 2894 512 2947 16,
538 2896 578 2935 9.
756 2897 808 2958 21
840 2896 979 2936 Deut.
1006 2896 1072 2947 16,
1098 2896 1163 2936 13.

1386 2962 1463 3013 2*
