<?xml version="1.0" encoding="UTF-8"?>
<!DOCTYPE html PUBLIC "-//W3C//DTD XHTML 1.0 Transitional//EN"
    "http://www.w3.org/TR/xhtml1/DTD/xhtml1-transitional.dtd">
<html xmlns="http://www.w3.org/1999/xhtml" xml:lang="en" lang="en">
 <head>
  <title>
</title>
<meta http-equiv="Content-Type" content="text/html;charset=utf-8" />
  <meta name='ocr-system' content='tesseract 3.04.00' />
  <meta name='ocr-capabilities' content='ocr_page ocr_carea ocr_par ocr_line ocrx_word'/>
</head>
<body>
  <div class='ocr_page' id='page_1' title='image "./operaeusebius03euseuoft_0468.png"; bbox 0 0 1992 3186; ppageno 0'>
   <div class='ocr_carea' id='block_1_1' title="bbox 273 122 1199 174">
    <p class='ocr_par' dir='ltr' id='par_1_1' title="bbox 273 122 1199 174">
     <span class='ocr_line' id='line_1_1' title="bbox 273 122 1199 174; baseline 0.001 -13"><span class='ocrx_word' id='word_1_1' title='bbox 273 125 379 174; x_wconf 84' lang='lat'><em>444</em></span> <span class='ocrx_word' id='word_1_2' title='bbox 952 122 1199 164; x_wconf 77' lang='lat' dir='ltr'><strong>EUsEssn</strong></span> 
     </span>
    </p>
   </div>
   <div class='ocr_carea' id='block_1_2' title="bbox 166 235 1954 2750">
    <p class='ocr_par' dir='ltr' id='par_1_2' title="bbox 166 235 1954 2750">
     <span class='ocr_line' id='line_1_2' title="bbox 275 235 1879 312; baseline -0.001 -15"><span class='ocrx_word' id='word_1_3' title='bbox 275 238 628 312; x_wconf 78' lang='grc' dir='ltr'><em>γεννώμενον</em></span> <span class='ocrx_word' id='word_1_4' title='bbox 666 237 826 309; x_wconf 78' lang='grc' dir='ltr'><em>ἅγιον</em></span> <span class='ocrx_word' id='word_1_5' title='bbox 868 235 1204 308; x_wconf 85' lang='grc' dir='ltr'><em>κληθήσεται</em></span> <span class='ocrx_word' id='word_1_6' title='bbox 1246 237 1366 303; x_wconf 88' lang='grc' dir='ltr'><em>υιὸς</em></span> <span class='ocrx_word' id='word_1_7' title='bbox 1405 244 1558 295; x_wconf 85' lang='grc' dir='ltr'><strong>θεοῦ.</strong></span> <span class='ocrx_word' id='word_1_8' title='bbox 1571 235 1601 256; x_wconf 74' lang='lat'><em>’³</em></span> <span class='ocrx_word' id='word_1_9' title='bbox 1674 244 1754 296; x_wconf 79' lang='lat'><em>99.</em></span> <span class='ocrx_word' id='word_1_10' title='bbox 1789 241 1879 295; x_wconf 80' lang='grc' dir='ltr'><em>καὶ</em></span> 
     </span>
     <span class='ocr_line' id='line_1_3' title="bbox 279 319 1881 400; baseline -0.001 -19"><span class='ocrx_word' id='word_1_11' title='bbox 279 328 338 381; x_wconf 87' lang='grc' dir='ltr'><em>έν</em></span> <span class='ocrx_word' id='word_1_12' title='bbox 368 348 469 396; x_wconf 90' lang='grc' dir='ltr'><em>μεν</em></span> <span class='ocrx_word' id='word_1_13' title='bbox 498 326 566 400; x_wconf 80' lang='grc' dir='ltr'><em>τῇ</em></span> <span class='ocrx_word' id='word_1_14' title='bbox 595 319 701 395; x_wconf 79' lang='grc' dir='ltr'><em>πρὸ</em></span> <span class='ocrx_word' id='word_1_15' title='bbox 731 320 931 393; x_wconf 81' lang='grc' dir='ltr'><strong><em>ταύτης</em></strong></span> <span class='ocrx_word' id='word_1_16' title='bbox 963 327 1272 397; x_wconf 76' lang='grc' dir='ltr'><strong><em>προφητείᾳ</em></strong></span> <span class='ocrx_word' id='word_1_17' title='bbox 1301 319 1412 395; x_wconf 75' lang='grc' dir='ltr'><em>ἅμα</em></span> <span class='ocrx_word' id='word_1_18' title='bbox 1442 325 1509 396; x_wconf 82' lang='grc' dir='ltr'><em>τῇ</em></span> <span class='ocrx_word' id='word_1_19' title='bbox 1537 326 1753 395; x_wconf 80' lang='grc' dir='ltr'><em>γενέσει</em></span> <span class='ocrx_word' id='word_1_20' title='bbox 1782 327 1881 379; x_wconf 86' lang='grc' dir='ltr'><em>τοῦ</em></span> 
     </span>
     <span class='ocr_line' id='line_1_4' title="bbox 233 402 1880 480; baseline -0.001 -16"><span class='ocrx_word' id='word_1_21' title='bbox 233 433 254 464; x_wconf 85' lang='lat' dir='ltr'>d</span> <span class='ocrx_word' id='word_1_22' title='bbox 273 406 636 480; x_wconf 87' lang='grc' dir='ltr'><em>Ἐμμανουὴλ,</em></span> <span class='ocrx_word' id='word_1_23' title='bbox 669 408 801 478; x_wconf 87' lang='grc' dir='ltr'><em>πρὶν</em></span> <span class='ocrx_word' id='word_1_24' title='bbox 831 402 864 477; x_wconf 79' lang='grc' dir='ltr'>ἢ</span> <span class='ocrx_word' id='word_1_25' title='bbox 896 411 1105 477; x_wconf 80' lang='grc' dir='ltr'><em>γνῶναι</em></span> <span class='ocrx_word' id='word_1_26' title='bbox 1128 403 1187 461; x_wconf 84' lang='grc' dir='ltr'><em>τὸ</em></span> <span class='ocrx_word' id='word_1_27' title='bbox 1212 412 1437 463; x_wconf 81' lang='grc' dir='ltr'><em>παιδίον</em></span> <span class='ocrx_word' id='word_1_28' title='bbox 1467 405 1683 479; x_wconf 79' lang='grc' dir='ltr'><em>ἀγαθὸν</em></span> <span class='ocrx_word' id='word_1_29' title='bbox 1715 403 1747 478; x_wconf 80' lang='grc' dir='ltr'><em>ἢ</em></span> <span class='ocrx_word' id='word_1_30' title='bbox 1779 431 1880 463; x_wconf 86' lang='grc' dir='ltr'><em>κα-</em></span> 
     </span>
     <span class='ocr_line' id='line_1_5' title="bbox 277 487 1884 562; baseline 0 -14"><span class='ocrx_word' id='word_1_31' title='bbox 277 495 401 562; x_wconf 84' lang='grc' dir='ltr'><em>κὸν,</em></span> <span class='ocrx_word' id='word_1_32' title='bbox 449 494 662 562; x_wconf 76' lang='grc' dir='ltr'><strong><em>ἐλέγετο</em></strong></span> <span class='ocrx_word' id='word_1_33' title='bbox 710 487 1324 562; x_wconf 86' lang='grc' dir='ltr'><em>ε’γκαταλειφθήσεσθαι</em></span> <span class='ocrx_word' id='word_1_34' title='bbox 1367 489 1468 562; x_wconf 80' lang='grc' dir='ltr'><em>τὴν</em></span> <span class='ocrx_word' id='word_1_35' title='bbox 1497 494 1603 562; x_wconf 82' lang='grc' dir='ltr'><em>γῆν</em></span> <span class='ocrx_word' id='word_1_36' title='bbox 1634 490 1741 547; x_wconf 82' lang='grc' dir='ltr'><em>ἀπὸ</em></span> <span class='ocrx_word' id='word_1_37' title='bbox 1771 497 1884 548; x_wconf 79' lang='grc' dir='ltr'><em>τῶν</em></span> 
     </span>
     <span class='ocr_line' id='line_1_6' title="bbox 276 570 1926 649; baseline 0.001 -18"><span class='ocrx_word' id='word_1_38' title='bbox 276 573 723 649; x_wconf 76' lang='grc' dir='ltr'><em>πολιορκούντων</em></span> <span class='ocrx_word' id='word_1_39' title='bbox 754 570 928 646; x_wconf 78' lang='grc' dir='ltr'><em>αὐτὴν</em></span> <span class='ocrx_word' id='word_1_40' title='bbox 961 578 1118 631; x_wconf 82' lang='grc' dir='ltr'><em>δυεῖν</em></span> <span class='ocrx_word' id='word_1_41' title='bbox 1158 577 1460 645; x_wconf 88' lang='grc' dir='ltr'><em>βασιλέων,</em></span> <span class='ocrx_word' id='word_1_42' title='bbox 1504 572 1626 640; x_wconf 79' lang='grc' dir='ltr'><em>ἕνός</em></span> <span class='ocrx_word' id='word_1_43' title='bbox 1655 577 1756 647; x_wconf 73' lang='grc' dir='ltr'><em>μὲν</em></span> <span class='ocrx_word' id='word_1_44' title='bbox 1787 579 1885 632; x_wconf 88' lang='grc' dir='ltr'><em>τοῦ</em></span> <span class='ocrx_word' id='word_1_45' title='bbox 1905 604 1926 636; x_wconf 89' lang='lat'><strong>5</strong></span> 
     </span>
     <span class='ocr_line' id='line_1_7' title="bbox 274 659 1886 766; baseline 0 -51"><span class='ocrx_word' id='word_1_46' title='bbox 274 663 368 731; x_wconf 84' lang='grc' dir='ltr'><em>τῆς</em></span> <span class='ocrx_word' id='word_1_47' title='bbox 399 665 749 733; x_wconf 75' lang='grc' dir='ltr'><em>Σαμαρείας,</em></span> <span class='ocrx_word' id='word_1_48' title='bbox 781 661 1046 766; x_wconf 78' lang='grc' dir='ltr'><em>θατέρου</em></span> <span class='ocrx_word' id='word_1_49' title='bbox 1058 659 1119 714; x_wconf 75' lang='grc' dir='ltr'><em>δὲ</em></span> <span class='ocrx_word' id='word_1_50' title='bbox 1148 661 1248 714; x_wconf 87' lang='grc' dir='ltr'><em>τοῦ</em></span> <span class='ocrx_word' id='word_1_51' title='bbox 1277 664 1370 730; x_wconf 83' lang='grc' dir='ltr'><em>τῆς</em></span> <span class='ocrx_word' id='word_1_52' title='bbox 1402 664 1733 730; x_wconf 82' lang='grc' dir='ltr'><em>Δαμασκοῦ·</em></span> <span class='ocrx_word' id='word_1_53' title='bbox 1795 661 1886 715; x_wconf 83' lang='grc' dir='ltr'><em>ἐπὶ</em></span> 
     </span>
     <span class='ocr_line' id='line_1_8' title="bbox 277 739 1887 816; baseline 0.001 -17"><span class='ocrx_word' id='word_1_54' title='bbox 277 744 336 799; x_wconf 85' lang='grc' dir='ltr'><em>δε</em></span> <span class='ocrx_word' id='word_1_55' title='bbox 366 747 461 814; x_wconf 83' lang='grc' dir='ltr'><em>τῆς</em></span> <span class='ocrx_word' id='word_1_56' title='bbox 492 741 775 814; x_wconf 81' lang='grc' dir='ltr'><em>παρούσης</em></span> <span class='ocrx_word' id='word_1_57' title='bbox 795 788 809 815; x_wconf 91' lang='grc'><em>,</em></span> <span class='ocrx_word' id='word_1_58' title='bbox 851 745 985 816; x_wconf 88' lang='grc' dir='ltr'><em>πρὶν</em></span> <span class='ocrx_word' id='word_1_59' title='bbox 1025 739 1058 814; x_wconf 82' lang='grc' dir='ltr'>ἢ</span> <span class='ocrx_word' id='word_1_60' title='bbox 1098 746 1309 814; x_wconf 80' lang='grc' dir='ltr'><em>γνῶναι</em></span> <span class='ocrx_word' id='word_1_61' title='bbox 1348 740 1407 799; x_wconf 81' lang='grc' dir='ltr'><em>τὸ</em></span> <span class='ocrx_word' id='word_1_62' title='bbox 1439 747 1665 799; x_wconf 82' lang='grc' dir='ltr'><em>παιδίον</em></span> <span class='ocrx_word' id='word_1_63' title='bbox 1695 751 1887 800; x_wconf 85' lang='grc' dir='ltr'><em>καλεῖν</em></span> 
     </span>
     <span class='ocr_line' id='line_1_9' title="bbox 275 822 1887 899; baseline 0 -16"><span class='ocrx_word' id='word_1_64' title='bbox 275 831 484 898; x_wconf 84' lang='grc' dir='ltr'><em>πατέρα</em></span> <span class='ocrx_word' id='word_1_65' title='bbox 515 822 548 899; x_wconf 75' lang='grc' dir='ltr'><em>ἢ</em></span> <span class='ocrx_word' id='word_1_66' title='bbox 579 830 785 899; x_wconf 87' lang='grc' dir='ltr'><em>μητέρα</em></span> <span class='ocrx_word' id='word_1_67' title='bbox 817 826 1044 898; x_wconf 84' lang='grc' dir='ltr'><em>λήψεται</em></span> <span class='ocrx_word' id='word_1_68' title='bbox 1089 825 1331 899; x_wconf 85' lang='grc' dir='ltr'><em>δύναμιν</em></span> <span class='ocrx_word' id='word_1_69' title='bbox 1364 830 1671 899; x_wconf 77' lang='grc' dir='ltr'><em>Δαμασκοῦ</em></span> <span class='ocrx_word' id='word_1_70' title='bbox 1699 829 1792 884; x_wconf 85' lang='grc' dir='ltr'><em>καὶ</em></span> <span class='ocrx_word' id='word_1_71' title='bbox 1821 825 1887 883; x_wconf 71' lang='grc' dir='ltr'><em>τοὶ</em></span> 
     </span>
     <span class='ocr_line' id='line_1_10' title="bbox 275 909 1887 983; baseline -0.001 -15"><span class='ocrx_word' id='word_1_72' title='bbox 275 914 450 968; x_wconf 84' lang='grc' dir='ltr'><em>σκῦλα</em></span> <span class='ocrx_word' id='word_1_73' title='bbox 482 917 826 983; x_wconf 81' lang='grc' dir='ltr'><em>Σαμαρείας</em></span> <span class='ocrx_word' id='word_1_74' title='bbox 877 912 956 967; x_wconf 82' lang='grc' dir='ltr'><em>ὠν</em></span> <span class='ocrx_word' id='word_1_75' title='bbox 987 913 1078 967; x_wconf 84' lang='grc' dir='ltr'><em>καὶ</em></span> <span class='ocrx_word' id='word_1_76' title='bbox 1109 909 1362 982; x_wconf 79' lang='grc' dir='ltr'><em>πρόσθεν</em></span> <span class='ocrx_word' id='word_1_77' title='bbox 1392 910 1887 983; x_wconf 81' lang='grc' dir='ltr'><em>καταλυθήσεσθαι</em></span> 
     </span>
     <span class='ocr_line' id='line_1_11' title="bbox 274 994 1952 1069; baseline 0.003 -18"><span class='ocrx_word' id='word_1_78' title='bbox 274 994 402 1062; x_wconf 86' lang='grc' dir='ltr'><em>τοῦς</em></span> <span class='ocrx_word' id='word_1_79' title='bbox 443 996 701 1067; x_wconf 81' lang='grc' dir='ltr'><em>βασιλέας</em></span> <span class='ocrx_word' id='word_1_80' title='bbox 743 997 831 1052; x_wconf 85' lang='grc' dir='ltr'><em>ἐπὶ</em></span> <span class='ocrx_word' id='word_1_81' title='bbox 877 999 944 1069; x_wconf 84' lang='grc' dir='ltr'><em>τῇ</em></span> <span class='ocrx_word' id='word_1_82' title='bbox 991 999 1207 1067; x_wconf 84' lang='grc' dir='ltr'><em>γενέσει</em></span> <span class='ocrx_word' id='word_1_83' title='bbox 1247 999 1345 1052; x_wconf 89' lang='grc' dir='ltr'><em>τοῦ</em></span> <span class='ocrx_word' id='word_1_84' title='bbox 1369 994 1718 1068; x_wconf 70' lang='grc' dir='ltr'><em>Ἐμμανουήλ</em></span> <span class='ocrx_word' id='word_1_85' title='bbox 1761 997 1887 1053; x_wconf 83' lang='grc' dir='ltr'><em>έθέ-</em></span> <span class='ocrx_word' id='word_1_86' title='bbox 1912 1025 1952 1056; x_wconf 88' lang='lat'><em>10</em></span> 
     </span>
     <span class='ocr_line' id='line_1_12' title="bbox 277 1071 1890 1152; baseline 0 -16"><span class='ocrx_word' id='word_1_87' title='bbox 277 1087 481 1148; x_wconf 80' lang='grc' dir='ltr'><em>σπιζεν.</em></span> <span class='ocrx_word' id='word_1_88' title='bbox 528 1085 641 1136; x_wconf 81' lang='lat'>100.</span> <span class='ocrx_word' id='word_1_89' title='bbox 669 1084 949 1151; x_wconf 79' lang='grc' dir='ltr'><em>αἰσθητῶς</em></span> <span class='ocrx_word' id='word_1_90' title='bbox 973 1080 1075 1151; x_wconf 75' lang='grc' dir='ltr'><em>μὲν</em></span> <span class='ocrx_word' id='word_1_91' title='bbox 1098 1071 1202 1135; x_wconf 76' lang='grc' dir='ltr'><em>οὖν</em></span> <span class='ocrx_word' id='word_1_92' title='bbox 1228 1083 1286 1135; x_wconf 81' lang='grc' dir='ltr'><em>ἐν</em></span> <span class='ocrx_word' id='word_1_93' title='bbox 1310 1075 1537 1151; x_wconf 75' lang='grc' dir='ltr'><em>ἡμέραις</em></span> <span class='ocrx_word' id='word_1_94' title='bbox 1549 1078 1714 1152; x_wconf 80' lang='grc' dir='ltr'><em>’Ἁχαζ</em></span> <span class='ocrx_word' id='word_1_95' title='bbox 1729 1087 1890 1152; x_wconf 91' lang='grc' dir='ltr'><em>βασι-</em></span> 
     </span>
     <span class='ocr_line' id='line_1_13' title="bbox 276 1160 1888 1237; baseline 0.001 -19"><span class='ocrx_word' id='word_1_96' title='bbox 276 1166 411 1228; x_wconf 90' lang='grc' dir='ltr'><em>λέως</em></span> <span class='ocrx_word' id='word_1_97' title='bbox 436 1161 644 1235; x_wconf 87' lang='grc' dir='ltr'><em>Ἰούδα,</em></span> <span class='ocrx_word' id='word_1_98' title='bbox 686 1166 778 1219; x_wconf 87' lang='grc' dir='ltr'><em>καὶ</em></span> <span class='ocrx_word' id='word_1_99' title='bbox 821 1160 941 1220; x_wconf 86' lang='grc' dir='ltr'><em>κατ’</em></span> <span class='ocrx_word' id='word_1_100' title='bbox 977 1161 1148 1220; x_wconf 82' lang='grc' dir='ltr'><em>αὐτὸν</em></span> <span class='ocrx_word' id='word_1_101' title='bbox 1171 1162 1404 1220; x_wconf 86' lang='grc' dir='ltr'><em>Ἡσαΐαν</em></span> <span class='ocrx_word' id='word_1_102' title='bbox 1442 1163 1538 1220; x_wconf 86' lang='grc' dir='ltr'><em>τὸν</em></span> <span class='ocrx_word' id='word_1_103' title='bbox 1577 1162 1888 1237; x_wconf 81' lang='grc' dir='ltr'><em>προφήτην,</em></span> 
     </span>
     <span class='ocr_line' id='line_1_14' title="bbox 280 1243 1890 1320; baseline 0 -17"><span class='ocrx_word' id='word_1_104' title='bbox 280 1246 381 1304; x_wconf 85' lang='grc' dir='ltr'><em>δύο</em></span> <span class='ocrx_word' id='word_1_105' title='bbox 424 1254 670 1319; x_wconf 83' lang='grc' dir='ltr'><em>βασιλεῖς</em></span> <span class='ocrx_word' id='word_1_106' title='bbox 720 1251 779 1303; x_wconf 85' lang='grc' dir='ltr'><em>ἐκ</em></span> <span class='ocrx_word' id='word_1_107' title='bbox 819 1246 1106 1319; x_wconf 82' lang='grc' dir='ltr'><em>συνθήκης</em></span> <span class='ocrx_word' id='word_1_108' title='bbox 1146 1245 1274 1313; x_wconf 87' lang='grc' dir='ltr'><em>τοῦς</em></span> <span class='ocrx_word' id='word_1_109' title='bbox 1314 1243 1423 1303; x_wconf 80' lang='grc' dir='ltr'><em>ῦπὸ</em></span> <span class='ocrx_word' id='word_1_110' title='bbox 1466 1261 1579 1314; x_wconf 91' lang='grc' dir='ltr'><em>τοῖς</em></span> <span class='ocrx_word' id='word_1_111' title='bbox 1612 1246 1890 1320; x_wconf 82' lang='grc' dir='ltr'><em>διαδόχοις</em></span> 
     </span>
     <span class='ocr_line' id='line_1_15' title="bbox 278 1327 1892 1405; baseline 0.001 -18"><span class='ocrx_word' id='word_1_112' title='bbox 278 1333 467 1403; x_wconf 86' lang='grc' dir='ltr'><em>Δαβὶδ</em></span> <span class='ocrx_word' id='word_1_113' title='bbox 506 1334 971 1404; x_wconf 86' lang='grc' dir='ltr'><em>βασιλευομένους</em></span> <span class='ocrx_word' id='word_1_114' title='bbox 1003 1331 1392 1405; x_wconf 82' lang='grc' dir='ltr'><em>ἐπολιόρκουν,</em></span> <span class='ocrx_word' id='word_1_115' title='bbox 1435 1327 1507 1398; x_wconf 72' lang='grc' dir='ltr'><em>ὡς</em></span> <span class='ocrx_word' id='word_1_116' title='bbox 1547 1330 1654 1405; x_wconf 77' lang='grc' dir='ltr'><em>ἤδη</em></span> <span class='ocrx_word' id='word_1_117' title='bbox 1695 1333 1892 1403; x_wconf 88' lang='grc' dir='ltr'><em>πρότε-</em></span> 
     </span>
     <span class='ocr_line' id='line_1_16' title="bbox 278 1412 1954 1488; baseline 0.001 -17"><span class='ocrx_word' id='word_1_118' title='bbox 278 1440 378 1488; x_wconf 93' lang='grc' dir='ltr'><em>ρον</em></span> <span class='ocrx_word' id='word_1_119' title='bbox 411 1414 743 1487; x_wconf 83' lang='grc' dir='ltr'><em>δεδήλωται·</em></span> <span class='ocrx_word' id='word_1_120' title='bbox 800 1412 828 1472; x_wconf 87' lang='grc' dir='ltr'>ὁ</span> <span class='ocrx_word' id='word_1_121' title='bbox 859 1416 962 1488; x_wconf 73' lang='grc' dir='ltr'><em>μὲν</em></span> <span class='ocrx_word' id='word_1_122' title='bbox 994 1417 1081 1472; x_wconf 87' lang='grc' dir='ltr'><em>ε’πὶ</em></span> <span class='ocrx_word' id='word_1_123' title='bbox 1121 1420 1216 1488; x_wconf 80' lang='grc' dir='ltr'><em>τῆς</em></span> <span class='ocrx_word' id='word_1_124' title='bbox 1247 1420 1554 1488; x_wconf 82' lang='grc' dir='ltr'><em>Δαμασκοῦ</em></span> <span class='ocrx_word' id='word_1_125' title='bbox 1583 1422 1695 1472; x_wconf 77' lang='grc' dir='ltr'><em>τῶν</em></span> <span class='ocrx_word' id='word_1_126' title='bbox 1727 1421 1890 1473; x_wconf 78' lang='grc' dir='ltr'><em>είδω-</em></span> <span class='ocrx_word' id='word_1_127' title='bbox 1912 1441 1954 1474; x_wconf 84' lang='lat'><em>15</em></span> 
     </span>
     <span class='ocr_line' id='line_1_17' title="bbox 277 1497 1890 1573; baseline 0.001 -18"><span class='ocrx_word' id='word_1_128' title='bbox 277 1503 559 1573; x_wconf 76' lang='grc' dir='ltr'><em>λολατρῶν</em></span> <span class='ocrx_word' id='word_1_129' title='bbox 607 1502 792 1556; x_wconf 79' lang='grc' dir='ltr'><em>ε’θνῶν</em></span> <span class='ocrx_word' id='word_1_130' title='bbox 837 1497 1127 1571; x_wconf 85' lang='grc' dir='ltr'><em>βασιλεῦς,</em></span> <span class='ocrx_word' id='word_1_131' title='bbox 1175 1499 1203 1556; x_wconf 85' lang='grc' dir='ltr'><em>ὁ</em></span> <span class='ocrx_word' id='word_1_132' title='bbox 1253 1501 1312 1556; x_wconf 74' lang='grc' dir='ltr'><em>δὲ</em></span> <span class='ocrx_word' id='word_1_133' title='bbox 1355 1504 1454 1556; x_wconf 89' lang='grc' dir='ltr'><em>τοῦ</em></span> <span class='ocrx_word' id='word_1_134' title='bbox 1495 1499 1748 1572; x_wconf 76' lang='grc' dir='ltr'><em>πλήθους</em></span> <span class='ocrx_word' id='word_1_135' title='bbox 1778 1503 1890 1557; x_wconf 73' lang='grc' dir='ltr'><em>τῶν</em></span> 
     </span>
     <span class='ocr_line' id='line_1_18' title="bbox 268 1582 1890 1659; baseline 0.001 -19"><span class='ocrx_word' id='word_1_136' title='bbox 268 1582 586 1656; x_wconf 85' lang='grc' dir='ltr'><em>Ἰουδαίων,</em></span> <span class='ocrx_word' id='word_1_137' title='bbox 649 1588 709 1641; x_wconf 84' lang='grc' dir='ltr'><em>ἐν</em></span> <span class='ocrx_word' id='word_1_138' title='bbox 760 1588 826 1658; x_wconf 79' lang='grc' dir='ltr'><em>τῇ</em></span> <span class='ocrx_word' id='word_1_139' title='bbox 881 1586 1194 1657; x_wconf 78' lang='grc' dir='ltr'><em>καλουμένη</em></span> <span class='ocrx_word' id='word_1_140' title='bbox 1247 1590 1539 1659; x_wconf 77' lang='grc' dir='ltr'><em>Σαμαρείᾳ</em></span> <span class='ocrx_word' id='word_1_141' title='bbox 1591 1583 1746 1641; x_wconf 82' lang='grc' dir='ltr'><em>πόλει</em></span> <span class='ocrx_word' id='word_1_142' title='bbox 1796 1587 1890 1656; x_wconf 80' lang='grc' dir='ltr'><em>τῆς</em></span> 
     </span>
     <span class='ocr_line' id='line_1_19' title="bbox 277 1665 1886 1769; baseline -0.001 -44"><span class='ocrx_word' id='word_1_143' title='bbox 277 1675 670 1740; x_wconf 89' lang='grc' dir='ltr'><em>Παλαιστίνης,</em></span> <span class='ocrx_word' id='word_1_144' title='bbox 701 1665 772 1740; x_wconf 82' lang='grc' dir='ltr'><em>ἣν</em></span> <span class='ocrx_word' id='word_1_145' title='bbox 797 1667 1091 1741; x_wconf 84' lang='grc' dir='ltr'><em>Σεβαστὴν</em></span> <span class='ocrx_word' id='word_1_146' title='bbox 1121 1692 1173 1724; x_wconf 93' lang='grc' dir='ltr'><em>οι</em></span> <span class='ocrx_word' id='word_1_147' title='bbox 1196 1666 1329 1725; x_wconf 83' lang='grc' dir='ltr'><em>καθ’</em></span> <span class='ocrx_word' id='word_1_148' title='bbox 1363 1665 1504 1769; x_wconf 82' lang='grc' dir='ltr'><em>ἡμας</em></span> <span class='ocrx_word' id='word_1_149' title='bbox 1533 1667 1886 1741; x_wconf 82' lang='grc' dir='ltr'><em>ὀνομαζουσι</em></span> 
     </span>
     <span class='ocr_line' id='line_1_20' title="bbox 166 1748 1888 1828; baseline 0.002 -24"><span class='ocrx_word' id='word_1_150' title='bbox 166 1773 255 1815; x_wconf 79' lang='lat'><strong>(330)</strong></span> <span class='ocrx_word' id='word_1_151' title='bbox 281 1755 407 1824; x_wconf 84' lang='grc' dir='ltr'><em>περὶ</em></span> <span class='ocrx_word' id='word_1_152' title='bbox 441 1753 519 1809; x_wconf 77' lang='grc' dir='ltr'><em>ὠν</em></span> <span class='ocrx_word' id='word_1_153' title='bbox 549 1748 577 1808; x_wconf 85' lang='grc' dir='ltr'>ὁ</span> <span class='ocrx_word' id='word_1_154' title='bbox 608 1751 740 1819; x_wconf 84' lang='grc' dir='ltr'><em>θεὸς</em></span> <span class='ocrx_word' id='word_1_155' title='bbox 773 1752 865 1809; x_wconf 77' lang='grc' dir='ltr'><em>διὰ</em></span> <span class='ocrx_word' id='word_1_156' title='bbox 895 1758 993 1809; x_wconf 86' lang='grc' dir='ltr'><em>τοῦ</em></span> <span class='ocrx_word' id='word_1_157' title='bbox 1024 1751 1312 1825; x_wconf 84' lang='grc' dir='ltr'><em>προφήτου</em></span> <span class='ocrx_word' id='word_1_158' title='bbox 1342 1755 1419 1828; x_wconf 75' lang='grc' dir='ltr'><em>τῷ</em></span> <span class='ocrx_word' id='word_1_159' title='bbox 1435 1751 1601 1824; x_wconf 79' lang='grc' dir='ltr'><em>’Ἁχαζ</em></span> <span class='ocrx_word' id='word_1_160' title='bbox 1631 1753 1752 1808; x_wconf 80' lang='grc' dir='ltr'><em>εἶπε</em></span> <span class='ocrx_word' id='word_1_161' title='bbox 1791 1750 1888 1823; x_wconf 64' lang='grc' dir='ltr'><em>’μὴ</em></span> 
     </span>
     <span class='ocr_line' id='line_1_21' title="bbox 276 1833 1951 1910; baseline 0 -18"><span class='ocrx_word' id='word_1_162' title='bbox 276 1842 488 1908; x_wconf 86' lang='grc' dir='ltr'><em>φοβοῦ,</em></span> <span class='ocrx_word' id='word_1_163' title='bbox 534 1837 674 1910; x_wconf 86' lang='grc' dir='ltr'><em>μηδε</em></span> <span class='ocrx_word' id='word_1_164' title='bbox 719 1862 752 1908; x_wconf 87' lang='grc' dir='ltr'><em>η</em></span> <span class='ocrx_word' id='word_1_165' title='bbox 798 1835 947 1909; x_wconf 81' lang='grc' dir='ltr'><em>ψυχή</em></span> <span class='ocrx_word' id='word_1_166' title='bbox 993 1856 1095 1893; x_wconf 92' lang='grc' dir='ltr'><em>σου</em></span> <span class='ocrx_word' id='word_1_167' title='bbox 1134 1835 1442 1892; x_wconf 81' lang='grc' dir='ltr'><em>ἄσθενείτω</em></span> <span class='ocrx_word' id='word_1_168' title='bbox 1483 1833 1590 1891; x_wconf 86' lang='grc' dir='ltr'><em>απὸ</em></span> <span class='ocrx_word' id='word_1_169' title='bbox 1630 1841 1742 1892; x_wconf 80' lang='grc' dir='ltr'><em>τῶν</em></span> <span class='ocrx_word' id='word_1_170' title='bbox 1785 1835 1886 1892; x_wconf 87' lang='grc' dir='ltr'><em>δύο</em></span> <span class='ocrx_word' id='word_1_171' title='bbox 1909 1861 1951 1892; x_wconf 80' lang='lat'><em>20</em></span> 
     </span>
     <span class='ocr_line' id='line_1_22' title="bbox 277 1916 1885 1990; baseline 0.001 -14"><span class='ocrx_word' id='word_1_172' title='bbox 277 1919 478 1990; x_wconf 81' lang='grc' dir='ltr'><em>ξύλων,</em></span> <span class='ocrx_word' id='word_1_173' title='bbox 509 1922 620 1977; x_wconf 69' lang='grc' dir='ltr'><em>τῶν</em></span> <span class='ocrx_word' id='word_1_174' title='bbox 652 1923 840 1976; x_wconf 78' lang='grc' dir='ltr'><em>δαλῶν</em></span> <span class='ocrx_word' id='word_1_175' title='bbox 868 1923 981 1976; x_wconf 77' lang='grc' dir='ltr'><em>των</em></span> <span class='ocrx_word' id='word_1_176' title='bbox 1003 1921 1416 1990; x_wconf 82' lang='grc' dir='ltr'><em>καπνιζομένων</em></span> <span class='ocrx_word' id='word_1_177' title='bbox 1446 1918 1673 1976; x_wconf 88' lang='grc' dir='ltr'><em>τούτων.</em></span> <span class='ocrx_word' id='word_1_178' title='bbox 1688 1916 1715 1938; x_wconf 84' lang='grc'><strong>”</strong></span> <span class='ocrx_word' id='word_1_179' title='bbox 1770 1924 1885 1977; x_wconf 81' lang='grc'><strong>101.</strong></span> 
     </span>
     <span class='ocr_line' id='line_1_23' title="bbox 278 2001 1887 2076; baseline 0.001 -18"><span class='ocrx_word' id='word_1_180' title='bbox 278 2006 369 2059; x_wconf 86' lang='grc' dir='ltr'><em>καὶ</em></span> <span class='ocrx_word' id='word_1_181' title='bbox 409 2003 512 2075; x_wconf 77' lang='grc' dir='ltr'><em>τὴν</em></span> <span class='ocrx_word' id='word_1_182' title='bbox 550 2001 835 2060; x_wconf 69' lang='grc' dir='ltr'><em>ἀπώλειάν</em></span> <span class='ocrx_word' id='word_1_183' title='bbox 874 2027 936 2074; x_wconf 88' lang='grc' dir='ltr'><em>γε</em></span> <span class='ocrx_word' id='word_1_184' title='bbox 975 2007 1087 2059; x_wconf 77' lang='grc' dir='ltr'><em>τῶν</em></span> <span class='ocrx_word' id='word_1_185' title='bbox 1131 2001 1359 2076; x_wconf 75' lang='grc' dir='ltr'><em>ἀνδρῶν</em></span> <span class='ocrx_word' id='word_1_186' title='bbox 1390 2001 1589 2060; x_wconf 78' lang='grc' dir='ltr'><em>αὐτίκα</em></span> <span class='ocrx_word' id='word_1_187' title='bbox 1619 2002 1764 2076; x_wconf 74' lang='grc' dir='ltr'><em>μάλα</em></span> <span class='ocrx_word' id='word_1_188' title='bbox 1796 2006 1887 2060; x_wconf 87' lang='grc' dir='ltr'><em>καὶ</em></span> 
     </span>
     <span class='ocr_line' id='line_1_24' title="bbox 278 2084 1888 2160; baseline 0.001 -18"><span class='ocrx_word' id='word_1_189' title='bbox 278 2084 381 2142; x_wconf 84' lang='grc' dir='ltr'><em>οῦκ</em></span> <span class='ocrx_word' id='word_1_190' title='bbox 414 2093 492 2152; x_wconf 86' lang='grc' dir='ltr'><em>εἰς</em></span> <span class='ocrx_word' id='word_1_191' title='bbox 531 2086 744 2159; x_wconf 79' lang='grc' dir='ltr'><em>μακρὸν</em></span> <span class='ocrx_word' id='word_1_192' title='bbox 775 2094 1002 2143; x_wconf 83' lang='grc' dir='ltr'><em>ἔσεσθαι</em></span> <span class='ocrx_word' id='word_1_193' title='bbox 1035 2085 1234 2159; x_wconf 73' lang='grc' dir='ltr'><em>εἰπών,</em></span> <span class='ocrx_word' id='word_1_194' title='bbox 1283 2090 1404 2159; x_wconf 80' lang='grc' dir='ltr'><em>ἑξῆς</em></span> <span class='ocrx_word' id='word_1_195' title='bbox 1446 2086 1784 2160; x_wconf 76' lang='grc' dir='ltr'><em>προφητεύει</em></span> <span class='ocrx_word' id='word_1_196' title='bbox 1816 2086 1888 2154; x_wconf 75' lang='grc' dir='ltr'><em>ὡς</em></span> 
     </span>
     <span class='ocr_line' id='line_1_25' title="bbox 279 2169 1888 2244; baseline 0.002 -19"><span class='ocrx_word' id='word_1_197' title='bbox 279 2172 367 2225; x_wconf 79' lang='grc' dir='ltr'><em>ἐπὶ</em></span> <span class='ocrx_word' id='word_1_198' title='bbox 397 2174 465 2244; x_wconf 81' lang='grc' dir='ltr'><em>τῇ</em></span> <span class='ocrx_word' id='word_1_199' title='bbox 493 2176 591 2226; x_wconf 91' lang='grc' dir='ltr'><em>τοῦ</em></span> <span class='ocrx_word' id='word_1_200' title='bbox 621 2169 749 2242; x_wconf 87' lang='grc' dir='ltr'><em>μεθ’</em></span> <span class='ocrx_word' id='word_1_201' title='bbox 786 2169 943 2243; x_wconf 74' lang='grc' dir='ltr'><em>ἡμῶν</em></span> <span class='ocrx_word' id='word_1_202' title='bbox 969 2174 1233 2242; x_wconf 83' lang='grc' dir='ltr'><em>ἐσομένου</em></span> <span class='ocrx_word' id='word_1_203' title='bbox 1257 2177 1395 2228; x_wconf 91' lang='grc' dir='ltr'><em>θεοῦ</em></span> <span class='ocrx_word' id='word_1_204' title='bbox 1420 2175 1631 2244; x_wconf 88' lang='grc' dir='ltr'><em>γενέσει</em></span> <span class='ocrx_word' id='word_1_205' title='bbox 1656 2170 1888 2244; x_wconf 79' lang='grc' dir='ltr'><em>πάμπαν</em></span> 
     </span>
     <span class='ocr_line' id='line_1_26' title="bbox 276 2251 1951 2327; baseline 0.001 -18"><span class='ocrx_word' id='word_1_206' title='bbox 276 2251 604 2326; x_wconf 76' lang='grc' dir='ltr'><em>ἀμφοτέρων</em></span> <span class='ocrx_word' id='word_1_207' title='bbox 646 2253 1018 2326; x_wconf 86' lang='grc' dir='ltr'><em>σβεσθήσεται</em></span> <span class='ocrx_word' id='word_1_208' title='bbox 1059 2257 1150 2310; x_wconf 84' lang='grc' dir='ltr'><em>καὶ</em></span> <span class='ocrx_word' id='word_1_209' title='bbox 1182 2255 1629 2327; x_wconf 80' lang='grc' dir='ltr'><em>καταλυθήσεται</em></span> <span class='ocrx_word' id='word_1_210' title='bbox 1660 2255 1694 2327; x_wconf 82' lang='grc' dir='ltr'>ἡ</span> <span class='ocrx_word' id='word_1_211' title='bbox 1724 2262 1884 2326; x_wconf 91' lang='grc' dir='ltr'><em>βασι-</em></span> <span class='ocrx_word' id='word_1_212' title='bbox 1908 2278 1951 2310; x_wconf 81' lang='lat'><em>25</em></span> 
     </span>
     <span class='ocr_line' id='line_1_27' title="bbox 277 2336 1887 2412; baseline 0.001 -18"><span class='ocrx_word' id='word_1_213' title='bbox 277 2347 412 2395; x_wconf 87' lang='grc' dir='ltr'><em>λεία.</em></span> <span class='ocrx_word' id='word_1_214' title='bbox 477 2343 592 2395; x_wconf 76' lang='lat'>102.</span> <span class='ocrx_word' id='word_1_215' title='bbox 629 2343 927 2411; x_wconf 87' lang='grc' dir='ltr'><em>δείκνυμεν</em></span> <span class='ocrx_word' id='word_1_216' title='bbox 973 2339 1034 2395; x_wconf 76' lang='grc' dir='ltr'><em>δὲ</em></span> <span class='ocrx_word' id='word_1_217' title='bbox 1078 2336 1185 2395; x_wconf 77' lang='grc' dir='ltr'><em>ἀπὸ</em></span> <span class='ocrx_word' id='word_1_218' title='bbox 1215 2343 1308 2411; x_wconf 84' lang='grc' dir='ltr'><em>τῆς</em></span> <span class='ocrx_word' id='word_1_219' title='bbox 1342 2345 1581 2412; x_wconf 76' lang='grc' dir='ltr'><em>ἱστορίας</em></span> <span class='ocrx_word' id='word_1_220' title='bbox 1628 2338 1699 2404; x_wconf 75' lang='grc' dir='ltr'><em>ὡς</em></span> <span class='ocrx_word' id='word_1_221' title='bbox 1730 2342 1887 2411; x_wconf 88' lang='grc' dir='ltr'><em>μέχρι</em></span> 
     </span>
     <span class='ocr_line' id='line_1_28' title="bbox 276 2421 1888 2496; baseline 0.001 -18"><span class='ocrx_word' id='word_1_222' title='bbox 276 2426 388 2479; x_wconf 78' lang='grc' dir='ltr'><em>τῶν</em></span> <span class='ocrx_word' id='word_1_223' title='bbox 418 2421 635 2496; x_wconf 84' lang='grc' dir='ltr'><em>χρόνων</em></span> <span class='ocrx_word' id='word_1_224' title='bbox 675 2426 769 2495; x_wconf 82' lang='grc' dir='ltr'><em>τῆς</em></span> <span class='ocrx_word' id='word_1_225' title='bbox 807 2426 907 2481; x_wconf 88' lang='grc' dir='ltr'><em>τοῦ</em></span> <span class='ocrx_word' id='word_1_226' title='bbox 937 2427 1180 2494; x_wconf 82' lang='grc' dir='ltr'><em>σωτῆρος</em></span> <span class='ocrx_word' id='word_1_227' title='bbox 1221 2422 1378 2495; x_wconf 73' lang='grc' dir='ltr'><em>ἡμῶν</em></span> <span class='ocrx_word' id='word_1_228' title='bbox 1400 2421 1582 2495; x_wconf 84' lang='grc' dir='ltr'><em>Ἰησοῦ</em></span> <span class='ocrx_word' id='word_1_229' title='bbox 1619 2425 1721 2479; x_wconf 83' lang='grc' dir='ltr'><em>τοῦ</em></span> <span class='ocrx_word' id='word_1_230' title='bbox 1751 2432 1888 2496; x_wconf 90' lang='grc' dir='ltr'><em>Χρι-</em></span> 
     </span>
     <span class='ocr_line' id='line_1_29' title="bbox 278 2504 1885 2581; baseline -0.001 -18"><span class='ocrx_word' id='word_1_231' title='bbox 278 2511 412 2564; x_wconf 84' lang='grc' dir='ltr'><em>στοῦ</em></span> <span class='ocrx_word' id='word_1_232' title='bbox 443 2514 751 2581; x_wconf 89' lang='grc' dir='ltr'><em>παρουσίας</em></span> <span class='ocrx_word' id='word_1_233' title='bbox 784 2509 1184 2579; x_wconf 86' lang='grc' dir='ltr'><em>διαμεμένηκεν</em></span> <span class='ocrx_word' id='word_1_234' title='bbox 1209 2505 1243 2580; x_wconf 77' lang='grc' dir='ltr'><strong><em>ἦ</em></strong></span> <span class='ocrx_word' id='word_1_235' title='bbox 1265 2532 1322 2564; x_wconf 91' lang='grc' dir='ltr'><em>τε</em></span> <span class='ocrx_word' id='word_1_236' title='bbox 1346 2511 1457 2564; x_wconf 74' lang='grc' dir='ltr'><em>τῶν</em></span> <span class='ocrx_word' id='word_1_237' title='bbox 1483 2504 1770 2564; x_wconf 82' lang='grc' dir='ltr'><em>Ἰουδαίων</em></span> <span class='ocrx_word' id='word_1_238' title='bbox 1794 2509 1885 2563; x_wconf 87' lang='grc' dir='ltr'><em>καὶ</em></span> 
     </span>
     <span class='ocr_line' id='line_1_30' title="bbox 230 2588 1886 2664; baseline -0.001 -17"><span class='ocrx_word' id='word_1_239' title='bbox 230 2616 250 2647; x_wconf 86' lang='lat' dir='ltr'>b</span> <span class='ocrx_word' id='word_1_240' title='bbox 280 2596 671 2664; x_wconf 77' lang='grc' dir='ltr'><em>Δαμασκηνῶν</em></span> <span class='ocrx_word' id='word_1_241' title='bbox 703 2598 985 2663; x_wconf 89' lang='grc' dir='ltr'><em>βασιλεία,</em></span> <span class='ocrx_word' id='word_1_242' title='bbox 1026 2593 1161 2664; x_wconf 75' lang='grc' dir='ltr'><em>μετὰ</em></span> <span class='ocrx_word' id='word_1_243' title='bbox 1203 2592 1263 2647; x_wconf 74' lang='grc' dir='ltr'><em>δὲ</em></span> <span class='ocrx_word' id='word_1_244' title='bbox 1292 2589 1392 2663; x_wconf 88' lang='grc' dir='ltr'><em>τὴν</em></span> <span class='ocrx_word' id='word_1_245' title='bbox 1438 2598 1514 2658; x_wconf 81' lang='grc' dir='ltr'><em>εἰς</em></span> <span class='ocrx_word' id='word_1_246' title='bbox 1545 2590 1755 2658; x_wconf 75' lang='grc' dir='ltr'><em>πάντας</em></span> <span class='ocrx_word' id='word_1_247' title='bbox 1785 2588 1886 2646; x_wconf 79' lang='grc' dir='ltr'><em>ἆν-</em></span> 
     </span>
     <span class='ocr_line' id='line_1_31' title="bbox 225 2673 1949 2750; baseline 0.001 -21"><span class='ocrx_word' id='word_1_248' title='bbox 225 2717 228 2720; x_wconf 48' lang='lat'><em>›</em></span> <span class='ocrx_word' id='word_1_249' title='bbox 277 2673 540 2746; x_wconf 80' lang='grc' dir='ltr'><em>θρώπους</em></span> <span class='ocrx_word' id='word_1_250' title='bbox 573 2674 902 2748; x_wconf 78' lang='grc' dir='ltr'><em>ἐπιφάνειαν</em></span> <span class='ocrx_word' id='word_1_251' title='bbox 933 2673 1104 2732; x_wconf 79' lang='grc' dir='ltr'><em>αὐτοῦ</em></span> <span class='ocrx_word' id='word_1_252' title='bbox 1136 2673 1458 2742; x_wconf 77' lang='grc' dir='ltr'><em>ἀκολούθως</em></span> <span class='ocrx_word' id='word_1_253' title='bbox 1488 2679 1554 2750; x_wconf 78' lang='grc' dir='ltr'><em>τῇ</em></span> <span class='ocrx_word' id='word_1_254' title='bbox 1585 2674 1886 2749; x_wconf 87' lang='grc' dir='ltr'><em>προρρήσει</em></span> <span class='ocrx_word' id='word_1_255' title='bbox 1907 2693 1949 2725; x_wconf 85' lang='lat'><em>30</em></span> 
     </span>
    </p>
   </div>
   <div class='ocr_carea' id='block_1_3' title="bbox 278 2797 564 2803">
    <p class='ocr_par' dir='ltr' id='par_1_3' title="bbox 278 2797 564 2803">
     <span class='ocr_line' id='line_1_32' title="bbox 278 2797 564 2803; baseline 0 0"><span class='ocrx_word' id='word_1_256' title='bbox 278 2797 564 2803; x_wconf 95' lang='lat' dir='ltr'><em> </em></span> 
     </span>
    </p>
   </div>
   <div class='ocr_carea' id='block_1_4' title="bbox 394 2866 676 2917">
    <p class='ocr_par' dir='ltr' id='par_1_4' title="bbox 394 2866 676 2917">
     <span class='ocr_line' id='line_1_33' title="bbox 394 2866 676 2917; baseline 0.018 -14"><span class='ocrx_word' id='word_1_257' title='bbox 394 2866 445 2904; x_wconf 82' lang='lat'><em>19</em></span> <span class='ocrx_word' id='word_1_258' title='bbox 477 2867 553 2905; x_wconf 84' lang='lat' dir='ltr'><em>Es.</em></span> <span class='ocrx_word' id='word_1_259' title='bbox 579 2869 615 2917; x_wconf 86' lang='lat'><em>7,</em></span> <span class='ocrx_word' id='word_1_260' title='bbox 637 2869 676 2909; x_wconf 84' lang='lat'><em>4.</em></span> 
     </span>
    </p>
   </div>
  </div>
 </body>
</html>
