1992 3186
544 104 848 146 DEMONST.
881 106 1103 149 EVANG.
1138 107 1211 146 VI.
1243 107 1423 145 21—24.
1677 104 1782 156 409

174 229 359 278 στειλα
399 218 677 297 αὐτήνχῆ
717 228 827 278 τίνι
864 219 1118 321 ὑπόχρεςο
1151 222 1405 291 πέπρακα
1434 219 1605 293 ὑμᾶς;
1653 219 1779 277 ἰδού

172 319 289 373 ταῖς
342 301 632 378 ἁμαρτίαις
684 305 843 377 ὑμῶν
894 304 1174 378 ἐπράθητε
1220 307 1312 362 καὶ
1361 318 1480 371 ταῖς
1527 302 1781 377 ἆνομίαις

171 386 333 462 υμῶν
379 391 727 457 ἐξαπέστειλα
766 389 868 461 τὴν
916 392 1121 462 μητέρα
1169 388 1355 462 ὑμῶν,
1401 387 1540 445 διότι
1576 381 1777 461 ἦλθον,

173 476 263 530 καὶ
294 472 396 530 οὐκ
436 475 506 545 ἣν
546 472 871 545 ἄνθρωπος,
919 472 1176 546 ἐκάλεσα,
1219 475 1308 530 καὶ
1342 471 1446 530 οὐκ
1476 466 1546 545 ἦν
1575 469 1603 529 ὁ
1634 469 1780 529 ὑπα-

130 583 150 614 5
174 556 375 614 κου’ων.
428 557 502 630 μὴ
545 557 667 630 οὐχὶ
710 557 885 631 ἰσχύει
917 554 949 629 ἡ
990 564 1148 631 χείρ
1141 582 1246 614 ιιου
1277 561 1375 614 τοῦ
1405 555 1714 631 ρύσασθαι;
1747 554 1781 629 ἢ

173 639 275 698 οὐκ
314 641 488 715 ἰσχύω
532 646 630 699 τοῦ
674 641 1024 711 ἐξελέσθαι;”
1093 646 1141 699 2.
1188 639 1288 697 εἶτ’
1335 644 1424 698 ἐπὶ
1473 646 1567 713 τῆς
1612 641 1781 713 αὐτῆς

173 733 509 798 προφητείας
532 723 747 798 ὑποβὰς
766 724 909 798 “ε’γώ
936 728 1014 798 δὲ,
1040 728 1233 798 φησὶν,
1265 724 1368 782 οὐκ
1391 724 1627 797 ἀπειθῶ,
1649 723 1782 782 οὐδὲ

172 807 455 882 ἀντιλέγω.
518 810 577 866 τὸ
607 809 787 867 νῶτόν
817 835 923 882 μου
956 815 1137 866 ἔδωκα
1170 816 1247 876 εἰς
1271 809 1562 881 μάστιγας,
1594 809 1688 876 τὰς
1722 811 1782 866 δὲ

171 893 433 966 σιαγόνας
472 919 580 967 μου
621 900 697 961 εἰς
738 898 1077 966 ῥαπίσματα·
1133 892 1193 950 τὸ
1237 895 1297 950 δὲ
1338 893 1636 967 πρόσωπόν
1675 918 1783 966 μου

109 1004 150 1034 10
174 975 276 1034 οὐκ
305 977 622 1048 ἀπέστρεψα
653 975 760 1034 ἀπὸ
792 977 1056 1051 αἰσχύνης
1090 975 1545 1051 ἐμπτυσμάτων.”

300 1067 346 1119 3.
382 1059 562 1128 Αὐτὸς
592 1058 621 1118 ὁ
654 1060 840 1134 κύριος
867 1060 958 1118 διὰ
981 1061 1195 1119 τούτων
1217 1060 1319 1134 τὴν
1338 1068 1415 1128 εἰς
1446 1059 1783 1133 ἀνθρώπους

173 1144 344 1203 αὑτοῦ
397 1153 714 1220 παρουσίαν
770 1151 961 1218 σαφῶς
1012 1145 1298 1218 ὁμολογῶν
1349 1145 1638 1219 ἀπελέγχει
1685 1144 1782 1202 τὸν
1806 1167 1897 1208 (303)

166 1228 449 1288 Ἰουδαίων
481 1230 643 1302 λαὸν,
675 1229 758 1286 ὅτι
789 1229 862 1303 μὴ
895 1229 1131 1287 ἐλθόντα
1172 1227 1344 1287 αὐτὸν
1374 1233 1783 1303 καταδέξονται,

172 1315 312 1387 μηδὲ
343 1318 604 1371 καλοῦντι
633 1313 1058 1372 ὑπακούσονται.
1114 1316 1204 1371 καὶ
1229 1313 1393 1372 τοῦθ’
1430 1312 1614 1387 ὥσπερ
1646 1312 1786 1372 ἀπο-

110 1421 150 1453 15
174 1396 505 1471 λογούμενος
535 1408 713 1455 αἴτιον
741 1404 836 1471 τῆς
860 1395 1046 1456 αὐτῶν
1072 1402 1300 1456 ἐκείνων
1322 1396 1599 1471 ἀποβολῆς
1629 1422 1785 1472 γεγο-

175 1485 330 1540 νέναι
374 1481 648 1539 διδασκει
698 1478 857 1539 “ε’πεὶ
896 1508 1000 1555 γαρ
1040 1476 1253 1554 ἦλθον”
1301 1485 1475 1555 φησὶν
1508 1482 1639 1540 “καὶ
1684 1482 1786 1540 οὐκ

174 1558 245 1639 ἦν
277 1570 336 1623 ἐν
376 1565 514 1639 ὑμῖν
557 1564 886 1638 ανθρωπος,
936 1565 1166 1623 ἐκαλεσα
1197 1590 1255 1622 τε
1295 1569 1387 1622 καὶ
1428 1565 1614 1633 οὐδεὶς
1655 1559 1725 1638 ἦν
1755 1567 1783 1623 ὁ

174 1647 534 1723 ὑπακούων,”
577 1649 667 1707 δια
708 1654 895 1722 τοῦτο,
935 1653 1101 1723 φησὶ,
1142 1665 1260 1716 ταις
1299 1647 1587 1723 ἁμαρτίαις
1625 1649 1786 1724 υμῶν

177 1733 473 1806 ἐπράθητε,
506 1731 600 1791 ἅτε
633 1733 791 1791 αὐτοὶ
823 1732 919 1807 ἀφ’
959 1737 1175 1791 ἑαυτῶν
1198 1731 1500 1791 ἀποστάται
1524 1739 1620 1807 τῆς
1653 1737 1785 1808 ἐμῆς

112 1842 153 1873 20
178 1816 420 1891 κλήσεως
463 1817 856 1891 καταστάντες,
908 1816 1031 1875 ἀλλ’
1075 1817 1177 1876 οὐκ
1219 1822 1350 1891 ἐμοῦ
1393 1825 1613 1891 βιβλίον
1650 1815 1786 1892 ὑμῖν

177 1900 516 1960 ἀποστασίου
551 1902 869 1968 δεδωκότος.
930 1907 979 1960 4.
1014 1906 1206 1976 σαφῶς
1239 1904 1300 1959 δὲ
1330 1907 1501 1959 ταῦτα
1524 1903 1658 1975 πρὸς
1688 1901 1785 1960 τὸν

179 1989 239 2042 ἐκ
267 1991 563 2060 περιτομῆς
604 1987 740 2044 λαὸν
787 1986 1159 2059 ἀποτείνεται,
1201 1983 1339 2059 ὁμοῦ
1381 1988 1443 2044 δὲ
1473 1985 1538 2044 τὰ
1569 1989 1693 2058 περὶ
1726 1985 1785 2043 τό
1810 2007 1834 2038 b

177 2068 358 2137 πάθος
396 2074 768 2144 τετολμημένα
808 2070 994 2138 αὐτοῖς
1035 2077 1196 2144 δηλοῖ
1233 2074 1411 2144 λέγων
1443 2067 1579 2129 “τὸν
1607 2070 1787 2129 νῶτόν

177 2177 284 2226 μου
317 2157 534 2212 δέδωκα
577 2162 653 2221 εἰς
692 2154 985 2229 μάστιγας,
1028 2154 1123 2221 τὰς
1167 2156 1228 2211 δὲ
1268 2155 1529 2228 σιαγόνας
1569 2180 1677 2227 μου
1709 2161 1786 2222 εἰς

115 2263 156 2294 25
181 2238 526 2311 ῥαπίσματἀ”
563 2242 654 2296 καὶ
685 2238 749 2296 τὰ
780 2239 993 2305 τούτοις
1027 2242 1163 2312 ἑξῆς.
1227 2242 1318 2296 καὶ
1341 2243 1511 2296 ταῦτα
1545 2242 1632 2296 ἐπὶ
1665 2259 1786 2312 σχο-

178 2328 276 2393 λῆς
305 2325 400 2396 τῆς
429 2322 814 2396 προσηκούσης
845 2322 1089 2391 τεύξεται
1121 2328 1426 2397 ἑρμηνείας.

741 2546 873 2604 Ἀπὸ
906 2550 1004 2603 τοῦ
1037 2543 1222 2604 αὐτοῦ.

302 2666 468 2716 xxlv.
495 2652 523 2675 “
542 2656 684 2715 Τάδε
703 2651 860 2730 ’λέγει
881 2657 1088 2730 κύριος,
1123 2654 1198 2714 δι’
1230 2653 1372 2730 ὑμᾶς
1395 2655 1454 2714 τὸ
1477 2655 1650 2730 ὄνομά
1680 2681 1788 2731 μου

296 2849 348 2888 28
380 2847 457 2888 Es.
482 2850 549 2898 52,
573 2851 612 2888 5.
