<?xml version="1.0" encoding="UTF-8"?>
<!DOCTYPE html PUBLIC "-//W3C//DTD XHTML 1.0 Transitional//EN"
    "http://www.w3.org/TR/xhtml1/DTD/xhtml1-transitional.dtd">
<html xmlns="http://www.w3.org/1999/xhtml" xml:lang="en" lang="en">
 <head>
  <title>
</title>
<meta http-equiv="Content-Type" content="text/html;charset=utf-8" />
  <meta name='ocr-system' content='tesseract 3.04.00' />
  <meta name='ocr-capabilities' content='ocr_page ocr_carea ocr_par ocr_line ocrx_word'/>
</head>
<body>
  <div class='ocr_page' id='page_1' title='image "./operaeusebius03euseuoft_0057.png"; bbox 0 0 1946 3158; ppageno 0'>
   <div class='ocr_carea' id='block_1_1' title="bbox 11 3035 42 3158">
    <p class='ocr_par' dir='ltr' id='par_1_1' title="bbox 11 3035 42 3158">
     <span class='ocr_line' id='line_1_1' title="bbox 11 3035 42 3158; textangle 90"><span class='ocrx_word' id='word_1_1' title='bbox 14 3070 42 3158; x_wconf 45' lang='lat' dir='ltr'><em>rep·</em></span> <span class='ocrx_word' id='word_1_2' title='bbox 11 3035 34 3064; x_wconf 64' lang='grc' dir='ltr'><em>ῃ</em></span> 
     </span>
    </p>
   </div>
   <div class='ocr_carea' id='block_1_2' title="bbox 539 113 1724 166">
    <p class='ocr_par' dir='ltr' id='par_1_2' title="bbox 539 113 1724 166">
     <span class='ocr_line' id='line_1_2' title="bbox 539 113 1724 166; baseline 0.002 -11"><span class='ocrx_word' id='word_1_3' title='bbox 539 114 848 156; x_wconf 78' lang='lat' dir='ltr'>DEMONST.</span> <span class='ocrx_word' id='word_1_4' title='bbox 878 113 1100 156; x_wconf 79' lang='lat' dir='ltr'>EVANG.</span> <span class='ocrx_word' id='word_1_5' title='bbox 1134 114 1171 156; x_wconf 90' lang='grc' dir='ltr'><em>Ι,</em></span> <span class='ocrx_word' id='word_1_6' title='bbox 1203 116 1242 154; x_wconf 84' lang='lat'><em>5.</em></span> <span class='ocrx_word' id='word_1_7' title='bbox 1277 117 1317 156; x_wconf 87' lang='grc'><em>6.</em></span> <span class='ocrx_word' id='word_1_8' title='bbox 1654 114 1724 166; x_wconf 81' lang='lat'><em>33</em></span> 
     </span>
    </p>
   </div>
   <div class='ocr_carea' id='block_1_3' title="bbox 39 226 1808 2997">
    <p class='ocr_par' dir='ltr' id='par_1_3' title="bbox 39 226 1808 2997">
     <span class='ocr_line' id='line_1_3' title="bbox 111 226 1771 304; baseline -0.001 -16"><span class='ocrx_word' id='word_1_9' title='bbox 111 241 345 304; x_wconf 86' lang='grc' dir='ltr'><em>θρωπον</em></span> <span class='ocrx_word' id='word_1_10' title='bbox 384 227 644 302; x_wconf 68' lang='grc' dir='ltr'><em>ἀδικῆσαι</em></span> <span class='ocrx_word' id='word_1_11' title='bbox 692 226 927 301; x_wconf 77' lang='grc' dir='ltr'><em>αὐτοῦς,</em></span> <span class='ocrx_word' id='word_1_12' title='bbox 976 231 1067 286; x_wconf 84' lang='grc' dir='ltr'><em>καὶ</em></span> <span class='ocrx_word' id='word_1_13' title='bbox 1108 226 1335 302; x_wconf 78' lang='grc' dir='ltr'><em>ἤλεγξεν</em></span> <span class='ocrx_word' id='word_1_14' title='bbox 1365 228 1507 300; x_wconf 71' lang='grc' dir='ltr'><em>ὑπὲρ</em></span> <span class='ocrx_word' id='word_1_15' title='bbox 1539 227 1771 288; x_wconf 72' lang='grc' dir='ltr'><em>αῦτῶνι)</em></span> 
     </span>
     <span class='ocr_line' id='line_1_4' title="bbox 112 311 1725 388; baseline 0 -16"><span class='ocrx_word' id='word_1_16' title='bbox 112 321 361 387; x_wconf 78' lang='grc' dir='ltr'><strong><em>βασιλεῖς</em></strong></span> <span class='ocrx_word' id='word_1_17' title='bbox 393 316 589 387; x_wconf 89' lang='grc' dir='ltr'><em>λέγων,</em></span> <span class='ocrx_word' id='word_1_18' title='bbox 621 314 695 388; x_wconf 85' lang='grc' dir='ltr'><em>μὴ</em></span> <span class='ocrx_word' id='word_1_19' title='bbox 728 311 975 371; x_wconf 76' lang='grc' dir='ltr'><strong><em>ἅπτεσθε</em></strong></span> <span class='ocrx_word' id='word_1_20' title='bbox 1005 317 1117 371; x_wconf 75' lang='grc' dir='ltr'><em>τῶν</em></span> <span class='ocrx_word' id='word_1_21' title='bbox 1147 318 1384 388; x_wconf 78' lang='grc' dir='ltr'><em>χριστῶν</em></span> <span class='ocrx_word' id='word_1_22' title='bbox 1413 339 1521 388; x_wconf 90' lang='grc' dir='ltr'><em>μου</em></span> <span class='ocrx_word' id='word_1_23' title='bbox 1546 317 1636 371; x_wconf 89' lang='grc' dir='ltr'><em>καὶ</em></span> <span class='ocrx_word' id='word_1_24' title='bbox 1664 319 1725 372; x_wconf 86' lang='grc' dir='ltr'><em>έν</em></span> 
     </span>
     <span class='ocr_line' id='line_1_5' title="bbox 111 395 1723 474; baseline 0 -18"><span class='ocrx_word' id='word_1_25' title='bbox 111 413 224 466; x_wconf 83' lang='grc' dir='ltr'><em>τοῖς</em></span> <span class='ocrx_word' id='word_1_26' title='bbox 255 399 560 472; x_wconf 82' lang='grc' dir='ltr'><strong><em>προφήταις</em></strong></span> <span class='ocrx_word' id='word_1_27' title='bbox 590 423 698 473; x_wconf 89' lang='grc' dir='ltr'><em>μου</em></span> <span class='ocrx_word' id='word_1_28' title='bbox 721 400 795 472; x_wconf 91' lang='grc' dir='ltr'><em>μὴ</em></span> <span class='ocrx_word' id='word_1_29' title='bbox 819 395 1261 472; x_wconf 82' lang='grc' dir='ltr'><em>πονηρεύεσθε.”</em></span> <span class='ocrx_word' id='word_1_30' title='bbox 1305 403 1389 455; x_wconf 78' lang='grc'><em>21.</em></span> <span class='ocrx_word' id='word_1_31' title='bbox 1423 401 1595 456; x_wconf 82' lang='grc' dir='ltr'><em>ταῦτα</em></span> <span class='ocrx_word' id='word_1_32' title='bbox 1619 398 1723 474; x_wconf 81' lang='grc' dir='ltr'><em>γὰρ</em></span> 
     </span>
     <span class='ocr_line' id='line_1_6' title="bbox 114 480 1725 559; baseline 0.001 -19"><span class='ocrx_word' id='word_1_33' title='bbox 114 487 203 540; x_wconf 84' lang='grc' dir='ltr'><em>ἐπὶ</em></span> <span class='ocrx_word' id='word_1_34' title='bbox 232 487 330 542; x_wconf 90' lang='grc' dir='ltr'><em>τοῦ</em></span> <span class='ocrx_word' id='word_1_35' title='bbox 349 481 591 557; x_wconf 78' lang='grc' dir='ltr'><em>Ἀβραὰμ</em></span> <span class='ocrx_word' id='word_1_36' title='bbox 614 485 707 540; x_wconf 88' lang='grc' dir='ltr'><em>καὶ</em></span> <span class='ocrx_word' id='word_1_37' title='bbox 729 487 828 541; x_wconf 86' lang='grc' dir='ltr'><em>τοῦ</em></span> <span class='ocrx_word' id='word_1_38' title='bbox 838 480 1020 541; x_wconf 79' lang='grc' dir='ltr'><em>Ἰσαὰκ</em></span> <span class='ocrx_word' id='word_1_39' title='bbox 1044 485 1134 540; x_wconf 83' lang='grc' dir='ltr'><em>καὶ</em></span> <span class='ocrx_word' id='word_1_40' title='bbox 1159 486 1259 540; x_wconf 82' lang='grc' dir='ltr'><em>τοῦ</em></span> <span class='ocrx_word' id='word_1_41' title='bbox 1284 480 1478 555; x_wconf 77' lang='grc' dir='ltr'><em>Ἰακώβ</em></span> <span class='ocrx_word' id='word_1_42' title='bbox 1500 482 1725 559; x_wconf 81' lang='grc' dir='ltr'><em>ἆνειρῆ-</em></span> 
     </span>
     <span class='ocr_line' id='line_1_7' title="bbox 67 564 1724 641; baseline 0 -16"><span class='ocrx_word' id='word_1_43' title='bbox 67 592 90 625; x_wconf 87' lang='lat'>5</span> <span class='ocrx_word' id='word_1_44' title='bbox 112 564 455 640; x_wconf 81' lang='grc' dir='ltr'><em>σθαιὴπᾶσα</em></span> <span class='ocrx_word' id='word_1_45' title='bbox 469 567 783 640; x_wconf 83' lang='grc' dir='ltr'><em>σύμφρασις</em></span> <span class='ocrx_word' id='word_1_46' title='bbox 795 571 892 626; x_wconf 90' lang='grc' dir='ltr'><em>τοῦ</em></span> <span class='ocrx_word' id='word_1_47' title='bbox 905 567 1071 640; x_wconf 89' lang='grc' dir='ltr'><em>λόγου</em></span> <span class='ocrx_word' id='word_1_48' title='bbox 1091 575 1426 641; x_wconf 78' lang='grc' dir='ltr'><em>παρίστησιν</em></span> <span class='ocrx_word' id='word_1_49' title='bbox 1441 584 1451 593; x_wconf 87' lang='grc'><em>“</em></span> <span class='ocrx_word' id='word_1_50' title='bbox 1479 565 1618 625; x_wconf 68' lang='grc' dir='ltr'><em>ὥστε</em></span> <span class='ocrx_word' id='word_1_51' title='bbox 1631 571 1724 625; x_wconf 84' lang='grc' dir='ltr'><em>καὶ</em></span> 
     </span>
     <span class='ocr_line' id='line_1_8' title="bbox 110 651 1719 726; baseline 0.001 -17"><span class='ocrx_word' id='word_1_52' title='bbox 110 659 206 725; x_wconf 87' lang='grc' dir='ltr'><em>τῆς</em></span> <span class='ocrx_word' id='word_1_53' title='bbox 227 657 324 712; x_wconf 89' lang='grc' dir='ltr'><em>τοῦ</em></span> <span class='ocrx_word' id='word_1_54' title='bbox 340 657 582 725; x_wconf 78' lang='grc' dir='ltr'><em>Χριστοῦ</em></span> <span class='ocrx_word' id='word_1_55' title='bbox 597 659 968 725; x_wconf 84' lang='grc' dir='ltr'><em>προσηγορίας</em></span> <span class='ocrx_word' id='word_1_56' title='bbox 991 651 1125 725; x_wconf 80' lang='grc' dir='ltr'><em>ἡμῖν</em></span> <span class='ocrx_word' id='word_1_57' title='bbox 1147 651 1348 726; x_wconf 80' lang='grc' dir='ltr'><em>ὁμοίως</em></span> <span class='ocrx_word' id='word_1_58' title='bbox 1366 652 1719 711; x_wconf 76' lang='grc' dir='ltr'><em>ἐκοινώνουν.</em></span> 
     </span>
     <span class='ocr_line' id='line_1_9' title="bbox 236 734 1771 810; baseline -0.002 -13"><span class='ocrx_word' id='word_1_59' title='bbox 236 749 313 797; x_wconf 80' lang='lat' dir='ltr'><em>vl.</em></span> <span class='ocrx_word' id='word_1_60' title='bbox 347 736 511 796; x_wconf 76' lang='grc' dir='ltr'><em>Ἀλλὰ</em></span> <span class='ocrx_word' id='word_1_61' title='bbox 542 740 631 794; x_wconf 89' lang='grc' dir='ltr'><em>καὶ</em></span> <span class='ocrx_word' id='word_1_62' title='bbox 662 736 690 794; x_wconf 89' lang='lat'><em>5</em></span> <span class='ocrx_word' id='word_1_63' title='bbox 724 735 842 793; x_wconf 82' lang='grc' dir='ltr'><em>κατ’</em></span> <span class='ocrx_word' id='word_1_64' title='bbox 880 735 1080 810; x_wconf 77' lang='grc' dir='ltr'><em>ἀρετὴν</em></span> <span class='ocrx_word' id='word_1_65' title='bbox 1104 743 1223 808; x_wconf 91' lang='grc' dir='ltr'><em>βιός</em></span> <span class='ocrx_word' id='word_1_66' title='bbox 1249 734 1281 810; x_wconf 81' lang='grc' dir='ltr'>ἤ</span> <span class='ocrx_word' id='word_1_67' title='bbox 1312 762 1370 795; x_wconf 91' lang='grc' dir='ltr'><em>τε</em></span> <span class='ocrx_word' id='word_1_68' title='bbox 1401 737 1537 794; x_wconf 79' lang='grc' dir='ltr'><em>κατὰ</em></span> <span class='ocrx_word' id='word_1_69' title='bbox 1569 737 1722 795; x_wconf 81' lang='grc' dir='ltr'><em>εὐσέ-</em></span> <span class='ocrx_word' id='word_1_70' title='bbox 1754 766 1771 786; x_wconf 82' lang='lat' dir='ltr'>c</span> 
     </span>
     <span class='ocr_line' id='line_1_10' title="bbox 111 817 1722 895; baseline 0.001 -17"><span class='ocrx_word' id='word_1_71' title='bbox 111 827 270 894; x_wconf 87' lang='grc' dir='ltr'><em>βειαν</em></span> <span class='ocrx_word' id='word_1_72' title='bbox 300 828 546 880; x_wconf 82' lang='grc' dir='ltr'><em>πολιτεία</em></span> <span class='ocrx_word' id='word_1_73' title='bbox 578 819 763 895; x_wconf 73' lang='grc' dir='ltr'><em>ὥσπερ</em></span> <span class='ocrx_word' id='word_1_74' title='bbox 788 836 901 888; x_wconf 80' lang='grc' dir='ltr'><em>τοῖς</em></span> <span class='ocrx_word' id='word_1_75' title='bbox 927 817 1154 879; x_wconf 70' lang='grc' dir='ltr'><em>ἔθνεσιν</em></span> <span class='ocrx_word' id='word_1_76' title='bbox 1178 819 1349 878; x_wconf 75' lang='grc' dir='ltr'><em>ἅπασι</em></span> <span class='ocrx_word' id='word_1_77' title='bbox 1380 820 1470 878; x_wconf 75' lang='grc' dir='ltr'><em>διὰ</em></span> <span class='ocrx_word' id='word_1_78' title='bbox 1501 825 1594 895; x_wconf 82' lang='grc' dir='ltr'><em>τῆς</em></span> <span class='ocrx_word' id='word_1_79' title='bbox 1624 827 1722 879; x_wconf 91' lang='grc' dir='ltr'><em>τοῦ</em></span> 
     </span>
     <span class='ocr_line' id='line_1_11' title="bbox 109 904 1722 981; baseline -0.001 -17"><span class='ocrx_word' id='word_1_80' title='bbox 109 912 353 978; x_wconf 86' lang='grc' dir='ltr'><em>Χριστοῦ</em></span> <span class='ocrx_word' id='word_1_81' title='bbox 384 913 684 973; x_wconf 81' lang='grc' dir='ltr'><em>νουθεσίας</em></span> <span class='ocrx_word' id='word_1_82' title='bbox 709 904 1040 981; x_wconf 87' lang='grc' dir='ltr'><em>κεκήρυκται</em></span> <span class='ocrx_word' id='word_1_83' title='bbox 1068 911 1191 979; x_wconf 87' lang='grc' dir='ltr'><em>δίχα</em></span> <span class='ocrx_word' id='word_1_84' title='bbox 1222 910 1316 979; x_wconf 85' lang='grc' dir='ltr'><em>τῆς</em></span> <span class='ocrx_word' id='word_1_85' title='bbox 1348 904 1484 963; x_wconf 73' lang='grc' dir='ltr'><em>κατὰ</em></span> <span class='ocrx_word' id='word_1_86' title='bbox 1518 910 1722 965; x_wconf 89' lang='grc' dir='ltr'><em>Μωσέα</em></span> 
     </span>
     <span class='ocr_line' id='line_1_12' title="bbox 49 987 1722 1063; baseline 0.001 -16"><span class='ocrx_word' id='word_1_87' title='bbox 49 1015 90 1047; x_wconf 78' lang='grc' dir='ltr'><em>ιο</em></span> <span class='ocrx_word' id='word_1_88' title='bbox 116 994 403 1063; x_wconf 81' lang='grc' dir='ltr'><em>διαταγῆς,</em></span> <span class='ocrx_word' id='word_1_89' title='bbox 445 988 619 1057; x_wconf 75' lang='grc' dir='ltr'><em>οὕτως</em></span> <span class='ocrx_word' id='word_1_90' title='bbox 661 993 752 1047; x_wconf 87' lang='grc' dir='ltr'><em>καὶ</em></span> <span class='ocrx_word' id='word_1_91' title='bbox 791 1004 905 1058; x_wconf 81' lang='grc' dir='ltr'><em>τοῖς</em></span> <span class='ocrx_word' id='word_1_92' title='bbox 936 998 1190 1057; x_wconf 79' lang='grc' dir='ltr'><em>παλαιοῖς</em></span> <span class='ocrx_word' id='word_1_93' title='bbox 1235 994 1464 1058; x_wconf 82' lang='grc' dir='ltr'><em>ἐκείνοις</em></span> <span class='ocrx_word' id='word_1_94' title='bbox 1496 987 1524 1048; x_wconf 83' lang='grc' dir='ltr'>ὁ</span> <span class='ocrx_word' id='word_1_95' title='bbox 1558 989 1722 1058; x_wconf 77' lang='grc' dir='ltr'><em>αὐτὸς</em></span> 
     </span>
     <span class='ocr_line' id='line_1_13' title="bbox 107 1066 1808 1149; baseline 0.002 -17"><span class='ocrx_word' id='word_1_96' title='bbox 107 1079 202 1146; x_wconf 85' lang='grc' dir='ltr'><em>τῆς</em></span> <span class='ocrx_word' id='word_1_97' title='bbox 245 1074 529 1147; x_wconf 80' lang='grc' dir='ltr'><em>εὐσεβείας</em></span> <span class='ocrx_word' id='word_1_98' title='bbox 561 1081 916 1149; x_wconf 76' lang='grc' dir='ltr'><em>κατωρθοῦτο</em></span> <span class='ocrx_word' id='word_1_99' title='bbox 956 1074 1170 1149; x_wconf 89' lang='grc' dir='ltr'><em>τρόπος.</em></span> <span class='ocrx_word' id='word_1_100' title='bbox 1243 1080 1289 1132; x_wconf 71' lang='grc'><em>2.</em></span> <span class='ocrx_word' id='word_1_101' title='bbox 1324 1072 1446 1132; x_wconf 79' lang='grc' dir='ltr'><em>οὔτ’</em></span> <span class='ocrx_word' id='word_1_102' title='bbox 1479 1066 1583 1132; x_wconf 80' lang='grc' dir='ltr'><em>οῦν</em></span> <span class='ocrx_word' id='word_1_103' title='bbox 1614 1075 1723 1132; x_wconf 88' lang='grc' dir='ltr'><em>σω’-</em></span> <span class='ocrx_word' id='word_1_104' title='bbox 1742 1095 1808 1136; x_wconf 79' lang='lat'>[10]</span> 
     </span>
     <span class='ocr_line' id='line_1_14' title="bbox 109 1156 1724 1234; baseline 0.001 -18"><span class='ocrx_word' id='word_1_105' title='bbox 109 1166 274 1232; x_wconf 84' lang='grc' dir='ltr'><em>ματος</em></span> <span class='ocrx_word' id='word_1_106' title='bbox 306 1159 492 1226; x_wconf 79' lang='grc' dir='ltr'><em>αὐτοῖς</em></span> <span class='ocrx_word' id='word_1_107' title='bbox 523 1165 818 1234; x_wconf 87' lang='grc' dir='ltr'><em>περιτομῆς</em></span> <span class='ocrx_word' id='word_1_108' title='bbox 851 1167 1076 1233; x_wconf 81' lang='grc' dir='ltr'><em>ἔμελεν,</em></span> <span class='ocrx_word' id='word_1_109' title='bbox 1107 1158 1190 1217; x_wconf 80' lang='grc' dir='ltr'><em>ὅτι</em></span> <span class='ocrx_word' id='word_1_110' title='bbox 1220 1157 1351 1232; x_wconf 84' lang='grc' dir='ltr'><em>μηδ’</em></span> <span class='ocrx_word' id='word_1_111' title='bbox 1385 1156 1540 1234; x_wconf 78' lang='grc' dir='ltr'><em>ἡμῖν·</em></span> <span class='ocrx_word' id='word_1_112' title='bbox 1596 1158 1724 1217; x_wconf 74' lang='grc' dir='ltr'><em>οὔτε</em></span> 
     </span>
     <span class='ocr_line' id='line_1_15' title="bbox 111 1240 1719 1321; baseline 0.001 -21"><span class='ocrx_word' id='word_1_113' title='bbox 111 1240 318 1318; x_wconf 75' lang='grc' dir='ltr'><em>ἀποχῆς</em></span> <span class='ocrx_word' id='word_1_114' title='bbox 349 1249 461 1302; x_wconf 78' lang='grc' dir='ltr'><em>τῶν</em></span> <span class='ocrx_word' id='word_1_115' title='bbox 490 1249 725 1303; x_wconf 76' lang='grc' dir='ltr'><em>τοιῶνδε</em></span> <span class='ocrx_word' id='word_1_116' title='bbox 756 1243 909 1321; x_wconf 77' lang='grc' dir='ltr'><em>ζςόων</em></span> <span class='ocrx_word' id='word_1_117' title='bbox 942 1243 1233 1317; x_wconf 73' lang='grc' dir='ltr'><em>βρώσεως,</em></span> <span class='ocrx_word' id='word_1_118' title='bbox 1279 1242 1361 1301; x_wconf 81' lang='grc' dir='ltr'><em>ὅτι</em></span> <span class='ocrx_word' id='word_1_119' title='bbox 1402 1245 1542 1318; x_wconf 73' lang='grc' dir='ltr'><em>μηδὲ</em></span> <span class='ocrx_word' id='word_1_120' title='bbox 1572 1243 1719 1318; x_wconf 81' lang='grc' dir='ltr'><em>ἡμῖν.</em></span> 
     </span>
     <span class='ocr_line' id='line_1_16' title="bbox 112 1326 1725 1403; baseline 0.001 -19"><span class='ocrx_word' id='word_1_121' title='bbox 112 1326 308 1385; x_wconf 81' lang='grc' dir='ltr'><em>αὐτίκα</em></span> <span class='ocrx_word' id='word_1_122' title='bbox 346 1327 442 1386; x_wconf 82' lang='grc' dir='ltr'><em>τὸν</em></span> <span class='ocrx_word' id='word_1_123' title='bbox 489 1331 838 1403; x_wconf 76' lang='grc' dir='ltr'><em>Μελχισεδὲκ</em></span> <span class='ocrx_word' id='word_1_124' title='bbox 877 1328 905 1385; x_wconf 85' lang='grc' dir='ltr'>ὁ</span> <span class='ocrx_word' id='word_1_125' title='bbox 948 1333 1160 1402; x_wconf 82' lang='grc' dir='ltr'><em>Μωσῆς</em></span> <span class='ocrx_word' id='word_1_126' title='bbox 1203 1328 1412 1402; x_wconf 74' lang='grc' dir='ltr'><em>εἰσάγει</em></span> <span class='ocrx_word' id='word_1_127' title='bbox 1445 1333 1593 1402; x_wconf 84' lang='grc' dir='ltr'><em>ἱερέα</em></span> <span class='ocrx_word' id='word_1_128' title='bbox 1623 1332 1725 1387; x_wconf 84' lang='grc' dir='ltr'><em>τοῦ</em></span> 
     </span>
     <span class='ocr_line' id='line_1_17' title="bbox 49 1409 1720 1489; baseline 0.001 -20"><span class='ocrx_word' id='word_1_129' title='bbox 49 1438 91 1470; x_wconf 88' lang='lat'><em>15</em></span> <span class='ocrx_word' id='word_1_130' title='bbox 113 1415 253 1470; x_wconf 82' lang='grc' dir='ltr'><em>θεοῦ</em></span> <span class='ocrx_word' id='word_1_131' title='bbox 282 1416 381 1470; x_wconf 82' lang='grc' dir='ltr'><em>τοῦ</em></span> <span class='ocrx_word' id='word_1_132' title='bbox 410 1409 676 1487; x_wconf 79' lang='grc' dir='ltr'><em>ὑψίστου,</em></span> <span class='ocrx_word' id='word_1_133' title='bbox 719 1413 785 1471; x_wconf 83' lang='grc' dir='ltr'><em>οὐ</em></span> <span class='ocrx_word' id='word_1_134' title='bbox 825 1412 885 1471; x_wconf 81' lang='grc' dir='ltr'><em>τὸ</em></span> <span class='ocrx_word' id='word_1_135' title='bbox 926 1432 1084 1487; x_wconf 88' lang='grc' dir='ltr'><em>σωμα</em></span> <span class='ocrx_word' id='word_1_136' title='bbox 1126 1418 1622 1489; x_wconf 87' lang='grc' dir='ltr'><em>περιτετμημένον,</em></span> <span class='ocrx_word' id='word_1_137' title='bbox 1655 1413 1720 1471; x_wconf 83' lang='grc' dir='ltr'><em>οὐ</em></span> 
     </span>
     <span class='ocr_line' id='line_1_18' title="bbox 109 1495 1721 1572; baseline 0.001 -20"><span class='ocrx_word' id='word_1_138' title='bbox 109 1495 268 1572; x_wconf 83' lang='grc' dir='ltr'><em>μύρω</em></span> <span class='ocrx_word' id='word_1_139' title='bbox 314 1515 600 1554; x_wconf 87' lang='grc' dir='ltr'><em>σκευαστω</em></span> <span class='ocrx_word' id='word_1_140' title='bbox 643 1497 779 1554; x_wconf 81' lang='grc' dir='ltr'><em>κατὰ</em></span> <span class='ocrx_word' id='word_1_141' title='bbox 810 1502 1022 1556; x_wconf 87' lang='grc' dir='ltr'><em>Μωσέα</em></span> <span class='ocrx_word' id='word_1_142' title='bbox 1061 1496 1556 1572; x_wconf 84' lang='grc' dir='ltr'><em>κεχρισμένον,οῦ</em></span> <span class='ocrx_word' id='word_1_143' title='bbox 1589 1498 1721 1570; x_wconf 76' lang='grc' dir='ltr'><em>σάβ-</em></span> 
     </span>
     <span class='ocr_line' id='line_1_19' title="bbox 111 1578 1722 1654; baseline 0.001 -17"><span class='ocrx_word' id='word_1_144' title='bbox 111 1586 282 1653; x_wconf 88' lang='grc' dir='ltr'><em>βατον</em></span> <span class='ocrx_word' id='word_1_145' title='bbox 322 1588 380 1638; x_wconf 91' lang='grc' dir='ltr'><em>τί</em></span> <span class='ocrx_word' id='word_1_146' title='bbox 416 1578 539 1639; x_wconf 85' lang='grc' dir='ltr'><em>ποτ’</em></span> <span class='ocrx_word' id='word_1_147' title='bbox 585 1585 735 1639; x_wconf 82' lang='grc' dir='ltr'><em>ἐστὶν</em></span> <span class='ocrx_word' id='word_1_148' title='bbox 768 1581 985 1654; x_wconf 88' lang='grc' dir='ltr'><em>εἰδότα,</em></span> <span class='ocrx_word' id='word_1_149' title='bbox 1025 1581 1146 1638; x_wconf 84' lang='grc' dir='ltr'><em>οὐδ’</em></span> <span class='ocrx_word' id='word_1_150' title='bbox 1183 1581 1323 1648; x_wconf 80' lang='grc' dir='ltr'><em>ὅλως</em></span> <span class='ocrx_word' id='word_1_151' title='bbox 1364 1608 1416 1639; x_wconf 88' lang='grc' dir='ltr'><em>τι</em></span> <span class='ocrx_word' id='word_1_152' title='bbox 1444 1607 1557 1639; x_wconf 93' lang='grc' dir='ltr'><em>των</em></span> <span class='ocrx_word' id='word_1_153' title='bbox 1587 1606 1722 1654; x_wconf 88' lang='grc' dir='ltr'><em>μετα</em></span> 
     </span>
     <span class='ocr_line' id='line_1_20' title="bbox 110 1663 1719 1740; baseline 0.001 -18"><span class='ocrx_word' id='word_1_154' title='bbox 110 1669 280 1722; x_wconf 81' lang='grc' dir='ltr'><em>ταῦτα</em></span> <span class='ocrx_word' id='word_1_155' title='bbox 311 1690 385 1722; x_wconf 93' lang='grc' dir='ltr'><em>τω</em></span> <span class='ocrx_word' id='word_1_156' title='bbox 417 1668 582 1723; x_wconf 84' lang='grc' dir='ltr'><em>παντὶ</em></span> <span class='ocrx_word' id='word_1_157' title='bbox 610 1663 895 1724; x_wconf 85' lang='grc' dir='ltr'><em>Ἰουδαίων</em></span> <span class='ocrx_word' id='word_1_158' title='bbox 927 1672 1082 1724; x_wconf 81' lang='grc' dir='ltr'><em>ἔθνει</em></span> <span class='ocrx_word' id='word_1_159' title='bbox 1115 1664 1205 1723; x_wconf 92' lang='grc' dir='ltr'><em>δια</em></span> <span class='ocrx_word' id='word_1_160' title='bbox 1223 1669 1475 1734; x_wconf 80' lang='grc' dir='ltr'><em>Μωσέως</em></span> <span class='ocrx_word' id='word_1_161' title='bbox 1507 1690 1719 1740; x_wconf 82' lang='grc' dir='ltr'><em>παρηγ-</em></span> 
     </span>
     <span class='ocr_line' id='line_1_21' title="bbox 110 1749 1721 1823; baseline 0.001 -16"><span class='ocrx_word' id='word_1_162' title='bbox 110 1752 391 1823; x_wconf 88' lang='grc' dir='ltr'><em>γελμένων</em></span> <span class='ocrx_word' id='word_1_163' title='bbox 433 1753 725 1823; x_wconf 82' lang='grc' dir='ltr'><em>ἐπαΐοντα,</em></span> <span class='ocrx_word' id='word_1_164' title='bbox 781 1749 1041 1823; x_wconf 75' lang='grc' dir='ltr'><em>ἄντικρυς</em></span> <span class='ocrx_word' id='word_1_165' title='bbox 1092 1752 1152 1808; x_wconf 74' lang='grc' dir='ltr'><em>δὲ</em></span> <span class='ocrx_word' id='word_1_166' title='bbox 1192 1751 1327 1808; x_wconf 79' lang='grc' dir='ltr'><em>κατὰ</em></span> <span class='ocrx_word' id='word_1_167' title='bbox 1378 1749 1437 1808; x_wconf 84' lang='grc' dir='ltr'><em>τὸ</em></span> <span class='ocrx_word' id='word_1_168' title='bbox 1479 1755 1721 1821; x_wconf 89' lang='grc' dir='ltr'><em>Χριστοῦ</em></span> 
     </span>
     <span class='ocr_line' id='line_1_22' title="bbox 47 1831 1723 1909; baseline 0 -17"><span class='ocrx_word' id='word_1_169' title='bbox 47 1859 90 1893; x_wconf 79' lang='lat'><em>20</em></span> <span class='ocrx_word' id='word_1_170' title='bbox 113 1831 436 1907; x_wconf 75' lang='grc' dir='ltr'><em>εὐαγγέλιον</em></span> <span class='ocrx_word' id='word_1_171' title='bbox 477 1839 722 1908; x_wconf 88' lang='grc' dir='ltr'><em>βιοῦντα.</em></span> <span class='ocrx_word' id='word_1_172' title='bbox 807 1841 854 1893; x_wconf 82' lang='lat'><em>3.</em></span> <span class='ocrx_word' id='word_1_173' title='bbox 890 1836 1037 1907; x_wconf 76' lang='grc' dir='ltr'><em>πλὴν</em></span> <span class='ocrx_word' id='word_1_174' title='bbox 1074 1834 1197 1892; x_wconf 80' lang='grc' dir='ltr'><em>ἀλλ’</em></span> <span class='ocrx_word' id='word_1_175' title='bbox 1244 1833 1389 1909; x_wconf 75' lang='grc' dir='ltr'><em>ὅμως</em></span> <span class='ocrx_word' id='word_1_176' title='bbox 1429 1838 1578 1908; x_wconf 76' lang='grc' dir='ltr'><em>ἱερέα</em></span> <span class='ocrx_word' id='word_1_177' title='bbox 1623 1839 1723 1892; x_wconf 81' lang='grc' dir='ltr'><em>τοῦ</em></span> 
     </span>
     <span class='ocr_line' id='line_1_23' title="bbox 110 1915 1719 2021; baseline 0 -45"><span class='ocrx_word' id='word_1_178' title='bbox 110 1925 250 1977; x_wconf 89' lang='grc' dir='ltr'><em>θεοῦ</em></span> <span class='ocrx_word' id='word_1_179' title='bbox 279 1924 376 1976; x_wconf 90' lang='grc' dir='ltr'><em>τοῦ</em></span> <span class='ocrx_word' id='word_1_180' title='bbox 415 1915 654 1987; x_wconf 75' lang='grc' dir='ltr'><em>ὑψίστου</em></span> <span class='ocrx_word' id='word_1_181' title='bbox 694 1923 869 1993; x_wconf 84' lang='grc' dir='ltr'><em>φησὶν</em></span> <span class='ocrx_word' id='word_1_182' title='bbox 899 1917 1069 1978; x_wconf 84' lang='grc' dir='ltr'><em>αυτὸν</em></span> <span class='ocrx_word' id='word_1_183' title='bbox 1109 1916 1136 1977; x_wconf 85' lang='grc' dir='ltr'>ὁ</span> <span class='ocrx_word' id='word_1_184' title='bbox 1174 1925 1381 1993; x_wconf 81' lang='grc' dir='ltr'><em>Μωσῆς</em></span> <span class='ocrx_word' id='word_1_185' title='bbox 1407 1922 1719 2021; x_wconf 82' lang='grc' dir='ltr'><em>γεγονέναι,</em></span> 
     </span>
     <span class='ocr_line' id='line_1_24' title="bbox 111 2002 1721 2079; baseline 0.001 -19"><span class='ocrx_word' id='word_1_186' title='bbox 111 2006 201 2060; x_wconf 82' lang='grc' dir='ltr'><em>καὶ</em></span> <span class='ocrx_word' id='word_1_187' title='bbox 224 2008 322 2061; x_wconf 90' lang='grc' dir='ltr'><em>τοῦ</em></span> <span class='ocrx_word' id='word_1_188' title='bbox 337 2002 583 2078; x_wconf 85' lang='grc' dir='ltr'><em>Ἀβρααμ</em></span> <span class='ocrx_word' id='word_1_189' title='bbox 597 2011 897 2077; x_wconf 85' lang='grc' dir='ltr'><em>κρείττονα.</em></span> <span class='ocrx_word' id='word_1_190' title='bbox 941 2010 1187 2077; x_wconf 81' lang='grc' dir='ltr'><em>εἰσῆκται</em></span> <span class='ocrx_word' id='word_1_191' title='bbox 1204 2010 1341 2078; x_wconf 88' lang='grc' dir='ltr'><em>γοῦν</em></span> <span class='ocrx_word' id='word_1_192' title='bbox 1363 2004 1459 2062; x_wconf 85' lang='grc' dir='ltr'><em>τὸν</em></span> <span class='ocrx_word' id='word_1_193' title='bbox 1474 2003 1721 2079; x_wconf 83' lang='grc' dir='ltr'><em>Ἀβρααμ</em></span> 
     </span>
     <span class='ocr_line' id='line_1_25' title="bbox 113 2087 1722 2163; baseline 0.001 -18"><span class='ocrx_word' id='word_1_194' title='bbox 113 2087 373 2161; x_wconf 85' lang='grc' dir='ltr'><em>εὐλογων.</em></span> <span class='ocrx_word' id='word_1_195' title='bbox 446 2088 691 2157; x_wconf 90' lang='grc' dir='ltr'><em>τοιοῦτός</em></span> <span class='ocrx_word' id='word_1_196' title='bbox 731 2115 813 2157; x_wconf 91' lang='grc' dir='ltr'><em>τις</em></span> <span class='ocrx_word' id='word_1_197' title='bbox 854 2091 924 2162; x_wconf 80' lang='grc' dir='ltr'><em>ἡν</em></span> <span class='ocrx_word' id='word_1_198' title='bbox 964 2093 1056 2147; x_wconf 87' lang='grc' dir='ltr'><em>καὶ</em></span> <span class='ocrx_word' id='word_1_199' title='bbox 1097 2095 1258 2162; x_wconf 78' lang='grc' dir='ltr'><em>Νῶε,</em></span> <span class='ocrx_word' id='word_1_200' title='bbox 1302 2088 1601 2163; x_wconf 90' lang='grc' dir='ltr'><em>ανθρωπος</em></span> <span class='ocrx_word' id='word_1_201' title='bbox 1637 2095 1722 2146; x_wconf 91' lang='grc' dir='ltr'><em>δί-</em></span> 
     </span>
     <span class='ocr_line' id='line_1_26' title="bbox 110 2171 1720 2250; baseline 0 -20"><span class='ocrx_word' id='word_1_202' title='bbox 110 2197 263 2240; x_wconf 85' lang='grc' dir='ltr'><em>καιος</em></span> <span class='ocrx_word' id='word_1_203' title='bbox 290 2176 348 2230; x_wconf 85' lang='grc' dir='ltr'><em>ἐν</em></span> <span class='ocrx_word' id='word_1_204' title='bbox 376 2177 444 2248; x_wconf 82' lang='grc' dir='ltr'><em>τῇ</em></span> <span class='ocrx_word' id='word_1_205' title='bbox 474 2180 637 2249; x_wconf 77' lang='grc' dir='ltr'><em>γενεᾷ</em></span> <span class='ocrx_word' id='word_1_206' title='bbox 669 2171 863 2247; x_wconf 76' lang='grc' dir='ltr'><em>αὐτοῦ,</em></span> <span class='ocrx_word' id='word_1_207' title='bbox 895 2171 960 2232; x_wconf 79' lang='grc' dir='ltr'><em>ὃν</em></span> <span class='ocrx_word' id='word_1_208' title='bbox 990 2176 1080 2232; x_wconf 83' lang='grc' dir='ltr'><em>καὶ</em></span> <span class='ocrx_word' id='word_1_209' title='bbox 1114 2173 1367 2247; x_wconf 77' lang='grc' dir='ltr'><em>ζώπυρον</em></span> <span class='ocrx_word' id='word_1_210' title='bbox 1401 2176 1616 2248; x_wconf 83' lang='grc' dir='ltr'><em>σπέρμα</em></span> <span class='ocrx_word' id='word_1_211' title='bbox 1646 2181 1720 2250; x_wconf 78' lang='grc' dir='ltr'><em>τῷ</em></span> 
     </span>
     <span class='ocr_line' id='line_1_27' title="bbox 39 2255 1808 2334; baseline 0.002 -20"><span class='ocrx_word' id='word_1_212' title='bbox 39 2281 90 2314; x_wconf 71' lang='lat'><em>25</em></span> <span class='ocrx_word' id='word_1_213' title='bbox 111 2259 259 2330; x_wconf 82' lang='grc' dir='ltr'><em>γένει</em></span> <span class='ocrx_word' id='word_1_214' title='bbox 290 2262 401 2315; x_wconf 78' lang='grc' dir='ltr'><em>τῶν</em></span> <span class='ocrx_word' id='word_1_215' title='bbox 431 2255 752 2331; x_wconf 73' lang='grc' dir='ltr'><em>ἀνθρώπων</em></span> <span class='ocrx_word' id='word_1_216' title='bbox 785 2262 843 2316; x_wconf 83' lang='grc' dir='ltr'><em>ἐν</em></span> <span class='ocrx_word' id='word_1_217' title='bbox 874 2261 942 2334; x_wconf 77' lang='grc' dir='ltr'><em>τῇ</em></span> <span class='ocrx_word' id='word_1_218' title='bbox 970 2263 1070 2316; x_wconf 86' lang='grc' dir='ltr'><em>τοῦ</em></span> <span class='ocrx_word' id='word_1_219' title='bbox 1113 2263 1499 2333; x_wconf 83' lang='grc' dir='ltr'><em>κατακλυσμοῦ</em></span> <span class='ocrx_word' id='word_1_220' title='bbox 1531 2265 1720 2334; x_wconf 76' lang='grc' dir='ltr'><em>φθορᾷ</em></span> <span class='ocrx_word' id='word_1_221' title='bbox 1739 2279 1808 2319; x_wconf 68' lang='grc'>(13)</span> 
     </span>
     <span class='ocr_line' id='line_1_28' title="bbox 112 2337 1720 2418; baseline 0.001 -20"><span class='ocrx_word' id='word_1_222' title='bbox 112 2340 336 2400; x_wconf 78' lang='grc' dir='ltr'><em>πάντων</em></span> <span class='ocrx_word' id='word_1_223' title='bbox 366 2346 478 2403; x_wconf 75' lang='grc' dir='ltr'><em>τῶν</em></span> <span class='ocrx_word' id='word_1_224' title='bbox 511 2345 600 2400; x_wconf 85' lang='grc' dir='ltr'><em>ε’πὶ</em></span> <span class='ocrx_word' id='word_1_225' title='bbox 641 2349 740 2417; x_wconf 84' lang='grc' dir='ltr'><em>γῆς</em></span> <span class='ocrx_word' id='word_1_226' title='bbox 770 2343 1172 2418; x_wconf 82' lang='grc' dir='ltr'><em>ἀπολλυμένων</em></span> <span class='ocrx_word' id='word_1_227' title='bbox 1215 2341 1239 2401; x_wconf 81' lang='grc' dir='ltr'>ὁ</span> <span class='ocrx_word' id='word_1_228' title='bbox 1271 2351 1383 2402; x_wconf 76' lang='grc' dir='ltr'><em>τῶν</em></span> <span class='ocrx_word' id='word_1_229' title='bbox 1414 2343 1559 2401; x_wconf 82' lang='grc' dir='ltr'><em>ὅλων</em></span> <span class='ocrx_word' id='word_1_230' title='bbox 1589 2337 1720 2409; x_wconf 76' lang='grc' dir='ltr'><em>θεὸς</em></span> 
     </span>
     <span class='ocr_line' id='line_1_29' title="bbox 114 2421 1731 2500; baseline -0.001 -17"><span class='ocrx_word' id='word_1_231' title='bbox 114 2425 462 2500; x_wconf 80' lang='grc' dir='ltr'><em>διεφύλαξεν.</em></span> <span class='ocrx_word' id='word_1_232' title='bbox 532 2431 582 2486; x_wconf 82' lang='grc'><em>4.</em></span> <span class='ocrx_word' id='word_1_233' title='bbox 617 2426 785 2487; x_wconf 75' lang='grc' dir='ltr'><em>οὐδὲν</em></span> <span class='ocrx_word' id='word_1_234' title='bbox 815 2433 954 2500; x_wconf 88' lang='grc' dir='ltr'><em>γοῦν</em></span> <span class='ocrx_word' id='word_1_235' title='bbox 983 2426 1117 2486; x_wconf 75' lang='grc' dir='ltr'><em>οὐδὲ</em></span> <span class='ocrx_word' id='word_1_236' title='bbox 1158 2421 1318 2496; x_wconf 76' lang='grc' dir='ltr'><em>οὗτος</em></span> <span class='ocrx_word' id='word_1_237' title='bbox 1349 2432 1461 2486; x_wconf 76' lang='grc' dir='ltr'><em>τῶν</em></span> <span class='ocrx_word' id='word_1_238' title='bbox 1487 2426 1731 2486; x_wconf 61' lang='grc' dir='ltr'><em>Ἰουδαι·-.</em></span> 
     </span>
     <span class='ocr_line' id='line_1_30' title="bbox 113 2511 1719 2587; baseline 0.002 -20"><span class='ocrx_word' id='word_1_239' title='bbox 113 2515 228 2568; x_wconf 79' lang='grc' dir='ltr'><em>κῶν</em></span> <span class='ocrx_word' id='word_1_240' title='bbox 259 2514 409 2569; x_wconf 79' lang='grc' dir='ltr'><em>ἐθῶν</em></span> <span class='ocrx_word' id='word_1_241' title='bbox 453 2511 841 2586; x_wconf 87' lang='grc' dir='ltr'><em>ε’πισταμενος,</em></span> <span class='ocrx_word' id='word_1_242' title='bbox 893 2511 1022 2571; x_wconf 81' lang='grc' dir='ltr'><em>οὕτε</em></span> <span class='ocrx_word' id='word_1_243' title='bbox 1066 2517 1125 2570; x_wconf 84' lang='grc' dir='ltr'><em>ἐν</em></span> <span class='ocrx_word' id='word_1_244' title='bbox 1164 2515 1431 2587; x_wconf 80' lang='grc' dir='ltr'><em>περιτομῇ</em></span> <span class='ocrx_word' id='word_1_245' title='bbox 1471 2512 1719 2584; x_wconf 74' lang='grc' dir='ltr'><em>σώματος</em></span> 
     </span>
     <span class='ocr_line' id='line_1_31' title="bbox 112 2592 1719 2670; baseline 0.001 -18"><span class='ocrx_word' id='word_1_246' title='bbox 112 2592 235 2653; x_wconf 81' lang='grc' dir='ltr'><em>οὔτ’</em></span> <span class='ocrx_word' id='word_1_247' title='bbox 270 2599 331 2653; x_wconf 82' lang='grc' dir='ltr'><em>ἐν</em></span> <span class='ocrx_word' id='word_1_248' title='bbox 359 2610 472 2664; x_wconf 79' lang='grc' dir='ltr'><em>τοῖς</em></span> <span class='ocrx_word' id='word_1_249' title='bbox 496 2595 680 2664; x_wconf 77' lang='grc' dir='ltr'><em>ἄλλοις</em></span> <span class='ocrx_word' id='word_1_250' title='bbox 702 2613 815 2665; x_wconf 76' lang='grc' dir='ltr'><em>τοῖς</em></span> <span class='ocrx_word' id='word_1_251' title='bbox 845 2593 954 2655; x_wconf 75' lang='grc' dir='ltr'><em>ὑπὸ</em></span> <span class='ocrx_word' id='word_1_252' title='bbox 982 2599 1238 2665; x_wconf 84' lang='grc' dir='ltr'><em>Μωσέως</em></span> <span class='ocrx_word' id='word_1_253' title='bbox 1258 2599 1719 2670; x_wconf 87' lang='grc' dir='ltr'><em>διατεταγμένοις,</em></span> 
     </span>
     <span class='ocr_line' id='line_1_32' title="bbox 49 2676 1719 2756; baseline 0.002 -21"><span class='ocrx_word' id='word_1_254' title='bbox 49 2702 91 2736; x_wconf 80' lang='lat'><em>30</em></span> <span class='ocrx_word' id='word_1_255' title='bbox 112 2676 257 2753; x_wconf 89' lang='grc' dir='ltr'><em>όμως</em></span> <span class='ocrx_word' id='word_1_256' title='bbox 291 2685 527 2755; x_wconf 84' lang='grc' dir='ltr'><em>δίκαιος,</em></span> <span class='ocrx_word' id='word_1_257' title='bbox 563 2687 613 2739; x_wconf 91' lang='grc' dir='ltr'><em>εἰ</em></span> <span class='ocrx_word' id='word_1_258' title='bbox 641 2688 737 2739; x_wconf 89' lang='grc' dir='ltr'><em>καί</em></span> <span class='ocrx_word' id='word_1_259' title='bbox 762 2708 841 2750; x_wconf 88' lang='grc' dir='ltr'><em>τις</em></span> <span class='ocrx_word' id='word_1_260' title='bbox 872 2680 1061 2755; x_wconf 84' lang='grc' dir='ltr'><em>αλλος,</em></span> <span class='ocrx_word' id='word_1_261' title='bbox 1093 2681 1472 2756; x_wconf 76' lang='grc' dir='ltr'><em>ἀνηγόρευται.</em></span> <span class='ocrx_word' id='word_1_262' title='bbox 1543 2686 1593 2739; x_wconf 80' lang='lat'><em>5.</em></span> <span class='ocrx_word' id='word_1_263' title='bbox 1628 2707 1719 2738; x_wconf 83' lang='grc' dir='ltr'><em>και</em></span> 
     </span>
     <span class='ocr_line' id='line_1_33' title="bbox 114 2757 1720 2841; baseline 0.001 -20"><span class='ocrx_word' id='word_1_264' title='bbox 114 2763 219 2835; x_wconf 87' lang='grc' dir='ltr'><em>πρό</em></span> <span class='ocrx_word' id='word_1_265' title='bbox 251 2788 311 2836; x_wconf 85' lang='grc' dir='ltr'><em>γε</em></span> <span class='ocrx_word' id='word_1_266' title='bbox 341 2765 538 2823; x_wconf 81' lang='grc' dir='ltr'><em>τούτου</em></span> <span class='ocrx_word' id='word_1_267' title='bbox 567 2763 595 2823; x_wconf 88' lang='grc' dir='ltr'>ὁ</span> <span class='ocrx_word' id='word_1_268' title='bbox 622 2757 818 2841; x_wconf 88' lang='grc' dir='ltr'><em>Ενωχ,</em></span> <span class='ocrx_word' id='word_1_269' title='bbox 849 2765 908 2833; x_wconf 81' lang='grc' dir='ltr'><em>ὃς</em></span> <span class='ocrx_word' id='word_1_270' title='bbox 940 2770 1031 2823; x_wconf 87' lang='grc' dir='ltr'><em>καὶ</em></span> <span class='ocrx_word' id='word_1_271' title='bbox 1056 2769 1268 2838; x_wconf 83' lang='grc' dir='ltr'><em>λέγεται</em></span> <span class='ocrx_word' id='word_1_272' title='bbox 1294 2765 1720 2839; x_wconf 78' lang='grc' dir='ltr'><em>εὐηρεστηκέναι</em></span> 
     </span>
     <span class='ocr_line' id='line_1_34' title="bbox 113 2847 1716 2926; baseline 0.001 -21"><span class='ocrx_word' id='word_1_273' title='bbox 113 2852 190 2925; x_wconf 75' lang='grc' dir='ltr'><em>τῷ</em></span> <span class='ocrx_word' id='word_1_274' title='bbox 219 2854 335 2926; x_wconf 79' lang='grc' dir='ltr'><em>θεῷ</em></span> <span class='ocrx_word' id='word_1_275' title='bbox 377 2852 466 2906; x_wconf 85' lang='grc' dir='ltr'><em>καὶ</em></span> <span class='ocrx_word' id='word_1_276' title='bbox 497 2862 926 2923; x_wconf 82' lang='grc' dir='ltr'><em>μετατεθεῖσθαι</em></span> <span class='ocrx_word' id='word_1_277' title='bbox 962 2851 1034 2918; x_wconf 81' lang='grc' dir='ltr'><em>ὡς</em></span> <span class='ocrx_word' id='word_1_278' title='bbox 1065 2850 1136 2924; x_wconf 84' lang='grc' dir='ltr'><em>μὴ</em></span> <span class='ocrx_word' id='word_1_279' title='bbox 1164 2847 1521 2924; x_wconf 81' lang='grc' dir='ltr'><em>εὑρίσκεσθαι</em></span> <span class='ocrx_word' id='word_1_280' title='bbox 1545 2849 1716 2908; x_wconf 78' lang='grc' dir='ltr'><em>αὐτοῦ</em></span> 
     </span>
     <span class='ocr_line' id='line_1_35' title="bbox 193 2945 1439 2997; baseline 0.003 -13"><span class='ocrx_word' id='word_1_281' title='bbox 193 2958 422 2986; x_wconf 79' lang='lat' dir='ltr'>EUSEBIUS</span> <span class='ocrx_word' id='word_1_282' title='bbox 457 2958 533 2989; x_wconf 84' lang='lat'>111.</span> <span class='ocrx_word' id='word_1_283' title='bbox 1408 2945 1439 2997; x_wconf 77' lang='grc'><strong>3</strong></span> 
     </span>
    </p>
   </div>
  </div>
 </body>
</html>
