1946 3158
556 123 868 165 DEMONST.
902 123 1123 166 EVANG.
1154 125 1242 166 111.
1278 126 1318 165 5.
1664 121 1763 173 179

150 238 373 338 νῶσεως
413 243 511 298 τοῦ
552 238 832 312 σώματος,
876 238 967 296 διά
1006 263 1064 297 τε
1108 236 1288 313 εὐχῶν
1331 242 1423 296 καὶ
1470 243 1761 313 ἱκετηριῶν

148 327 260 382 τῶν
311 323 449 397 πρὸς
500 324 597 382 τὸν
636 321 804 396 θεὸν,
847 326 938 381 καὶ
970 322 1112 382 πολὺ
1153 322 1422 398 πρότερον
1469 322 1543 380 δι’
1587 321 1759 396 άκρας

148 407 520 482 σωφροσύνης
561 409 653 466 καὶ
700 404 926 480 ἁγνείας
971 407 1222 514 σώματος
1266 407 1404 510 ὁμοῦ
1447 410 1539 465 καὶ
1581 411 1760 482 ψυχῆς
1791 443 1807 465 0

147 492 614 567 κατορθούμενον.
686 498 764 550 75.
798 499 879 560 τίς
923 491 973 550 δ’
1011 494 1112 551 οὐν
1142 494 1247 551 οὐκ
1277 490 1346 551 ἂν
1378 491 1583 560 αὐτους
1614 503 1762 550 θαυ-

102 601 123 634 5
145 577 338 652 μάσειε
362 574 436 635 δι’
463 574 783 652 ὑπερβολὴν
814 584 1148 651 φιλοσοφίας
1177 579 1267 635 καὶ
1288 591 1406 644 ταῖς
1429 578 1565 635 κατὰ
1587 576 1762 652 νόμον

147 665 665 737 συγκεχωρημέναις
691 676 950 736 γαμεταῖς
975 660 1469 736 ἀποτεταγμένους,
1502 665 1593 719 καὶ
1615 659 1758 737 μήθ’

146 743 256 805 ὑπὸ
287 751 382 820 τῆς
412 751 651 821 φυσικῆς
682 746 886 821 ἡδονῆς
911 750 1432 818 καθελκυσθέντας,
1463 746 1598 821 μήτε
1630 754 1762 804 παί-

148 837 264 890 δων
295 834 387 889 καὶ
432 830 677 904 ἐκγόνων
710 835 981 907 ἐπιθυμίᾳ
1014 834 1430 903 δουλωθέντας,
1471 834 1589 889 ἐπεὶ
1619 833 1760 905 μηδὲ

145 920 373 990 θνητῶν
404 913 668 989 ἐκγόνων,
699 914 821 973 ἀλλ’
859 914 1160 974 ἀθανάτων
1192 913 1551 990 ῶρε’χθησαν;
1586 921 1666 974 76.
1699 915 1758 974 τὸ

82 1025 121 1056 10
148 1001 209 1058 δὲ
238 998 688 1074 ἀφιλοχρήματον
719 1003 908 1058 αὐτῶν
938 1003 1038 1058 τοῦ
1067 998 1274 1074 τρόπου
1305 1004 1420 1066 πῶς
1444 998 1548 1059 οὐκ
1579 998 1648 1057 ἄν
1679 1026 1759 1068 τις

146 1088 473 1158 ἐκπλαγείη;
516 1087 610 1143 καὶ
649 1090 810 1142 τοῦτο
841 1083 1250 1159 τεκμηράμενος
1284 1088 1342 1142 ἐκ
1384 1088 1485 1143 τοῦ
1512 1083 1586 1158 μὴ
1619 1084 1760 1158 φεύ-

144 1194 284 1243 γειν,
317 1166 440 1227 ἀλλ’
473 1166 835 1230 ἀσπάσασθαι
860 1169 1198 1228 διδάσκαλον
1229 1173 1442 1245 χρυσοῦ
1471 1171 1561 1226 καὶ
1585 1168 1759 1243 ἀργύ-
1783 1194 1804 1226 <1

145 1278 247 1325 ρου
277 1254 377 1328 τὴν
407 1257 600 1328 κτῆσιν
630 1251 1068 1330 ἀπαγορεύοντα,
1102 1257 1193 1312 καὶ
1215 1259 1629 1328 νομοθετοῦντα
1660 1280 1759 1328 μη-

147 1338 208 1395 δὲ
238 1340 394 1412 μέχρι
427 1340 690 1412 δευτέρου
721 1343 950 1412 χιτῶνος
981 1338 1172 1408 αὔξειν
1199 1338 1299 1412 τὴν
1323 1336 1587 1412 ὕπαρξιν·
1622 1338 1758 1413 ὅπερ

84 1444 123 1478 15
147 1420 283 1494 τάχα
313 1446 394 1490 τις
423 1421 664 1489 ἀκούσας
695 1421 974 1497 παρῄτητο
1005 1420 1076 1481 ἂν
1115 1424 1174 1481 τὸ
1210 1423 1357 1499 βαρὺ
1383 1426 1482 1481 τοῦ
1522 1423 1758 1499 προστά-

147 1530 378 1579 γματος,
410 1511 467 1563 οἰ
497 1507 555 1564 δὲ
587 1508 675 1564 καὶ
711 1513 874 1580 ἔργον
904 1506 1262 1580 πεποιηκότες
1294 1507 1389 1565 τὸν
1420 1506 1587 1580 λόγον
1618 1506 1758 1566 ἀπο-

147 1595 479 1648 δείκνυνται.
562 1589 885 1664 αἰτήσαντος
939 1597 1078 1665 γοῦν
1118 1616 1249 1650 ποτε
1298 1590 1425 1659 τοὺς
1476 1589 1618 1666 ἀμφὶ
1660 1591 1758 1650 τὸν

143 1677 361 1747 Πέτρον
399 1678 583 1748 χωλοῦ
622 1691 794 1742 τινος·
843 1667 1027 1750 (οὗτος
1069 1673 1122 1734 δ’
1166 1669 1236 1749 ἦν
1265 1680 1377 1734 τῶν
1410 1675 1482 1733 δι’
1522 1675 1758 1750 ἐσχάτην

142 1757 382 1833 ἀπορίαν
411 1760 506 1828 τὰς
536 1759 742 1834 τροφὰς
771 1759 1230 1834 μεταιτούντων·)
1278 1758 1380 1818 οὐκ
1411 1767 1553 1835 ἔχων
1582 1760 1610 1818 ὁ
1648 1763 1729 1819 Πέ

80 1869 121 1902 20
142 1867 267 1918 τρος
299 1841 330 1901 ὅ
359 1869 411 1902 τι
455 1848 533 1921 δῷ
566 1841 833 1919 ῶμολόγει
869 1844 1048 1919 πάσης
1081 1842 1368 1920 ὑπάρξεως
1398 1852 1632 1919 χρυσίου
1664 1848 1755 1903 καὶ

142 1926 414 2001 ἀργυρίου
445 1928 812 2004 καθαρεύειν,
855 1928 1035 2003 φήσας
1062 1927 1370 2004 “ἀργύριον
1401 1933 1491 1988 καὶ
1524 1938 1756 2005 χρυσιόν

143 2011 242 2114 οὐχ
272 2009 509 2115 ὑπάρχει
538 2039 659 2088 μοι,
691 2012 720 2071 ὃ
757 2016 817 2072 δὲ
849 2020 984 2088 ἔχω,
1015 2014 1175 2073 τοῦτό
1208 2033 1295 2073 σοι
1328 2020 1554 2089 δίδωμι·
1590 2019 1650 2074 ἐν
1680 2020 1754 2093 τῶ
1776 2043 1868 2084 (119)

141 2095 365 2171 ὀνόματι
399 2095 578 2171 Ἰησου
607 2102 852 2201 Χριστου
893 2106 1100 2173 ε’γειραι
1142 2102 1234 2157 καὶ
1264 2099 1566 2175 περιπάτει.
1575 2097 1608 2118 ”
1681 2120 1693 2157 ι
1673 2107 1752 2159 7

143 2181 451 2256 σκυθρωποὶ
504 2185 564 2241 δε
606 2181 796 2251 αυτοῖς
836 2187 1308 2287 προαγγέλλοντος
1347 2209 1445 2242 του
1488 2185 1756 2242 διδασκά-

80 2290 121 2324 25
145 2273 263 2337 λου,
307 2270 667 2342 προσέχοντες
701 2267 775 2326 δι’
823 2269 902 2325 ῶν
933 2270 1068 2343 πρὸς
1100 2267 1302 2336 αὐτους
1335 2268 1559 2342 ε’λεγεν
1566 2266 1648 2328 ἐν
1679 2276 1754 2328 τῶ

144 2349 329 2427 κόσμῳ
360 2357 562 2421 θλίψιν
601 2350 778 2427 «ξ”χετε
813 2355 904 2410 καὶ
944 2352 1146 2412 πάλιν
1154 2350 1442 2412 “κλαυ’σετε
1483 2356 1574 2411 καὶ
1609 2365 1754 2428 θρη-

142 2433 337 2507 νήσετε
366 2434 553 2510 ὑμεῖς,
586 2436 614 2494 ὁ
643 2439 703 2495 δὲ
735 2437 934 2511 κόσμος
959 2437 1284 2512 χαρήσεται,
1319 2442 1434 2505 πῶς
1465 2436 1569 2495 οὐκ
1593 2436 1752 2495 αὐτοὶ

143 2519 246 2590 μὲν
277 2523 432 2593 δῆλοι
462 2520 559 2579 τὸν
589 2521 795 2597 τρόπον
825 2520 908 2580 ὅτι
943 2521 1010 2595 δὴ
1034 2529 1259 2598 στερροί
1271 2546 1415 2588 τινες
1440 2524 1531 2579 καὶ
1555 2528 1753 2594 βαθεῖς

142 2601 417 2678 ὑπῆρχον,
450 2606 523 2679 μὴ
554 2605 859 2680 φεύγοντες
891 2607 956 2665 τὰ
987 2612 1081 2679 τῆς
1114 2610 1292 2680 ψυχῆς
1323 2605 1620 2680 γυμνάσια,
1652 2631 1751 2680 μη·

82 2712 122 2745 30
148 2688 206 2745 δὲ
238 2688 302 2745 τὰ
333 2689 468 2763 πρὸς
497 2686 710 2766 ἡδονήν
739 2691 1202 2766 μεταδιώκοντεςς
1235 2693 1326 2749 καὶ
1357 2689 1385 2748 ὃ
1419 2690 1752 2759 διδάσκαλος

258 2883 309 2922 21
342 2882 441 2925 Aet.
465 2886 504 2935 3,
529 2885 568 2926 6.
742 2887 795 2926 26
826 2888 890 2928 10.
918 2888 981 2939 16,
1005 2890 1072 2929 33.
1096 2888 1165 2928 20.

1365 2953 1468 3005 12*
