1992 3186
238 134 343 188 588
914 133 1162 176 EUSEBII

192 275 214 307 <1
239 255 315 328 τῷ
357 248 677 323 σκηνώματί
715 247 874 321 σου,”
925 251 1016 308 καὶ
1054 248 1159 306 ὅσα
1204 247 1681 325 ἀνθρωπινώτεροι
1723 254 1850 324 περὶ

241 334 416 392 αὐτοῦ
445 337 712 406 λέλεκται,
746 332 819 399 ὡς
849 336 940 390 καὶ
972 331 1031 390 τὸ
1056 329 1208 400 “τοῑς
1225 332 1476 407 ἀγγέλοις
1499 334 1672 393 αὑτοῦ
1703 339 1849 393 ἐντε-

240 428 413 477 λεῖται
455 420 583 491 περὶ
623 423 753 490 σοῦ,
798 415 898 474 τοῦ
939 417 1274 491 διαφυλάξαι
1314 417 1435 492 σε,”
1482 422 1575 476 καὶ
1624 418 1685 477 τὸ
1720 417 1849 477 “ε’πὶ

239 505 439 576 χειρί-ὄν
469 499 677 575 άροῦσί
711 521 775 559 σε
804 500 1014 575 μήποτε
1043 501 1366 604 προσκόψῃς
1395 503 1535 577 πρὸς
1561 510 1725 562 λίθον
1755 502 1853 561 τὸν

238 586 384 670 πόδα
415 605 535 644 σου.
542 585 573 606 ”
635 591 719 644 20.
751 591 923 644 ταῦτα
954 586 1059 659 γὰρ
1089 584 1193 644 οὐκ
1223 583 1293 643 obv
1324 612 1398 654 ως
1426 585 1564 662 πρὸς
1592 588 1730 646 θεὸν
1759 592 1898 645 λε’-5

238 660 438 744 γεσθαι
467 667 725 745 ἁρμόσαι,
757 670 894 745 πρὸς
927 672 988 728 δε
1007 670 1066 728 τὸ
1092 670 1357 744 σκήνωμα
1382 671 1572 743 αὐτοῦ,
1603 694 1740 745 οπερ
1772 671 1846 729 δι’

236 751 377 828 ἡμᾶς
407 754 741 829 ἀνείληφεν,
772 752 863 812 ὅτε
891 751 921 812 ὁ
953 752 1164 828 λόγος“
1173 755 1307 827 σάρξ
1331 759 1547 828 ἐγένετο
1572 761 1665 813 καὶ
1697 755 1854 829 ἐσκή-

235 857 419 897 νωσεν
451 843 511 897 ἐν
540 836 727 913 ἧμῖν.”
775 845 933 897 δοκεῖ
961 843 1027 896 δέ
1041 864 1134 913 μοι
1157 845 1337 907 καλῶς
1357 847 1504 914 ἔχειν
1533 839 1675 915 ὑπὲρ
1695 837 1855 914 άκρι-

236 927 372 995 βοῦς
402 923 753 997 βεβαιώσεως
782 948 896 981 των
927 927 1235 999 εἰρημένων
1265 927 1359 982 καὶ
1387 923 1483 991 τὰς
1503 929 1615 982 τῶν
1644 927 1855 983 λοιπῶν

240 1010 598 1109 ἑρμηνευτων
637 1019 979 1082 παραθεῖναι
1022 1007 1241 1082 φωνάς
1298 1034 1377 1067 ων
1415 1008 1444 1067 ὁ
1483 1011 1587 1083 μὲν
1622 1006 1853 1075 ’Λκύλας
1875 1036 1920 1068 10

237 1091 415 1160 οὕτως
458 1099 665 1166 ἔφησεν
696 1089 819 1150 “gn
859 1112 957 1165 συ,
999 1091 1183 1167 κύριε,
1237 1097 1390 1160 ἐλπίς
1429 1118 1566 1167 μου,
1617 1090 1854 1162 ὕψιστον

239 1183 446 1249 ἔθηκας
476 1176 795 1252 οἰκητήριόν
824 1195 940 1235 σου.
985 1182 1068 1235 21.
1102 1174 1170 1235 οὐ
1193 1177 1598 1251 μεταχθήσεται
1622 1177 1759 1251 πρὸς
1791 1178 1853 1235 σε

239 1260 398 1334 κακοὶ,
430 1264 522 1318 καὶ
553 1257 668 1335 ἁφὴ
697 1259 802 1319 οὐκ
833 1265 1010 1334 ἐγγιεῖ
1036 1265 1096 1319 ἐν
1127 1263 1302 1336 σκέπῃ
1326 1278 1454 1319 σου·
1488 1261 1570 1320 ὅτι
1601 1260 1853 1334 ἀγγέλοις

239 1343 413 1403 αὑτοῦ
445 1350 744 1404 ἐντελεῖται
766 1349 866 1402 τοῦ
888 1344 1130 1418 φυλάξαι
1151 1364 1214 1404 σε
1238 1350 1298 1403 ἐν
1319 1343 1520 1412 πάσαις
1549 1359 1671 1412 ταῖς
1701 1342 1853 1413 ὁδοῖς

367 1427 395 1449 99
467 1429 482 1449 C

238 1448 356 1487 σου.
457 1454 486 1486 ο
519 1431 580 1487 δε
611 1426 949 1504 Σύμμαχος
956 1428 1052 1488 ’σὺ
1081 1429 1214 1504 γάρ,
1256 1429 1442 1505 κύριε,
1485 1429 1695 1504 ἆφοβία
1723 1454 1851 1503 μου,
1875 1455 1918 1489 15

124 1537 215 1578 (437)
240 1509 484 1587 ὗψίστην
514 1521 653 1572 ἔθου
672 1514 774 1587 τὴν
794 1521 1016 1588 οἴκησίν
1045 1533 1163 1573 σου.
1207 1519 1291 1573 22.
1315 1512 1383 1573 οὐ
1403 1513 1720 1588 κατισχύσει
1750 1535 1854 1572 σου

238 1599 436 1671 κακὸν,
479 1596 612 1657 οὐδὲ
642 1595 759 1672 ἁφὴ
791 1602 967 1672 ε’γγιεῖ
992 1605 1060 1672 τῇ
1105 1603 1282 1675 σκηνῇ
1314 1620 1431 1658 σου.
1493 1597 1578 1657 ὅτι
1607 1613 1721 1665 τοῖς
1752 1597 1851 1672 ἆγ-

237 1686 418 1755 γέλοις
449 1679 620 1741 αὑτοῦ
652 1687 952 1742 ἐντελεῖται
981 1686 1109 1758 περὶ
1139 1688 1260 1757 σοῦ,
1291 1688 1390 1742 τοῦ
1422 1683 1758 1757 διαφυλάξαι
1789 1702 1854 1740 σε

125 1790 213 1832 [272]
240 1771 301 1825 ἐν
330 1766 533 1835 πάσαις
562 1782 683 1835 ταῖς
712 1765 920 1835 ὁδοῖς.”
963 1765 1172 1826 οὐκοῦν
1196 1769 1288 1826 διὰ
1316 1766 1529 1826 τούτων
1555 1767 1747 1825 *αὐτῶν
1775 1770 1852 1843 τῷ

190 2381 211 2412 b

238 1858 415 1929 κυρίῳ
446 1855 695 1910 λέλεκται
728 1848 801 1920 ὦς
832 1855 959 1926 περὶ
992 1854 1183 1925 ἑτέρου
1211 1859 1458 1925 μείζονος
1487 1850 1546 1909 τὸ
1571 1847 1723 1917 “τοῖς
1754 1849 1849 1923 άγ-
1873 1878 1915 1911 20

237 1938 416 2008 γέλοις
448 1933 624 1994 αὑτοῦ
654 1940 953 1994 ἐντελεῖται
982 1939 1111 2008 περὶ
1140 1942 1272 2008 σοῦ,
1314 1939 1412 1993 τοῦ
1445 1934 1851 2007 διαφυλάσσειν

239 2038 302 2077 σε
335 2023 394 2077 ἐν
425 2019 626 2087 πάσαις
654 2034 774 2086 ταῖς
804 2019 972 2086 ὁδοῖς.
1047 2021 1136 2076 ἐπὶ
1167 2021 1368 2092 χειρῶν
1397 2015 1600 2091 ἆροῦσί
1629 2038 1692 2076 σε
1725 2020 1852 2093 (δη-

239 2103 380 2174 λαδὴ
411 2105 474 2160 σὲ
513 2102 611 2160 τὸν
651 2102 871 2176 κύριον)
912 2101 1120 2176 μήποτε
1151 2103 1220 2160 σὺ
1250 2099 1279 2160 ὁ
1311 2102 1500 2176 κύριος
1530 2103 1852 2178 προσκόψῃς

238 2185 375 2259 πρὸς
414 2193 584 2244 λίθον
623 2186 720 2245 τὸν
771 2186 916 2244 πόδα
955 2183 1110 2245 σου.”
1191 2191 1274 2245 23.
1319 2187 1546 2255 ταύταις
1586 2189 1647 2245 δὲ
1686 2190 1779 2245 καὶ
1821 2183 1850 2244 ὃ

240 2269 496 2343 διάβολος
526 2285 646 2338 ταῖς
676 2274 889 2339 λέξεσιν
921 2274 980 2328 ἐν
1009 2273 1087 2347 τῷ
1125 2270 1261 2328 κατὰ
1291 2275 1390 2329 τοῦ
1418 2275 1663 2346 σωτῆρος
1692 2271 1850 2345 ἡμῶν
1871 2295 1915 2328 25

239 2361 525 2432 πειρασμῷ
577 2358 834 2430 κέχρηται
869 2354 960 2413 ὅτε
989 2353 1373 2429 “παραλαβών
1410 2354 1580 2413 αὐτὸν
1621 2361 1699 2423 εἰς
1748 2355 1850 2428 τὴν

236 2437 404 2511 ἁγίαν
423 2439 587 2497 πόλιν
599 2444 829 2512 ἔστησεν
851 2438 1022 2498 αὐτὸν
1043 2442 1132 2497 ἐπὶ
1151 2439 1211 2497 τὸ
1235 2439 1532 2512 πτερύγιον
1555 2442 1655 2498 τοῦ
1676 2443 1849 2512 ἱεροῦ,

238 2526 331 2580 καὶ
363 2523 518 2582 εἶπεν
560 2522 737 2602 αὐτῷ,
779 2531 829 2582 εἰ
869 2524 987 2591 υίὸς
1020 2524 1071 2582 εἷ
1097 2526 1197 2582 τοῦ
1226 2527 1396 2596 θεοῦ,
1436 2523 1573 2597 βάλε
1612 2521 1851 2582 σεαυτὸν

241 2610 507 2666 ἐντεῦθεν
537 2607 699 2667 κάτω.
745 2610 1048 2683 γέγραπται
1078 2607 1183 2681 γάρ
1213 2607 1296 2665 ὅτι
1326 2622 1441 2676 τοῖς
1470 2608 1722 2682 ἀγγέλοις
1753 2605 1848 2665 αὖ·

239 2695 336 2748 τοῦ
370 2694 666 2750 ἐντελεῖται
705 2696 833 2765 περὶ
873 2698 1006 2766 σοῦ,
1047 2695 1140 2750 καὶ
1171 2695 1261 2749 ἐπὶ
1301 2696 1502 2767 χειρῶν
1531 2690 1737 2767 άροῦσί
1764 2713 1844 2764 σε,
1869 2716 1915 2749 30

353 2885 376 2923 7
405 2884 477 2925 Jo.
502 2887 541 2936 1,
566 2887 629 2928 15.
806 2886 859 2925 26
890 2886 1054 2929 Matth.
1077 2889 1117 2937 4,
1142 2889 1179 2927 5.
