1992 3186
237 144 342 196 382
898 140 1148 181 EUSEBII

239 258 530 333 στήσαντο,
561 256 703 314 οὕτω
736 256 866 312 ποτὲ
897 256 988 311 καὶ
1020 252 1160 312 αὐτοὶ
1187 259 1285 326 τῆς
1315 253 1581 329 πατρικῆς
1615 260 1814 312 εἰδωλο

238 350 460 416 λατρίας
501 341 636 415 πρὸς
665 343 778 397 τῶν
808 337 977 395 πάλαι
1014 337 1462 396 δεδουλευκότων
1496 336 1683 405 αὐτοῖς
1714 358 1844 397 σκυ-

239 426 643 498 λευθήσονται,
687 426 780 480 καὶ
809 419 918 480 ὑπὸ
948 421 1046 480 τὸν
1076 421 1241 495 ζυγὸν
1270 427 1366 496 τῆς
1397 421 1530 481 καθ’
1557 419 1846 496 Ἑβραίους

241 510 526 582 εὐσεβείας
556 507 1005 582 μεταστήσονται.
1067 510 1228 564 τοῦτο
1260 508 1322 564 δὲ
1354 512 1589 566 ἔσεσθαί
1614 525 1787 580 φησιν
1817 503 1846 564 ὃ

190 632 205 653 0
238 594 431 667 κύριος’
460 591 534 650 δι’
585 595 787 649 ἑαυτοῦ
831 593 918 648 ἐπὶ
961 596 1035 668 τῷ
1066 594 1264 668 τοιῷδε
1294 591 1682 665 κατορθώματι
1703 591 1847 666 πρὸς
1869 616 1890 648 5

237 682 336 736 τοῦ
365 677 569 752 πατρὸς
599 675 1140 749 ἆποσταλησομένου.
1201 680 1249 734 5.
1285 685 1429 733 εἴποι
1461 673 1515 732 δ’
1548 673 1619 732 ἄν
1643 699 1724 742 τις
1755 678 1848 733 καὶ

127 761 437 835 11-511107215029
475 786 629 827 τινας
668 763 760 818 καὶ
799 784 1068 834 αορατους
1115 759 1377 834 δυναμεις
1410 765 1550 833 ἔθνη
1580 765 1689 817 νῦν
1726 756 1848 817 ὀνο-

236 847 504 921 μάζεσθαι
543 846 609 903 τὰ
642 843 1028 903 σκυλεύσαντα
1068 847 1160 902 καὶ
1203 842 1726 918 αἰχμαλωτεύσαντα
1754 843 1849 910 τὰς

235 938 347 989 τῶν
377 929 698 1004 ἀνθρώπων
738 929 947 1003 ψυχὰς,
990 954 1069 986 ων
1106 932 1303 1002 ψυχων
1342 927 1488 986 ου’τω
1519 931 1657 1002 φησὶ
1687 926 1847 1000 κήδε-

238 1026 373 1073 σθαι
403 1014 432 1072 ὁ
463 1013 863 1088 φιλανθρωπος
902 1018 1001 1070 τοῦ
1042 1016 1187 1070 θεου
1224 1012 1383 1086 λόγος
1431 1009 1568 1070 ὡσεί
1591 1037 1672 1080 τις
1706 1017 1848 1078 ἰδίας
1873 1037 1911 1068 10

236 1099 535 1173 ὀφθαλμοῦ
567 1100 757 1172 κόρης·
805 1100 897 1155 καὶ
933 1103 1129 1170 δεῖγμα
1159 1101 1255 1169 τῆς
1277 1102 1501 1154 τοιᾶσδε
1524 1094 1699 1154 αὐτοῦ
1723 1099 1848 1170 περὶ

236 1183 296 1241 τὸ
337 1187 447 1240 τῶν
487 1181 808 1256 ἀνθρώπων
848 1184 1008 1254 γένος
1048 1187 1378 1254 κηδεμονίας
1419 1179 1479 1238 τὸ
1531 1180 1661 1254 μηδ’
1708 1179 1849 1238 ὑπο-

191 1294 212 1324 d
237 1274 562 1325 στείλασθαι
602 1265 799 1338 αὐτὸν,
839 1268 981 1323 θεοῦ
1019 1265 1184 1338 λόγον
1221 1264 1355 1323 ὅντα
1394 1267 1484 1322 καὶ
1518 1269 1579 1322 ἐν
1621 1265 1752 1337 δόξῃ
1782 1267 1850 1336 τῆ

237 1351 386 1426 παρὰ
415 1354 492 1428 τῷ
522 1354 688 1423 πατρὶ
717 1348 1090 1423 τυγχάνοντα,
1122 1348 1225 1421 τὴν
1258 1356 1335 1416 εἰς
1366 1347 1703 1424 ἀνθρώπους
1737 1351 1847 1406 ἐπι-

240 1442 444 1509 δημίαν
473 1458 532 1492 τε
563 1438 655 1491 καὶ
685 1440 1005 1507 οἰκονομίαν
1035 1432 1430 1502 ἀναδέξασθαι.
1870 1454 1911 1486 15

795 1655 924 1714 Ἀπὸ
954 1660 1055 1714 τοῦ
1085 1654 1272 1715 αὐτοῦ.

124 1798 211 1838 (2ε3)
382 1781 523 1830 XVII.
566 1766 831 1843 “Τέρπου
870 1772 962 1827 καὶ
1004 1768 1340 1843 εὐφραίνου,
1381 1768 1627 1841 θύγατερ
1667 1765 1843 1841 Σιών,

237 1853 377 1912 διότι
409 1853 535 1911 ἰδου
576 1854 681 1927 ἐγώ
721 1861 978 1929 ἔρχομαι,
1020 1857 1113 1910 καὶ
1143 1851 1554 1924 κατασκηνώσω
1602 1855 1662 1908 ἐν
1693 1855 1844 1930 μέσω

236 1957 356 2010 σου,
389 1941 536 2010 λέγει
557 1937 764 2011 κύριος,
795 1941 887 1994 καὶ
914 1935 1347 2009 καταφεύξονται
1379 1942 1518 2007 ἔθνη
1548 1935 1723 1993 πολλα
1755 1939 1843 1993 ἐπὶ

234 2021 331 2079 τὸν
361 2021 554 2094 κύριον
586 2024 644 2078 ἐν
673 2024 742 2095 τῇ
770 2020 945 2095 ἡμέρᾳ
977 2024 1180 2092 ἐκείνη,
1211 2022 1303 2077 καὶ
1335 2026 1553 2078 ε’σονται
1584 2019 1733 2098 αὐτῷ
1766 2027 1842 2087 εἰς
1865 2045 1906 2076 20

236 2103 400 2177 λαὸν,
432 2107 525 2162 καὶ
555 2105 961 2176 κατασκηνώσω
995 2108 1055 2162 ἐν
1083 2107 1231 2181 μέσω
1264 2123 1395 2176 σου,
1428 2107 1519 2161 καὶ
1550 2103 1738 2179 γνώσῃ
1763 2101 1844 2162 ότι

236 2187 426 2263 κύριος
457 2186 850 2262 παντοκράτωρ
886 2191 1250 2256 ἐξαπέσταλκέ
1274 2212 1342 2262 με
1372 2187 1507 2262 πρὸς
1538 2186 1655 2246 σε’.”

361 2278 410 2331 2.
437 2271 586 2330 Ἐπεὶ
617 2271 899 2348 πρόκειται
929 2275 1034 2330 νῦν
1062 2273 1122 2329 τὸ
1158 2271 1420 2347 δεύτερον
1444 2281 1620 2330 αἴτιον
1645 2274 1703 2328 ἐκ
1732 2274 1843 2329 τῶν

235 2361 536 2431 προφητῶν
566 2355 853 2425 ἀποδεῖξαι
882 2349 1204 2430 ἀνθρώποις
1227 2360 1428 2430 μέλλον
1460 2358 1547 2412 ἐπὶ
1571 2359 1669 2428 γῆς
1701 2377 1842 2428 συμ-

235 2441 656 2514 πολιτεύεσθαι,
696 2441 847 2515 οἶμαι
889 2440 1087 2499 τούτου
1117 2440 1524 2514 παραστατικὸν
1565 2439 1708 2496 εἶναι
1748 2441 1839 2496 καὶ
1864 2463 1905 2496 25

234 2524 337 2598 τὴν
366 2529 655 2600 παροῦσαν
684 2532 1045 2601 προφητείαν,
1077 2521 1149 2592 ὥς
1182 2524 1273 2581 διὰ
1301 2524 1361 2581 τὸ
1393 2526 1675 2597 πρόδηλον
1700 2524 1841 2597 μηδὲ

191 2630 211 2662 b
236 2617 488 2676 πλείονος
521 2613 836 2685 ἐξεργασίας
868 2617 1105 2668 δεῖσθαι.
1150 2607 1403 2683 τηρήσεις
1425 2610 1485 2665 δὲ
1514 2606 1597 2666 ὅτι
1616 2611 1707 2665 καὶ
1739 2605 1840 2679 τὴν

236 2700 419 2750 αἰτίαν
450 2687 615 2761 αὖθις
655 2699 749 2767 τῆς
789 2693 1029 2767 ἄφιξεως
1068 2689 1243 2750 αὐτοῦ
1285 2698 1446 2765 δηλοῖ
1489 2696 1548 2750 ἐν
1588 2689 1670 2758 οἷς
1701 2708 1838 2764 φησι

348 2887 398 2926 17
430 2886 566 2926 Zaeh.
590 2889 630 2938 2,
653 2889 718 2927 10.
