1992 3186
250 108 351 161 678
918 107 1166 150 EUSEBII

248 228 353 283 θεέ
376 250 485 331 μου
515 226 619 281 θεέ
644 247 771 297 μου,
806 227 955 279 ίνατί
984 225 1330 295 ἐγκατέλιπές
1359 222 1471 297 με;’
1477 223 1859 297 ’συλλαμβα-

248 313 464 385 νομένω
506 333 606 381 μεν
647 331 750 365 ουν
788 310 880 363 καὶ
920 310 1355 384 κυοφορουμένςο
1394 307 1504 365 ὑπὸ
1554 313 1650 382 τῆς
1698 309 1860 382 ἀγίας

247 397 536 468 παρθένου
578 395 656 449 τῶ
698 395 1020 468 δηλουμένῳ
1061 391 1094 464 ἡ
1127 391 1362 466 πατρικὴ
1395 391 1629 465 δύναμις
1659 398 1859 466 συνῆν,

246 475 336 535 ὅτε
368 479 586 549 πνεῦμα
630 473 790 548 ἅγιον
822 479 1033 550 ἐπῆλθε
1063 480 1129 550 τῇ
1161 480 1455 553 παρθένῳ,
1499 479 1592 534 καὶ
1623 477 1860 552 δύναμις

246 561 486 629 ὑψίστου
520 565 846 619 ἐπεσκίασεν
877 559 1046 636 αὐτῇ,
1079 557 1241 627 αυτός
1271 556 1376 618 τεὸ
1381 559 1580 663 ,πατὴρ
1609 559 1708 620 τὸν
1735 586 1902 634 γέν-5

246 645 526 719 νῶμενον,
571 645 645 712 ῶς
685 645 714 702 ὁ
757 645 917 718 λόγος
948 649 1327 720 παρέστησεν,
1362 642 1472 702 ἀπὸ
1501 650 1598 719 τῆς
1627 646 1860 719 γαστρὸς

247 733 575 819 ἐξέσπασεν·
631 729 1022 804 ἀποδυομένου
1075 731 1135 787 δε
1177 728 1325 804 παρά
1374 728 1472 787 τὸν
1521 730 1716 806 καιρὸν
1764 735 1864 788 τοῦ

244 814 464 882 πάθους
503 812 639 887 πρὸς
682 815 784 889 τὴν
825 809 961 872 κατά
1002 820 1100 873 τοῦ
1141 813 1393 889 θανάτου
1423 813 1634 888 πάλην,
1678 812 1861 873 οὐκέτι

243 899 454 972 βοηθὸς
495 898 643 977 αὐτῷ
685 903 886 973 παρῆν.
971 903 1051 956 79.
1084 904 1244 956 τοῦτο
1276 902 1416 972 γοῦν
1461 896 1610 976 αυτῶ
1650 924 1861 973 μαρτυ-

246 988 448 1087 ροῦντι,
490 983 745 1042 πιστεύω.
837 983 896 1041 τὸ
951 982 1057 1057 γάρ
1100 980 1258 1056 “ἠλεὶ
1303 982 1424 1056 ἠλεὶ
1481 988 1627 1058 λαμᾶ
1682 991 1862 1057 σαβα-
1884 1008 1924 1040 10

201 1094 218 1124 b
243 1066 448 1142 χθανί”
498 1072 790 1142 εἰρημένον
834 1065 983 1125 αὐτῶ
1032 1070 1120 1125 ἐπὶ
1161 1072 1261 1125 τοῦ
1300 1075 1571 1175 σταυροῦ,
1618 1071 1709 1126 καὶ
1749 1067 1860 1126 ὑπὸ

243 1158 344 1210 τοῦ
384 1158 618 1227 Ψαλμοῦ
649 1158 1001 1228 προφητικῶς
1047 1150 1590 1226 ἀναπεφωνημένον,
1623 1156 1715 1210 καὶ
1738 1151 1861 1210 “gn

243 1246 437 1305 θλιψις
482 1237 695 1341 ἐγγυς,
722 1236 805 1294 ότι
845 1237 948 1296 οὐκ
989 1244 1140 1294 ἔστιν
1179 1237 1209 1294 ὁ
1240 1234 1531 1311 βοηθῶν,”
1576 1245 1633 1294 τί
1672 1241 1861 1311 ε’τερον

245 1321 446 1394 ἐδήλου
481 1319 514 1394 ἢ
545 1320 626 1379 ὅτι
658 1322 731 1389 ῶς
761 1325 929 1396 μέγας
960 1320 1206 1395 ἀθλητὴς
1245 1336 1359 1388 τοῖς
1400 1320 1681 1388 τοσούτοις
1711 1321 1861 1380 ἀντι-

242 1406 435 1473 πάλοις
466 1412 914 1481 προβεβλημένος
945 1399 1044 1480 ἦν,
1082 1405 1567 1479 ἀγωνοθετοῦντος
1597 1408 1689 1464 καὶ
1721 1413 1860 1482 βρα-
1883 1429 1923 1461 15

241 1490 506 1564 βεύοντος
535 1506 650 1558 τοῖς
690 1497 1002 1566 γινομένοις
1030 1498 1128 1549 τοῦ
1160 1494 1249 1549 ἐπὶ
1280 1496 1415 1548 πᾶσι
1443 1495 1612 1562 θεοῦ;
1655 1498 1861 1564 ἔφορον

245 1574 294 1631 δ’
332 1568 435 1634 οὖν
473 1580 585 1634 τῶν
627 1580 1020 1649 πραττομένων
1050 1575 1348 1651 παρεκάλει
1389 1576 1487 1633 τὸν
1528 1577 1738 1648 πατέρα
1767 1577 1861 1633 καὶ

241 1659 541 1734 πάρεδρον,
575 1657 648 1728 ῶς
671 1659 742 1718 ἀν
768 1663 950 1730 δεξιὸν
973 1660 1259 1734 ἀλείπτην,
1291 1657 1439 1739 αὐτῷ
1463 1675 1859 1734 συμπαρεῖναι,

241 1745 415 1819 ταύτῃ
448 1745 686 1818 μα’λιστα
717 1745 808 1803 ὅτε
831 1743 965 1819 μηδ’
994 1745 1245 1820 ὑπῆρχεν
1269 1742 1420 1823 αὐτῷ
1445 1743 1653 1818 βοηθὸς
1679 1748 1861 1818 ἕτερος

241 1826 274 1901 ἢ
313 1828 479 1902 μόνος
521 1827 599 1896 εἷς
642 1829 670 1887 ὁ
713 1831 1028 1904 βραβευτὴς
1074 1834 1187 1888 τῶν
1231 1833 1556 1903 γινομένων.
1642 1833 1723 1885 73.
1768 1827 1856 1885 διό
1880 1851 1920 1883 20

200 1947 217 1969 c
241 1934 415 1986 φησιν
447 1913 742 1988 ευχόμενος
765 1911 877 1988 “μὴ
916 1914 1158 1989 ἀποστῇς
1203 1912 1298 1970 ἀπ’
1337 1916 1501 1986 ἐμοῦ,
1549 1911 1632 1969 ὅτι
1661 1921 1857 1981 θλῖψις

243 1998 434 2070 ἐγγυς,
480 1998 563 2056 ὅτι
604 2023 709 2056 ουκ
750 2006 901 2056 ἔστιν
939 1997 968 2055 ὁ
1001 2001 1247 2070 βοηθῶν.
1262 1993 1291 2016 ”
1369 1995 1518 2069 ὁρῶν
1549 1997 1610 2054 δὲ
1642 1999 1858 2065 ἐνθέοις

240 2079 483 2154 ὄμμασιν
514 2089 592 2138 ἔτι
625 2085 714 2139 ἐπὶ
745 2085 846 2138 τοῦ
875 2088 1058 2154 ἰκρίου
1089 2083 1544 2156 προσηρτημένου
1576 2079 1727 2159 αὐτῷ
1757 2087 1857 2139 τοῦ

241 2164 490 2238 σώματος
519 2163 614 2232 τάς
645 2169 857 2234 ἔξωθεν
886 2164 1029 2239 ἀμφὶ
1058 2165 1155 2223 τὸν
1185 2165 1320 2239 ἀέρα
1349 2169 1546 2223 τοῦτον
1575 2164 1857 2239 ἀσάρκους

241 2252 333 2306 καὶ
363 2247 685 2322 ἀνθρώποις
706 2247 975 2321 ἀοράτους
1000 2249 1263 2324 δυνάμεις
1289 2255 1451 2322 δίκην
1473 2254 1692 2306 οἰωνῶν
1715 2247 1855 2323 ῶμο-
1877 2273 1920 2306 25

240 2333 430 2408 βόρων
469 2337 558 2391 καὶ
590 2334 796 2408 τρόπον
825 2342 1045 2409 θηρίων
1075 2337 1202 2409 περὶ
1244 2332 1415 2391 αὑτὸν
1447 2336 1854 2406 ι’λυσπωμένας,

239 2420 333 2475 καὶ
363 2420 498 2493 πρὸς
528 2418 588 2476 τὸ
618 2422 820 2493 μέλλον
840 2417 974 2477 ὅσον
1003 2418 1159 2477 οὔπω
1189 2417 1394 2491 νεκρὸν
1424 2424 1651 2476 ἔσεσθαι
1682 2416 1855 2475 αὐτοῦ

239 2502 300 2560 τὸ
333 2510 519 2577 σῶμα,
563 2503 920 2578 πανταχόθεν
961 2527 1019 2561 τε
1050 2503 1398 2578 συρρεούσας
1437 2501 1532 2568 τὰς
1562 2499 1731 2576 ἀρχὰς
1761 2503 1855 2559 καὶ

242 2590 492 2654 ἐξουσίας
515 2592 615 2646 τοῦ
638 2585 816 2662 ἀέρος,
848 2592 945 2646 τοῦ
976 2587 1286 2662 πνεύματος
1307 2591 1407 2644 τοῦ
1429 2590 1538 2644 νῦν
1561 2590 1854 2659 ἐνεργοῦν-

194 2694 330 2737 ατος
376 2676 436 2729 ἐν
476 2686 589 2738 τοῖς
629 2678 773 2739 υἱοῖς
814 2675 909 2745 τῆς
948 2669 1266 2743 ἀπειθείας,
1307 2673 1398 2728 καὶ
1440 2678 1518 2728 ἔτι
1549 2670 1678 2736 τούς
1707 2667 1916 2743 ἀμφὶδο

240 2754 343 2826 τὴν
374 2762 480 2828 γῆν
511 2759 899 2830 διιπταμένους
930 2753 1063 2814 καθ’
1096 2755 1225 2828 ὅλης
1264 2757 1362 2827 τῆς
1391 2759 1503 2812 τῶν
1531 2752 1854 2828 ἀνθρώπων

241 2843 566 2913 οἰκουμένης
600 2846 897 2915 δαίμονας,
942 2840 1085 2908 εἰκὸς
1119 2839 1170 2896 δ’
1206 2838 1287 2897 ὅτι
1319 2841 1411 2895 καὶ
1452 2835 1580 2905 τούς
1608 2837 1853 2911 ὑποχθο-
