1946 3158
181 158 282 211 174
857 130 1143 202 EUSEBIP⁸

168 274 414 349 “πωμεν.
476 284 796 351 προθυμίας
839 276 900 332 δὲ
929 278 1124 349 μηδεὶς
1154 274 1312 350 ἡμῶν
1342 279 1639 334 λειπέσθω.
1699 283 1782 336 56.

169 355 340 418 “οὑ’τε
370 359 475 434 γὰρ
506 359 699 434 μικρὸς
729 358 757 416 ὁ
782 352 956 426 ἆθλος
987 363 1099 418 τῶν
1128 363 1524 434 τολμωμένων,
1559 363 1680 419 ἐπεὶ
1712 362 1786 436 μὴ

166 443 270 502 “το“ι
294 445 530 518 τυχόντα
554 451 790 517 βραβεῖα
815 439 954 517 ἡμᾶς
988 446 1277 518 ἐκδέξεται,
1309 442 1431 502 ἄλλ’
1463 449 1524 502 αἱ
1542 442 1649 503 ἀπὸ
1673 450 1786 503 τῶν

166 527 337 603 “παρ’
385 527 659 600 ἑκάστοις,
703 527 775 595 ὥς
821 531 995 601 εἰκὸς,
1047 527 1236 602 νόμων
1275 536 1558 603 τιμωρίαι,
1613 529 1786 604 δεσμοὶ

165 613 418 714 ἶδηλαδὴ
450 614 542 670 καὶ
572 612 809 684 βασανοι
839 615 932 670 καὶ
963 615 1241 686 φυλακαὶ,
1274 617 1386 687 πῦρ
1418 637 1476 671 τε
1507 616 1597 671 καὶ
1629 620 1783 688 σίδη·
1805 643 1829 677 5

166 694 326 799 1909,
360 699 451 754 καὶ
492 699 755 772 σταυροὶ,
799 699 891 754 καὶ
921 701 1122 772 θῆρες,
1167 722 1247 755 ων
1289 698 1524 770 μάλιστα
1563 709 1785 773 προθυ-

160 779 406 885 (Ἱμητέον
447 784 538 838 καὶ
576 797 692 849 τοῖς
733 796 922 850 κακοῖς
954 778 1121 856 ὁμόσε
1162 785 1442 856 χωρητέον
1471 780 1783 857 ὑπόδειγμα

160 865 296 923 “z-6²1
328 865 667 925 διδάσκαλον
696 870 1063 940 κεκτημένοις.
1126 871 1209 924 57.
1242 873 1301 924 τί
1323 864 1430 941 γὰρ
1450 865 1663 924 τούτων
1692 870 1787 940 γέ-

163 949 340 1008 “νοιτ’
377 946 448 1007 ἂν
487 949 715 1008 κάλλιον
747 949 981 1025 ἐχθροὺς
1022 953 1114 1008 καὶ
1151 961 1308 1019 θεοῖς
1339 953 1431 1008 καὶ
1461 949 1784 1023 ἀνθρώποις

58 1031 292 1099 (115)“ε’π’
348 1032 540 1092 οὐδενὶ
581 1034 726 1112 λόγῳ
772 1038 1136 1108 καταστῆναι,
1187 1037 1278 1092 καὶ
1327 1034 1404 1109 μή
1443 1057 1575 1093 ποτε
1619 1032 1780 1108 ἡδέος
1804 1065 1848 1097 10

159 1118 518 1177 ((ἆπολαῦσαί
540 1143 717 1193 τινος,
749 1119 886 1193 μήτε
918 1123 1030 1178 τῶν
1053 1119 1332 1223 φιλτάτων
1355 1118 1615 1194 ὄνασθαι,
1647 1119 1784 1222 μήτε

160 1202 493 1279 “χρηματων
531 1220 749 1278 τυχεῖν,
790 1203 927 1278 μήτε
970 1205 1117 1272 τινὸς
1158 1201 1377 1278 ἀγαθοῦ
1418 1204 1478 1262 τὸ
1518 1227 1783 1279 παραπαν

161 1284 401 1346 ’(ἐλπίδα
445 1286 786 1362 κτήσασθαι,
833 1293 952 1362 εἰκῆ
994 1290 1055 1346 δε
1095 1291 1187 1346 καὶ
1237 1287 1416 1362 μοὲτην
1456 1293 1780 1347 πλανᾶσθαι

161 1368 289 1430 “καὶ
331 1377 579 1444 πλανᾶν,
620 1397 783 1431 τουτο
814 1373 918 1448 γὰρ
949 1399 1020 1447 ην
1049 1373 1108 1430 τὸ
1141 1375 1429 1448 συμφέρον
1467 1375 1559 1430 καὶ
1589 1372 1649 1430 τὸ
1679 1377 1782 1447 φέ-

160 1453 398 1531 “ρεσθαι
430 1461 483 1525 ἐξ
527 1461 780 1524 ἐναντίας
820 1476 954 1514 πασι
994 1471 1107 1525 τοῖς
1147 1465 1367 1531 ε’θνεσι,
1410 1459 1502 1514 καὶ
1532 1456 1590 1515 τὸ
1621 1468 1776 1525 θεοῖς
1802 1486 1844 1518 15

161 1538 299 1615 “μὲν
328 1555 442 1608 τοῖς
475 1544 536 1610 ἐξ
561 1546 762 1610 αἰῶνος
785 1540 934 1616 παρὰ
957 1548 1127 1600 πᾶσιν
1152 1539 1591 1616 ὡμολογημένοις
1621 1550 1780 1600 πολε-

77 1643 142 1685 17⁵]
161 1622 351 1700 “μεῖν,
384 1625 481 1684 τὸν
514 1625 565 1683 δ’
602 1623 705 1684 ὑπ’
738 1623 1054 1700 ὀφθαλμοῖς
1095 1623 1253 1700 ἡμῶν
1293 1625 1478 1686 αὐτῶν
1511 1625 1779 1684 διδάσκα-

157 1706 294 1769 “stov
325 1704 465 1769 θεὸν
497 1710 671 1783 εἶναι,
703 1714 795 1768 καὶ
824 1718 965 1770 θεοῦ
989 1717 1162 1769 παῖδα
1186 1711 1504 1786 κηρύττειν,
1536 1709 1679 1785 ὑπὲρ
1710 1703 1780 1768 οὗ

156 1792 287 1853 “nal
319 1793 519 1863 αὐτοὺς
557 1794 829 1868 θνήσκειν
872 1798 1122 1869 ἑτοίμους
1157 1796 1326 1867 εἶναι,
1366 1795 1542 1868 μηδεν
1571 1793 1778 1868 ἄληθες

119 1899 137 1930 b
156 1875 347 1982 εζ’·παρ
363 1877 535 1938 αυτοῦ
569 1877 704 1954 μηδ’
737 1879 1017 1953 ὠφέλιμον
1046 1878 1446 1953 μεμαθηκότας.
1486 1883 1576 1937 58.
1601 1878 1775 1954 ταύτῃ
1797 1908 1841 1941 20

156 1962 249 2020 “’6
284 1957 387 2022 οὖν
427 1966 518 2023 καὶ
563 1968 773 2038 μᾶλλον
801 1967 1058 2037 τιμητέον
1088 1962 1284 2036 αυτὸν,
1329 1969 1379 2021 εἰ
1415 1964 1592 2037 μηδεν
1632 1962 1775 2038 ἡμᾶς

154 2045 441 2150 ἱζώνησεν,
473 2072 654 2106 παντα
683 2071 743 2105 τε
768 2050 856 2104 ε’πὶ
878 2053 954 2123 τῷ
980 2046 1207 2116 δοξασαι
1239 2047 1409 2106 αὐτοῦ
1439 2046 1542 2121 τὴν
1571 2067 1774 2123 προση-

154 2127 389 2205 “γορίαν
433 2135 718 2204 ποιητέον,
770 2134 863 2188 καὶ
913 2150 1091 2200 πασας
1139 2130 1328 2206 ὕβρεις
1369 2136 1460 2190 καὶ
1511 2139 1774 2234 τιμωρίας

153 2211 591 2290 ““ὑπομενετέον,
623 2215 802 2273 πάντα
825 2239 884 2273 τε
919 2215 1127 2290 τρόπον
1157 2216 1493 2275 ἀναδεκτέον
1521 2215 1774 2274 θανατου

191 2323 334 2373 υπερ
374 2300 611 2374 μηδενὸς
652 2297 913 2373 αληθους.
988 2300 1158 2358 κακὸν
1199 2301 1301 2375 γὰρ
1345 2311 1475 2368 ἴσως
1514 2299 1771 2373 ἀλήθεια,
1795 2326 1837 2360 25

153 2383 252 2442 “16
298 2386 358 2442 δὲ
399 2390 605 2451 ψεῦδος
646 2390 754 2458 ἔχει
799 2388 898 2442 τοῦ
928 2388 1101 2442 κακοῦ
1131 2383 1191 2442 τὸ
1235 2389 1503 2444 ἐναντίον.
1565 2388 1648 2441 59.
1684 2386 1769 2442 διὸ

153 2466 439 2542 τελέγωμεν
469 2468 552 2527 ὅτι
583 2472 674 2526 καὶ
706 2469 937 2544 νεκροὺς
967 2467 1220 2542 ἤγειρεν,
1251 2471 1343 2526 καὶ
1375 2468 1611 2542 λεπροὺς
1645 2471 1773 2526 ἐκα-

154 2549 422 2627 ((θοὲρισε,
454 2556 546 2611 καὶ
578 2559 844 2628 δαίμονας
875 2554 1074 2627 ἤλασε,
1114 2555 1205 2610 καὶ
1239 2557 1351 2610 τῶν
1381 2551 1567 2611 ἄλλων
1597 2575 1770 2629 παρα-

151 2636 370 2706 “δόξων
411 2645 590 2713 ἔργων
633 2642 826 2741 γέγονε
866 2637 1120 2712 ποιητὴς,
1164 2639 1338 2710 μηδὲν
1377 2638 1479 2711 μὲν
1519 2640 1770 2696 τοιοῦτον

170 2718 339 2799 αὐτῷ
387 2723 824 2796 συνεγνωκότες,
869 2725 1085 2790 ἑαυτοῖς
1128 2724 1187 2779 δε
1227 2747 1292 2779 τα
1325 2723 1504 2780 πάντα
1535 2720 1766 2779 πλαττό-
1790 2749 1832 2783 30

151 2802 373 2907 :hamma
417 2810 508 2864 καὶ
549 2812 866 2874 πλανῶντες
906 2832 1007 2881 μεν
1045 2831 1141 2873 ους
1184 2806 1448 2864 δυνατόν·
1512 2812 1564 2863 εἰ
1603 2807 1663 2863 δε
1693 2805 1767 2879 μὴ

112 2927 127 2948 c
154 2885 441 2948 “πείθοιτό
492 2917 602 2966 τις,
656 2891 779 2949 ἀλλ’
833 2889 996 2950 αυτοί
1036 2916 1097 2965 γε
1149 2889 1290 2965 ὑπερ
1344 2917 1422 2949 ων
1474 2896 1766 2949 συντεθεί-
