1992 3186
231 99 337 151 472
912 99 1163 141 EUSEBII

235 213 314 274 ῶν
343 216 444 288 μὲν
475 221 539 289 τῇ
570 213 739 288 φύσει
770 218 1044 285 τοιοῦτος,
1093 217 1322 286 κληθεὶς
1362 216 1423 272 δὲ
1454 218 1545 272 καὶ
1575 213 1710 290 παρ’
1743 214 1846 273 ἀν-

234 298 486 373 θρώποις
531 306 830 371 Ναζιραῖος
876 294 983 354 ἀπὸ
1029 303 1124 369 τῆς
1166 299 1459 372 Ναζαρὲθ,
1514 305 1656 357 ἔνθα
1694 298 1846 371 παρα

234 399 346 450 τοῖς
387 382 522 439 κατὰ
563 380 740 455 σάρκα
782 384 1008 454 γονεῦσι
1046 379 1148 453 τὴν
1189 384 1250 439 ἐν
1287 385 1482 440 παισὶν
1522 382 1845 458 ἀνατροφὴν

123 492 208 532 (350)
236 474 444 540 ἔσχηκε.
506 470 589 523 50.
626 466 711 523 διὸ
744 469 992 523 λέλεκται
1015 465 1164 539 παρὰ
1185 469 1264 542 τῷ
1293 472 1574 543 Ματθαίῳ
1597 463 1844 542 “χρημα-

235 552 444 617 τισθεὶς
487 551 547 607 δὲ
587 547 710 607 κατ’
752 548 889 625 ὄναρ
933 549 1131 623 (δῆλον
1171 551 1233 607 δὲ
1271 546 1355 608 ὅτι
1396 546 1425 607 ὁ
1462 547 1686 625 Ἰωσὴφ)
1721 551 1842 609 ἀνε-
1867 575 1890 608 5

236 633 486 707 χώρησεν
519 640 595 700 εἰς
625 633 691 691 τὰ
721 636 858 707 μέρη
881 640 976 707 τῆς
1000 640 1317 707 Γαλιλαίας,
1349 637 1441 692 καὶ
1466 633 1650 692 ἐλθῶν
1672 635 1843 711 κατῶ-

234 737 404 791 κησεν
437 725 514 785 εἰς
554 717 718 776 πόλιν
759 721 1063 791 λεγομένην
1094 717 1351 793 Ναζαρὰ,
1394 717 1541 785 ὅπως
1571 725 1844 793 πληρωθῇ

235 801 293 859 τὸ
326 803 502 878 ῥηθὲν
533 802 625 860 διὰ
654 806 767 860 τῶν
797 807 1125 878 προφητῶν,
1165 800 1248 860 ὅτι
1280 810 1604 878 Ναζωραῖος
1634 804 1848 876 κληθή-

236 905 403 944 σεται.
419 883 448 905 ”
502 890 585 944 51.
620 892 734 944 ἔδει
756 887 859 960 μὲν
888 886 991 959 γαρ
1023 884 1198 944 αὐτὸν
1222 890 1276 955 ἐξ,
1301 885 1541 953 ἅπαντος
1563 885 1732 960 φύσει
1756 889 1848 944 καὶ

236 969 477 1046 ἀληθεία
507 978 791 1045 ναζιραῖον
821 969 983 1041 ὅντα,
1031 969 1178 1027 τοῦτ’
1217 977 1366 1028 ἔστιν
1405 969 1566 1044 ἅγιον
1595 973 1686 1028 καὶ
1717 968 1848 1029 ἅθι-
1871 995 1914 1027 10

237 1078 367 1112 κτον
390 1057 482 1111 καὶ
506 1053 914 1129 ἀφωρισμένον,
948 1058 1001 1122 ἐξ
1032 1051 1351 1127 ἀνθρώπων
1376 1058 1653 1127 κληθῆναι
1674 1053 1848 1129 ταύτῃ

238 1142 302 1212 τῇ
343 1145 709 1215 προσηγορία·
767 1137 886 1195 ἀλλ’
934 1140 1051 1196 ἐπεὶ
1093 1139 1168 1212 μὴ
1210 1141 1269 1196 ἐκ
1319 1145 1416 1196 τοῦ
1456 1139 1616 1214 ναζὲρ
1660 1142 1848 1196 ἐλαίου

239 1221 438 1295 ταύτης
484 1229 642 1295 ἔτυχε
681 1226 777 1295 τῆς
816 1229 1214 1296 προσηγορίας,
1255 1221 1329 1296 μὴ
1373 1225 1597 1294 δεηθεὶς
1627 1221 1847 1296 ἀνθρω-

190 1331 212 1362 b
240 1314 406 1363 πίνου
437 1313 750 1379 χρίσματος,
785 1310 844 1363 ἐκ
867 1310 963 1364 τοῦ
987 1307 1159 1364 τόπου
1189 1310 1284 1380 τῆς
1297 1307 1561 1382 Ναζαρὲθ
1583 1306 1686 1378 τὴν
1711 1308 1848 1363 ἐπω-

245 1397 448 1463 νυμίαν
480 1389 756 1462 ἐκτήσατο.
1873 1415 1914 1447 15

366 1477 449 1531 52.
493 1471 716 1531 Τούτων
755 1470 928 1540 οὕτως
969 1472 1455 1547 ἀποδεδειγμένων
1505 1471 1692 1547 καιρὸς
1736 1477 1849 1531 ἐπι-

239 1560 553 1624 σκέψασθαι
577 1560 669 1615 aaz
689 1561 741 1626 ἐξ
757 1558 952 1615 ὁποίου
976 1559 1191 1630 γένους,
1216 1561 1270 1626 ἐξ
1291 1556 1485 1625 ὁποίας
1505 1582 1563 1616 τε
1578 1556 1851 1632 Ἑβραίων

239 1646 421 1714 φυλῆς
451 1641 479 1698 ὁ
503 1641 685 1716 σωτὴρ
701 1648 812 1699 τῶν
829 1647 1025 1715 ψυχῶν
1048 1639 1225 1716 ἡμῶν,
1256 1639 1531 1716 ὁΧριστός
1560 1646 1659 1700 τοῦ
1690 1645 1849 1715 θεοῦ,

239 1724 684 1795 προελεύσεσθαι
727 1724 1063 1801 ἐκηρύττετο.
1137 1725 1356 1799 πρώτας
1399 1727 1459 1783 δὲ
1497 1725 1594 1792 τοὶς
1626 1724 1850 1797 εὐαγγε-

240 1807 433 1875 λικας
419 1811 510 1867 καὶ
534 1812 662 1884 περὶ
685 1809 884 1867 τούτου
906 1809 1304 1883 παραθήσομαι
1321 1812 1510 1881 λέξεις,
1530 1807 1637 1866 εἷθ’
1663 1806 1848 1882 ῶσπερ
1872 1833 1915 1866 20

239 1889 540 1966 αρμονίους
565 1899 878 1967 σφραγῖδας
900 1917 993 1960 τας
1014 1892 1369 1978 προφητικάς
1381 1891 1574 1959 αὐταῖς
1599 1891 1849 1964 ἐπιθήσω

239 1983 559 2051 μαρτυρίας.
638 1976 666 2034 ὁ
706 2001 810 2050 μεν
848 1978 951 2033 οῦν
989 1985 1286 2042 Ματθαῖος
1327 1969 1436 2033 ῶδε
1475 1975 1571 2034 τὸν
1611 1974 1852 2049 Χριστὸν

241 2083 378 2116 κατα
410 2078 587 2132 σαρκα
616 2055 970 2132 γενεαλογεῖ”
975 2058 1198 2132 ’Βίβλος
1228 2061 1495 2133 γενέσεως
1520 2057 1699 2133 Ἰησοῦ
1714 2068 1851 2134 Χρι-

241 2147 403 2215 στοῦ,
435 2148 563 2200 υίοῦ
593 2147 810 2217 Δαβὶδ,
842 2146 971 2201 υιοῦ
996 2141 1255 2218 Ἀβρααμ.
1313 2140 1556 2218 Ἀβρααμ
1589 2145 1850 2215 ἐγέννησε

190 2261 207 2283 c
243 2225 338 2284 τὸν
360 2227 570 2299 Ἰσαὰκ,
597 2225 776 2286 Ἰσαάκ
809 2229 868 2284 δὲ
900 2231 1161 2301 ἐγέννησε
1190 2226 1286 2285 τὸν
1307 2225 1529 2300 Ἰακῶβ,
1562 2225 1756 2298 Ἰακῶβ
1789 2228 1850 2284 δὲ
1871 2251 1916 2284 25

242 2313 504 2385 ἐγέννησε
542 2311 640 2369 τὸν
672 2308 929 2369 Ἰούδαν”
963 2314 1055 2369 καὶ
1095 2315 1159 2369 τὰ
1194 2314 1334 2384 ἑξῆς.
1404 2315 1488 2368 53.
1523 2309 1755 2385 συνᾴδει
1788 2311 1849 2367 δὲ

242 2392 391 2474 αὐτῷ
432 2398 524 2453 καὶ
563 2394 592 2453 ὁ
633 2393 936 2463 ἀπόστολος
975 2398 1152 2469 λέγων
1173 2394 1538 2468 “οἰφωρίσθαι
1580 2400 1656 2460 εἰς
1689 2391 1850 2467 εὐαγ-

242 2482 428 2551 γέλιον
456 2484 596 2538 θεοῦ
627 2476 657 2537 ὃ
680 2486 1151 2553 προεπηγγείλατο
1178 2477 1270 2536 διὰ
1293 2483 1405 2537 τῶν
1428 2483 1729 2553 προφητῶν
1753 2476 1850 2536 αὖ·

242 2567 338 2620 τοῦ
371 2567 432 2620 ἐν
462 2579 703 2637 γραφαῖς
734 2560 914 2636 ἁγίαις
938 2566 1064 2637 περὶ
1093 2567 1191 2621 τοῦ
1214 2567 1345 2621 υἱοῦ
1368 2560 1540 2620 αὐτοῦ
1569 2567 1667 2620 τοῦ
1689 2584 1850 2634 γενο-

241 2649 413 2717 μένου
468 2651 527 2704 ἐκ
577 2650 885 2720 σπέρματος
926 2649 1114 2720 Δαβὶδ
1163 2647 1300 2705 κατὰ
1353 2646 1543 2720 σάρκα.
1634 2648 1846 2718 γένοιτο
1869 2670 1915 2702 30

354 2840 380 2877 4
410 2838 576 2879 Matth.
600 2841 640 2892 2,
663 2842 731 2880 22.
931 2842 985 2881 23
1015 2840 1179 2883 Matth.
1205 2841 1242 2888 l,
1267 2841 1303 2879 1.
1504 2840 1556 2880 27
1587 2837 1717 2881 Rom.
1744 2839 1781 2887 1,
1807 2838 1845 2877 1.
