1992 3186
569 131 876 175 DEMONST.
899 133 1124 176 EVANG.
1156 135 1212 176 V.
1243 135 1312 174 29.
1345 135 1412 175 30.
1669 131 1773 183 349

164 248 461 322 ἐκτήσαντο
492 253 550 305 οἱ
576 250 806 321 πατέρες
835 243 991 321 ἡμῶν
1023 253 1243 320 εἴδωλα,
1275 249 1368 304 καὶ
1398 245 1500 304 οὐκ
1531 252 1681 304 ἔστιν
1714 251 1772 303 ἐν

163 331 352 399 αὐτοῖς
392 330 644 405 ῶφέλεια.
718 338 767 388 εἰ
804 331 1020 404 ποιήσει
1060 331 1207 408 αὑτῷ
1250 329 1550 404 ἅνθρωπος
1580 329 1771 403 θεοὺς,

163 420 255 475 καὶ
285 409 436 474 οὗτοι
465 415 569 474 οὐκ
600 418 706 473 εἰσὶ
736 418 889 488 θεοὶ,
924 414 1015 472 διά
1044 421 1205 473 τοῦτο
1238 413 1361 473 ἰδοῦ
1402 413 1507 488 ἐγῶ
1542 414 1772 488 δηλῶσω

164 499 352 569 αὐτοῖς
385 504 443 558 ἐν
473 505 548 578 τῷ
573 503 748 576 καιρῷ
769 499 944 577 τούτῳ
967 498 1068 573 τὴν
1091 497 1246 574 χεῑρά
1275 524 1401 573 μου,
1433 501 1524 556 καὶ
1550 502 1774 574 γνωριῶ
1796 523 1884 563 (255)

122 610 143 642 5
166 583 352 654 αὐτοῖς
381 585 483 658 τὴν
516 583 760 658 δύναμίν
790 609 925 658 μου,
958 586 1049 642 καὶ
1078 582 1390 657 γνώσονται
1419 581 1502 641 ὅτι
1534 583 1640 656 έγῶ
1672 582 1770 640 κύ·
1800 606 1887 648 [1591

166 667 317 742 ngf

291 758 339 812 2.
372 751 581 826 Κύριος
609 754 775 829 ἑτέρω
802 750 1018 825 εὔχεται
1042 758 1238 828 κυρίω,
1269 755 1346 828 τῷ
1368 753 1533 825 πατρὶ
1561 749 1774 824 δηλαδὴ

164 841 256 894 καὶ
296 841 415 915 θεῷ
456 842 568 895 τῶν
611 835 785 908 ὅλων,
840 840 901 893 ἐν
941 833 1022 902 οἷς
1070 834 1371 909 ἀρχόμενος
1410 854 1546 909 φησι
1594 834 1774 910 κύριε

166 920 323 995 ἰσχύς
362 919 505 994 μου”
541 922 634 977 καὶ
674 919 739 976 τὰ
782 922 919 991 ἑξῆς.
990 926 1182 992 σαφῶς
1215 920 1276 977 δὲ
1306 917 1406 992 τὴν
1445 921 1556 978 τῶν
1591 922 1776 978 ἐθνῶν

101 1031 142 1062 10
166 1009 225 1063 ἐκ
254 1008 351 1078 τῆς
390 1007 779 1071 πολυπλανοῦς
821 1009 1244 1077 εἰδωλολατρίας
1289 1006 1377 1060 ἐπὶ
1416 1001 1520 1078 τὴν
1561 1010 1639 1071 εἰς
1679 1002 1777 1061 τὸν

164 1089 304 1147 θεὸν
335 1087 627 1160 εὐσέβειαν
656 1085 971 1162 μεταβολὴν
999 1095 1265 1157 θεσπίζει.
1338 1089 1430 1144 καὶ
1469 1086 1609 1160 αὕτη
1652 1089 1711 1144 δὲ
1742 1086 1775 1159 ἡ

164 1178 472 1248 προφητεία
494 1171 631 1246 μετὰ
659 1170 761 1245 τὴν
786 1178 862 1238 εἰς
878 1170 1215 1246 ἀνθρώπους
1239 1176 1336 1228 τοῦ
1360 1174 1611 1246 σωτῆρος
1621 1169 1778 1244 ἡμῶν

159 1256 342 1330 Ἰησοῦ
372 1259 617 1332 Χριστοῦ
639 1263 954 1330 παρουσίαν
980 1258 1349 1331 ἐναργέστατα
1374 1260 1655 1314 δείκνυται
1678 1277 1778 1312 πε-

167 1344 514 1413 πληρωμένη.

105 1450 144 1481 15
294 1429 341 1482 3.
395 1421 558 1482 Ἀλλά
607 1422 714 1497 γὰρ
772 1421 847 1480 δι’
902 1421 1049 1481 ὅλων
1088 1422 1382 1499 τριάκοντα
1421 1429 1781 1498 προφητικῶν

167 1513 487 1580 κεφαλαίων
518 1507 783 1582 δεύτερον
812 1507 952 1565 θεὸν
981 1506 1115 1580 μετὰ
1145 1506 1242 1565 τὸν
1271 1506 1533 1565 ἀνωτάτω
1566 1510 1657 1564 καὶ
1691 1510 1780 1564 ἐπὶ

167 1596 302 1650 πᾶσι
331 1590 430 1649 τὸν
460 1595 682 1666 σωτῆρα
713 1594 805 1649 καὶ
836 1590 1033 1666 κύριον
1072 1590 1230 1665 ἡμῶν
1259 1591 1354 1649 τὸν
1383 1594 1483 1648 τοῦ
1510 1594 1654 1648 θεοῦ
1683 1589 1777 1647 λό-
1806 1614 1828 1645 1>

167 1700 269 1748 γον
310 1676 453 1733 εἶναι
490 1674 872 1750 μεμαθηκότες
922 1674 1011 1747 ἐφ’
1062 1678 1257 1749 ἑτέραν
1295 1681 1391 1747 τῆς
1430 1673 1567 1732 κατά
1610 1673 1781 1732 αὐτὸν

168 1766 484 1833 οἰκονομίας
523 1757 799 1818 ὑπόθεσιν
836 1758 1294 1833 μεταβησόμεθα,
1336 1757 1507 1816 αὐτὸν
1551 1761 1619 1831 δὴ
1658 1762 1781 1815 τοῦ·

105 1870 146 1902 20
169 1868 266 1902 τον
294 1843 434 1902 θεὸν
466 1850 544 1910 εἰς
574 1841 911 1919 ἀνθρώπους
943 1842 1266 1901 ἐλεύσεσθαι
1303 1849 1424 1901 δεῖν
1447 1846 1507 1900 ἐκ
1536 1845 1647 1917 τῶν
1678 1841 1780 1899 αὐ-

168 1934 280 1986 τῶν
310 1928 458 2004 παρὰ
482 1924 755 2003 Ἑβραίοις
788 1931 956 2002 ἱερῶν
986 1934 1200 2000 βίβλων
1230 1926 1614 1999 συστήσοντες.

724 2427 981 2469 BIBAION
1011 2427 1237 2469 EKTON.

303 2514 340 2571 Ι.
377 2518 586 2588 Σαφῶς
620 2518 680 2572 ἐν
708 2521 785 2592 τῷ
816 2517 1046 2591 πέμπτῳ
1071 2513 1455 2588 συγγράμματι
1484 2519 1579 2585 τῆς
1604 2509 1784 2585 Εὐαγ-
1804 2534 1895 2574 (257)

177 2600 397 2668 γελικῆς
418 2596 777 2667 Ἀποδείξεως
819 2596 1128 2674 ῶρισμένου
1167 2601 1266 2655 τοῦ
1295 2600 1422 2670 περὶ
1461 2596 1664 2671 πατρὸς
1695 2599 1785 2654 καὶ

116 2706 158 2739 25
180 2683 311 2737 υἱοῦ
340 2679 535 2754 λόγου,
566 2685 658 2740 καὶ
689 2687 832 2741 θεοῦ
859 2683 964 2757 μὲν
993 2681 1116 2750 ἑνὸς
1144 2685 1243 2740 τοῦ
1272 2684 1359 2738 ἐπὶ
1391 2679 1616 2739 πάντων
1647 2677 1785 2755 “55⁴0-

179 2765 515 2837 λογημένου,
569 2769 830 2842 δευτέρας
884 2767 945 2824 δὲ
987 2765 1104 2840 μετ’
1151 2765 1322 2824 αὐτὸν
1359 2762 1786 2840 ἀποδειχθείσης

181 2845 371 2915 οὐσίας
401 2846 709 2923 ἡγουμένης
730 2854 842 2908 τῶν
864 2854 1150 2924 γεννητῶν
1168 2847 1447 2925 ἀπάντων,
1480 2849 1551 2924 ἣν
1582 2857 1787 2924 σοφίαν
