1946 3158
27 298 140 426 2,-

653 707 1199 784 PRAEFATIO.

262 960 495 1006 Absolutis
543 959 909 1019 Praeparationis
955 958 1247 1018 Evangelicae
1301 957 1429 1005 libris
1475 961 1731 1020 quindecim

122 1030 342 1077 Eusebius
379 1029 571 1091 amplius
607 1029 898 1075 scribendum
935 1030 1137 1089 suscepit
1163 1030 1567 1076 Demonstrationis
1591 1031 1732 1076 Evan-

122 1102 293 1162 gelicae
320 1099 494 1162 opus*)
521 1114 545 1145 e
570 1099 698 1145 libris
732 1100 891 1160 viginti
928 1103 1256 1160 compositum,
1293 1100 1457 1160 quibus
1494 1101 1731 1162 religionis

121 1172 403 1218 Christianae
437 1172 675 1217 veritatem
711 1171 914 1217 collectis
950 1185 975 1216 e
1019 1171 1164 1216 literis
1201 1170 1340 1216 sacris
1381 1179 1428 1216 et
1462 1173 1603 1218 veteri
1640 1186 1732 1217 ma·

119 1245 235 1288 xime
261 1243 548 1288 Testamento
585 1241 640 1287 (le
675 1240 854 1286 Christo
890 1243 1109 1287 vaticiniis
1146 1248 1190 1286 et
1227 1241 1499 1287 testimoniis
1535 1242 1730 1303 probare

122 1313 309 1358 studuit.
371 1313 464 1358 Hos
489 1311 632 1358 libros
659 1313 780 1357 omni
808 1326 860 1357 ex
886 1319 1015 1372 parte
1041 1313 1247 1371 integros
1272 1311 1388 1372 legit
1414 1312 1729 1373 Hieronymus,

122 1382 199 1442 qui
226 1396 305 1428 eos
333 1389 552 1428 memorat
576 1381 778 1442 Catalogi
816 1397 854 1428 c.
883 1382 967 1429 81.
1013 1382 1270 1442 librumque
1297 1382 1728 1443 duodevigesimum,

122 1467 164 1497 in
202 1466 293 1513 quo
331 1452 553 1498 Eusebius
589 1453 644 1498 (le
683 1452 825 1498 Hosea
865 1452 1091 1512 propheta
1127 1452 1460 1513 disputaverat,
1498 1454 1651 1499 laudat
1686 1456 1730 1499 in

120 1523 402 1583 praefatione
429 1523 481 1568 ad
507 1522 700 1568 Hoseam
719 1557 730 1573 ,
770 1523 976 1583 legitque
1014 1526 1215 1582 scriptor
1242 1525 1554 1569 commentarii
1581 1525 1626 1569 in
1651 1525 1731 1569 Da-

119 1593 308 1643 nielem,
347 1594 425 1654 qui
453 1593 555 1638 libri
585 1594 730 1653 quinti
757 1593 917 1638 decimi
945 1593 1249 1653 fragmentum
1276 1595 1492 1644 servavit,
1531 1594 1650 1654 quod
1679 1609 1732 1639 ex

119 1664 271 1710 codice
299 1663 509 1709 Vaticano
548 1663 686 1708 edidit
711 1667 761 1708 A.
799 1663 939 1708 Maius
976 1663 1020 1707 in
1058 1663 1340 1723 Scriptorum
1379 1670 1580 1710 veterum
1617 1679 1729 1709 nova

121 1733 390 1780 collectione
426 1734 551 1779 Tom.
581 1734 611 1778 I.
639 1740 756 1793 part.
794 1733 840 1778 2.
868 1748 911 1793 p.
944 1733 1043 1780 173
1081 1734 1326 1794 repetitum
1364 1735 1410 1778 in
1445 1741 1603 1780 nostra
1638 1735 1730 1779 edi-

120 1806 242 1850 tione
280 1819 323 1865 p.
363 1803 658 1851 689—691.
717 1804 908 1850 Eosdem
952 1802 1096 1848 libros
1132 1803 1292 1864 viginti
1330 1806 1536 1864 integros
1573 1804 1731 1850 babuit

118 1874 330 1926 Photius,
381 1874 638 1936 patriarcha
683 1873 1238 1934 Constantinopolitanus,
1284 1876 1359 1934 qui
1407 1873 1562 1920 seculo
1607 1889 1728 1920 nono

118 1945 251 1996 vixit,
296 1958 547 2004 eorumque
583 1945 774 1990 indicem
811 1946 853 1990 in
892 1935 1245 2021 Βιβλιοθήκην
1280 1945 1334 1990 ab
1373 1958 1420 1991 se
1454 1943 1728 2023 descriptam

121 2017 295 2092 recepit
322 2015 420 2061 cod.
445 2015 525 2062 10.
547 2030 590 2075 p.
611 2015 660 2066 4,
689 2015 770 2062 28.
826 2005 1149 2076 Ἀνεγνώσθη
1176 2007 1425 2075 Εὖσεβίου
1452 2005 1483 2073 ἡ
1509 2003 1730 2076 Εὗαγγε-

118 2074 231 2143 λικὴ
262 2073 537 2141 Ἀπόδειξις
572 2080 624 2131 ἐν
644 2081 862 2146 βιβλίοις
885 2077 944 2132 κ’.
1020 2086 1163 2132 Hodie
1199 2100 1304 2131 vero
1343 2086 1524 2132 dimidia
1555 2094 1726 2132 tantum

118 2156 271 2236 operis
297 2171 418 2216 pars,
446 2158 637 2202 servatis
663 2156 792 2201 libris
818 2156 973 2202 decem
1000 2156 1251 2217 prioribus,
1279 2163 1504 2217 superest,
1531 2171 1727 2217 perpau-

119 2228 183 2272 cis
219 2227 273 2272 ad
309 2240 394 2272 nos
430 2235 679 2287 propagata
707 2226 966 2278 codicibus,
1006 2228 1083 2288 qui
1114 2233 1202 2272 tam
1228 2226 1387 2273 leviter
1415 2226 1535 2272 inter
1562 2241 1610 2273 se
1636 2227 1729 2272 dis-

118 2297 322 2343 sentiunt
369 2304 420 2342 ut
456 2311 613 2343 omnes
650 2311 704 2342 ex
739 2311 829 2343 uno
868 2297 1112 2358 exemplari
1148 2297 1375 2343 derivatos
1411 2311 1513 2343 esse
1556 2304 1726 2361 pateat.

118 2367 330 2413 Codicum
359 2367 436 2427 qui
465 2374 714 2428 supersunt
739 2368 1083 2428 antiquissimus
1110 2374 1181 2414 est
1208 2367 1315 2413 olim
1341 2367 1578 2418 Mediceus‚
1606 2382 1727 2413 nunc

119 2560 121 2563 .
230 2516 268 2568 ⁸)
293 2520 395 2560 Hoc
415 2518 642 2560 Eusebius
672 2519 773 2572 ipse
804 2522 1004 2559 testatur
1032 2520 1251 2583 Praepar.
1273 2519 1452 2570 Evang.
1478 2520 1545 2571 15,
1571 2520 1607 2558 1.
1632 2519 1721 2559 vol.

118 2577 157 2615 2.
182 2588 226 2627 p.
251 2577 349 2641 337,
376 2577 428 2616 19
451 2575 520 2616 ed.
544 2579 745 2627 nostrae,
768 2567 942 2616 τούτου
958 2568 1044 2643 δὴ
1050 2566 1138 2617 οὖν
1162 2569 1248 2616 σύν
1270 2573 1372 2615 θεῶ
1394 2551 1478 2614 διὰ
1500 2550 1585 2627 τῆς
1608 2567 1724 2642 ἄλη

118 2629 264 2678 θείας
272 2625 404 2693 ἡμῖν
425 2607 891 2695 ἑπισφραγισθέντος
911 2645 971 2672 τα
993 2626 1083 2694 μὲν
1106 2629 1197 2699 τῇς
1214 2629 1629 2700 Προπαρασκευῆς
1649 2623 1725 2671 ἕν-

118 2681 283 2728 vacavi
302 2700 384 2740 μοι
403 2681 838 2752 περιγραφήσεται,
862 2680 1074 2753 μεταβὰς
1098 2683 1152 2728 δὲ
1176 2681 1254 2728 ἐπὶ
1277 2681 1365 2752 τὴν
1387 2682 1722 2739 ἐντελεστέραν

118 2735 358 2785 ὑπόθεσιν
382 2742 480 2809 τῆς
518 2719 848 2798 Εὐαγγελικῆς
871 2737 1184 2807 Ἀποὸείξεως
1214 2735 1309 2785 ἀπὸ
1349 2743 1433 2785 τοῦ
1473 2742 1722 2790 λείποντος

119 2798 203 2863 τῆς
225 2791 343 2841 καθ’
367 2793 503 2863 ἡμῶγ
523 2800 812 2855 κατηγορίας
842 2796 1108 2854 σκέμματος
1130 2795 1218 2853 τήν
1241 2793 1485 2854 καταρχὴν
1507 2797 1590 2853 τῆς
1614 2798 1722 2840 δευ-

120 2868 258 2907 τερας
280 2849 562 2910 ἔπισυναψω
582 2855 928 2910 πραγματειᾛας

1407 2955 1469 3002 a*
