1946 3158
539 119 846 161 DEMONST.
878 118 1098 162 EVANG.
1132 119 1216 159 111.
1246 119 1286 159 6.
1643 117 1743 168 199

181 233 192 251 ἱ
507 240 519 257 p
678 231 705 250 ΙΙ
894 231 916 248 Ἰ
1183 236 1194 255 2
1248 231 1261 249 Ι
1334 229 1365 251 Ν
1386 239 1404 255 ,ι
1556 240 1569 256 p
1625 231 1638 251 (⁴

131 259 234 307 την
273 252 620 309 παρουσιαν,
671 241 834 299 αλλος
883 241 1125 290 αλλοθεν
1168 240 1298 304 εβοα
1375 257 1468 304 εα,
1511 256 1564 289 τι
1609 247 1744 306 ημῖν
1770 258 1790 289 ι)

131 321 223 376 καὶ
254 320 368 391 σοὶ,
394 317 602 391 Ἰησοῦ,
635 318 727 374 υἱὲ
757 322 854 374 τοῦ
884 323 1055 387 θεοῦ;
1087 319 1257 390 ἦλθες
1289 316 1394 390 πρὸ
1418 321 1614 389 καιροῦ
1646 324 1742 389 βα-

131 408 354 460 σανίσαι
393 399 599 476 ἡμᾶς;”
633 398 774 476 ἀνὴρ
808 400 857 458 δ’
894 398 1034 468 ὅλως
1067 407 1289 477 γοητεία
1328 403 1616 476 προσέχων
1647 401 1744 458 τὸν

130 493 299 560 νοῦν,
346 489 437 544 καὶ
483 485 702 553 πάντως
747 489 814 558 γε’
848 507 957 543 που
997 484 1384 559 ἀπειρημένοις
1425 485 1743 561 πράγμασιν
1781 507 1786 511 “

86 595 109 628 5
134 574 425 644 ἐγχειρῶν,
459 568 549 645 ἆρ’
583 569 685 628 οὐκ
715 566 784 627 ἂν
817 580 900 642 εἴη
935 575 1097 644 δῆλος
1129 567 1348 637 ἀνόσιος
1381 565 1460 628 ὧν
1489 568 1586 627 τὸν
1616 569 1744 645 τρό-

130 678 265 727 πον,
313 658 405 712 καὶ
448 654 641 728 μιαρὸς
687 657 778 711 καὶ
824 653 1045 755 αἰσχρὸς
1091 657 1183 711 καὶ
1222 653 1389 721 ἄθεος
1429 657 1521 711 καὶ
1552 653 1742 720 ἄδικος

131 742 224 796 καὶ
263 736 494 812 άσεβής;
541 744 785 804 τοιοῦτος
837 739 898 795 δὲ
938 734 1018 796 ὧν
1055 737 1237 795 πόθεν
1277 735 1311 810 ἢ
1351 744 1466 805 πῶς
1506 736 1571 795 τά
1614 742 1740 812 περὶ

134 821 419 897 εὐσεβείας
452 820 778 892 διδάξειεν
756 822 826 880 οὶν
857 824 1103 894 ετέρους,
1136 817 1170 894 ἢ
1201 847 1267 878 τα
1298 825 1426 896 περὶ
1450 822 1742 896 σωφροσύ-

129 932 258 980 νης,
290 903 325 980 ἦ
355 907 420 965 τὰ
451 911 578 982 περὶ
616 910 758 965 θεοῦ
786 905 1043 1015 γνωσεως
1057 951 1072 978 ,
1113 903 1147 978 ἢ
1177 931 1243 963 τα
1274 908 1401 980 περὶ
1447 912 1742 979 δικαιωτη-

8 1055 18 1066 ρ
66 1017 108 1049 10
132 997 257 1064 ρίου
287 994 380 1049 καὶ
410 998 642 1065 κρίσεως
672 998 769 1048 τοῦ
802 993 891 1048 ἐπὶ
922 990 1147 1048 πάντων
1176 997 1344 1061 θεοῦ;
1377 989 1500 1064 οὐχὶ
1529 990 1743 1048 τούτων

129 1073 394 1134 ἁπάντων
422 1075 487 1134 τὰ
520 1081 744 1134 ἐναντία
775 1074 1101 1149 πρεσβεύει,
1144 1038 1429 1132 ἄκόλούθα
1468 1080 1534 1149 τῇ
1567 1075 1740 1133 αὐτοῦ

130 1167 409 1237 μοχθηρίᾳ
462 1160 744 1235 πράττων,
814 1162 906 1217 καὶ
952 1157 1091 1218 θεὸν
1141 1161 1243 1233 μὲν
1297 1157 1594 1234 ἀρνήσεται
1649 1162 1742 1217 καὶ

130 1249 270 1302 θεοῦ
325 1244 595 1319 πρόνοιαν
634 1248 727 1303 καὶ
770 1249 911 1303 θεοῦ
953 1251 1168 1317 κρίσιν,
1217 1243 1474 1318 χλευάσει
1515 1245 1575 1301 δε
1614 1268 1742 1311 τους

132 1331 260 1399 περὶ
289 1326 486 1402 ἀρετῆς
516 1332 608 1386 καὶ
638 1329 766 1396 τοὺς
799 1332 925 1400 περὶ
957 1333 1136 1402 ψυχῆς
1168 1326 1482 1395 ἀθανασίας
1514 1328 1739 1401 λόγους·
1728 1375 1740 1398 ,

69 1437 111 1469 15
134 1417 215 1470 38.
252 1418 303 1469 εἰ
330 1437 432 1485 μεν
463 1411 532 1484 δὴ
563 1412 786 1470 τοιαῦτά
816 1437 940 1470 τινα
969 1414 1039 1484 ἠν
1060 1418 1203 1470 ἰδεῖν
1227 1417 1319 1470 καὶ
1351 1415 1477 1486 περι
1508 1411 1603 1471 τὸν
1634 1432 1739 1469 σω-

131 1500 268 1569 τῆρα
309 1499 402 1553 καὶ
440 1495 635 1568 κύριον
673 1493 861 1570 ἡμῶν,
902 1494 1073 1553 ούδεν
1111 1494 1181 1554 ἂν
1219 1490 1290 1570 ἦν
1332 1504 1533 1555 εἰπεῖν
1593 1504 1644 1555 εἰ
1685 1497 1735 1552 δ’

134 1578 228 1681 ἐφ’
263 1579 472 1657 ἑκάστῳ
505 1579 783 1654 πράγματι
806 1583 898 1638 καὶ
921 1579 1065 1656 λόγῳ
1095 1579 1193 1638 τὸν
1222 1579 1447 1638 πάντων
1479 1587 1740 1655 δημιουρ·
1766 1605 1789 1636 d

130 1664 233 1737 γὸν
272 1667 482 1738 πατέρα
519 1663 657 1722 θεὸν
696 1663 1141 1737 ἀνακαλούμενος
1182 1662 1608 1737 αποδείκνυται,
1649 1668 1743 1722 καὶ

129 1746 256 1815 τούς
286 1746 546 1822 φοιτητὰς
576 1748 859 1816 τοιούτους
893 1750 1036 1806 εἶναι
1067 1748 1525 1821 παρασκευάζων,
1569 1751 1660 1806 καὶ
1694 1755 1746 1807 εί

64 1856 109 1890 20
133 1831 377 1906 σώφρων
407 1831 570 1899 αὐτὸς
600 1836 692 1890 καὶ
722 1832 1033 1907 σωφρόνων
1050 1832 1231 1905 λόγων
1257 1832 1616 1906 διδάσκαλος,
1649 1836 1741 1890 καὶ

134 1923 183 1974 εἰ
222 1916 446 1990 ποιητὴς
487 1920 578 1975 καὶ
618 1922 790 1991 κῆρυξ
825 1916 1179 1990 δικαιοσύνης
1219 1919 1310 1974 καὶ
1350 1920 1619 1990 ἀληθείας
1649 1920 1743 1975 καὶ

131 2009 558 2074 φιλανθρωπίας
614 2004 704 2059 καὶ
748 1999 944 2076 ἀρετῆς
1000 2000 1219 2074 ἁπάσης
1268 2004 1361 2058 καὶ
1413 2008 1741 2074 θεοσεβείας

134 2085 424 2158 εἰσηγητὴς
469 2090 569 2143 τοῦ
611 2090 997 2160 παμβασιλέως
1042 2089 1209 2157 θεοῦ,
1257 2089 1373 2151 πῶς
1412 2083 1515 2159 οὐχ
1556 2089 1741 2144 ἕπεται

130 2169 341 2237 τούτοις
372 2171 432 2227 τὸ
462 2171 638 2243 μηδὲν
678 2172 781 2244 μὲν
811 2168 1072 2244 ἡγεῖσθαι
1104 2169 1240 2227 κατὰ
1279 2177 1539 2242 γοητείαν
1570 2167 1742 2228 αὐτὸν

66 2276 109 2309 25
132 2257 243 2311 τῶν
273 2253 603 2326 παραδόξων
641 2257 1030 2328 πεποιηκέναι,
1073 2253 1306 2327 δυνάμει
1352 2252 1402 2310 δ’
1448 2251 1740 2330 ἀπορρήτῳ

132 2340 223 2395 καὶ
256 2335 328 2405 ὡς
350 2335 576 2410 άληθῶς
602 2342 780 2416 ἐνθέῳ
805 2347 1230 2413 συνομολογεῑν;
1264 2342 1347 2395 39.
1381 2335 1504 2394 ἀλλ’
1541 2345 1619 2403 είς
1649 2362 1741 2394 το-

132 2426 330 2480 σοῦτον
362 2422 612 2490 ἐλαύνεις
652 2421 919 2496 ἇπηνείας
961 2420 1033 2489 ὡς
1063 2420 1136 2496 μὴ
1177 2430 1456 2494 λογισμοῖς
1488 2421 1740 2494 σώφροσι

133 2504 313 2576 λόγων
351 2530 409 2563 τε
446 2506 755 2584 ἀκολουθίᾳ
785 2511 1079 2582 προσέχειν
1107 2504 1205 2563 τὸν
1244 2510 1411 2578 νοῦν,
1453 2506 1594 2578 μηδὲ
1623 2514 1739 2562 πεί-

133 2598 342 2646 θεσθαι
380 2605 493 2657 τοῖς
534 2591 706 2649 εἰκόσι
744 2599 1083 2666 τεκμηρίοις,
1133 2586 1396 2647 ὑπονοῶν
1444 2588 1580 2663 τάχα
1631 2611 1740 2646 που

67 2695 111 2727 30
136 2671 263 2736 τοὺς
303 2675 560 2744 λέγοντας
597 2673 753 2750 ἡμᾶς.
836 2675 975 2733 ἀλλὰ
1017 2674 1087 2733 σύ
1127 2698 1190 2747 γε
1235 2671 1340 2732 κᾶν
1381 2677 1492 2732 τῶν
1530 2677 1743 2731 σαυτοῦ

250 2867 272 2904 1
305 2866 466 2908 Matth.
489 2869 528 2918 8,
551 2870 620 2910 29.

1773 941 1789 963 C
