1992 3186
558 116 1107 159 DEMONST.EVANG.
1140 118 1219 158 1v.
1254 118 1319 158 16.
1628 115 1729 168 271

125 233 299 306 φησὶν
327 227 764 304 ὑψωθήσεσθαι,
805 229 901 303 τὴν
939 234 998 288 ἐν
1029 229 1179 308 αὐτῷ
1215 229 1469 305 ἀόρατον
1493 231 1733 306 δύναμιν

124 318 216 373 καὶ
239 314 341 388 τὴν
363 321 651 388 βασιλείαν
674 312 853 372 αὐτοῦ
877 321 1077 388 δηλῶν.
1133 323 1260 382 ἔθος
1292 320 1430 389 γοῦν
1453 321 1518 390 τῇ
1542 321 1730 390 γραφῇ

123 400 228 472 τὴν
258 405 549 472 βασιλείαν
579 402 741 472 κέρας
771 397 1077 473 ὀνομάζειν.
1142 415 1315 458 κεῖται
1347 402 1409 458 δὲ
1440 403 1531 458 καὶ
1565 404 1624 458 ἐν
1654 405 1728 477 τῷ
1761 434 1777 456 c

122 483 224 556 πη’
262 487 474 560 Ψαλμςὸ
502 482 715 542 τὸ“καὶ
749 487 808 542 ἐν
838 488 915 560 τῷ
953 483 1186 558 ὀνόματί
1220 509 1327 558 μου
1367 484 1731 558 ὑψωθήσεται

561 567 630 588 -22

79 594 99 626 5
122 566 182 626 τό
213 570 374 643 κέρας
407 567 592 627 αὐτου.

422 749 553 808 Ἀπὸ
584 754 679 823 τῆς
711 749 928 823 πρώτης
959 754 1071 807 τῶν
1100 755 1422 808 Βασιλειῶν.

121 854 328 926 Χριστὸς
359 852 588 923 ονομαστὶ
619 854 754 900 οἷκον
790 853 958 899 πιστὸν
987 853 1117 923 παρὰ
1147 857 1230 900 τοῦ
1268 854 1445 922 πατρὸς
1476 853 1729 925 λαμβάνων

121 911 208 969 τὴν
230 910 488 984 ἐκκλησίαν
512 908 680 962 αὐτοῦ,
703 913 784 956 και
809 910 962 966 ἱερεύς
983 909 1146 962 πιστὸς
1167 909 1326 956 πάντα
1349 909 1431 956 τὸν
1454 911 1623 969 χρόνον
1645 915 1729 970 τῆς

409 965 661 1024 ἐκκλησίας
684 963 831 1012 αυτοῦ
857 972 1056 1025 γνησίως
1078 968 1434 1024 προϊστάμενος.

240 1069 295 1092 (θ’

57 1099 97 1130 10
289 1071 426 1130 Ιδοῦ
457 1071 653 1146 ἡμέραι
686 1079 965 1145 ἔρχονται,
997 1075 1170 1144 λέγει,
1213 1075 1303 1129 καὶ
1351 1072 1726 1147 ἐξολοθρεύσω

117 1155 177 1214 τὸ
209 1159 426 1230 σπέρμα
456 1177 576 1230 σου,
610 1158 702 1213 καὶ
733 1155 792 1213 τὸ
824 1159 1040 1229 σπέρμα
1066 1166 1222 1214 οἴκου
1247 1155 1449 1230 πατρός
1475 1173 1602 1214 σου·
1635 1159 1727 1213 καὶ

118 1239 220 1298 οὐκ
252 1247 402 1298 ἔσται
434 1240 749 1314 πρεσβύτης
784 1245 844 1298 ἐν
873 1245 948 1317 τῷ
981 1250 1114 1318 οἴκῳ
1147 1237 1305 1298 σου.”

245 1328 328 1382 44.
373 1330 555 1382 Ταῦτα
587 1323 723 1398 πρὸς
761 1327 858 1382 τὸν
882 1324 1034 1382 Ἠλεὶ
1065 1323 1247 1398 φήσας
1288 1323 1316 1381 5
1357 1325 1725 1399 χρηματισμὸς
1751 1347 1773 1378 (ι

121 1411 367 1484 ἐπιφέρει
397 1406 530 1482 μεθ’
565 1412 722 1480 ἕτερα
768 1411 946 1480 λέγων
981 1405 1108 1466 ε(καὶ
1160 1406 1454 1482 ἀναστήσω
1511 1412 1728 1486 ἐμαυτῷ

3 1504 5 1506 ’
55 1515 95 1547 15
121 1494 272 1566 ἱερέα
302 1490 523 1565 πιστὸν,
565 1490 623 1559 ὃς
655 1491 834 1549 πάντα
865 1491 930 1549 τοὶ
964 1496 1023 1549 ἐν
1052 1497 1118 1566 τῇ
1150 1499 1353 1569 καρδία
1392 1518 1499 1566 μου
1538 1496 1628 1550 καὶ
1660 1493 1725 1550 τὰ
1751 1517 1842 1559 [122]

119 1580 180 1633 ἐν
210 1580 277 1651 τῇ
306 1580 457 1651 ψυχῇ
484 1601 592 1649 μου
622 1575 859 1649 ποιήσει,
893 1579 982 1633 καὶ
1015 1576 1359 1650 οἰκοδομήσω
1393 1576 1539 1653 αὐτῷ
1572 1577 1726 1634 οἶκον

117 1660 330 1732 πιστὸν,
364 1663 455 1717 καὶ
489 1661 828 1718 διελεύσεται
863 1655 1100 1718 ἐνώπιον
1132 1667 1372 1736 Χριστοῦ
1403 1685 1510 1734 μου
1548 1660 1725 1727 πάσας

115 1738 216 1811 τας
247 1741 510 1817 ἡμέρας.”

243 1833 326 1886 45.
362 1827 721 1886 Μετάστασιν
753 1830 844 1885 καὶ
872 1826 1157 1901 ἀποβολὴν
1183 1826 1481 1902 ἀπειλήσας
1513 1826 1540 1885 5
1572 1839 1725 1895 θεῖος

53 1935 93 1967 20
118 1922 277 1985 λογος
306 1926 420 1979 τοῖς
452 1911 519 1969 οὐ
551 1912 687 1970 κατὰ
716 1911 815 1970 τὸν
844 1911 1021 1986 ὀρθὸν
1051 1911 1258 1986 τρόπον
1291 1916 1724 1986 λειτουργοῦσιν,

116 2000 304 2070 ἕτερον
336 2000 388 2064 ἐξ
422 1999 611 2070 ἑτέρου
650 2000 847 2069 γένους
879 1997 1243 2070 καταστήσειν
1285 1999 1433 2071 ἱερέα
1466 2000 1724 2069 ἐπαγγέλ-

116 2089 295 2152 λεται,
338 2078 404 2138 ὃν
443 2088 542 2138 καί
578 2102 752 2155 φησιν
783 2082 1171 2139 διελεύσεσθαι
1213 2080 1454 2139 ἐνώπιον
1484 2085 1726 2155 Χριστοῦ

115 2163 315 2236 αὐτοῦ,
357 2161 390 2237 ἢ
433 2164 894 2239 ἐμπεριπατήσειν
937 2172 1012 2231 εις
1054 2165 1353 2238 πρόσωπον
1394 2165 1725 2239 ἠλειμμένου

115 2246 314 2322 αὐτοῦ,
349 2245 475 2315 ὡς’
452 2274 479 2306 ο
505 2248 735 2316 Ἀκύλας
766 2247 1143 2323 ἡρμήνευσεν,
1175 2247 1208 2323 ἢ
1241 2275 1312 2318 ως
1343 2248 1372 2306 5
1403 2248 1723 2323 Σύμμαχος,

51 2355 93 2386 25
115 2331 643 2407 ἀναστραφήσεσθαι
706 2340 1026 2406 ἔμπροσθεν
1076 2338 1174 2391 τοῦ
1228 2337 1469 2409 Χριστοῦ
1534 2331 1720 2389 αὐτοῦ.

113 2420 196 2474 46.
230 2426 310 2483 τίς
356 2416 405 2474 δ’
453 2443 524 2474 αν
553 2419 711 2485 οὗτος
746 2427 856 2490 ειἠ;
899 2424 1005 2485 πᾶς
1035 2414 1062 2474 5
1110 2417 1351 2490 εὐσεβῶς
1383 2415 1629 2491 προσιών
1658 2419 1724 2488 τῇ

119 2503 399 2576 ἱερουργία
438 2506 536 2558 τοῦ
569 2508 807 2575 Χριστοῦ
848 2507 946 2558 τοῦ
986 2506 1154 2573 θεοῦ,
1198 2526 1238 2558 ω
1282 2499 1378 2558 τὸν
1408 2505 1503 2571 τῆς
1536 2503 1722 2600 ἐκκλη-

117 2587 238 2646 σίας
269 2585 449 2657 οἶκον,
483 2583 572 2641 οἷα
603 2585 771 2658 σοφὸς
801 2585 1133 2659 ἀρχιτέκτων
1163 2587 1254 2641 καὶ
1287 2582 1591 2656 οἰκοδόμος,
1625 2579 1720 2639 αὖ·
1745 2607 1835 2648 (192)

115 2664 205 2731 τὸς
236 2661 263 2721 5
295 2691 407 2724 των
437 2666 583 2726 ὅλων
613 2670 746 2735 θεὸς
777 2669 1165 2742 οἰκοδομήσειν
1195 2668 1562 2740 ὑπισχνειται,
1595 2664 1717 2724 οὐδ’

235 2860 261 2897 4
291 2860 365 2900 Ps.
389 2859 457 2909 83,
482 2861 548 2898 -24,
725 2863 775 2902 10
810 2865 847 2905 1.
871 2863 981 2915 Περ.
1007 2865 1045 2911 2,
1071 2864 1138 2901 31.
