1992 3186
555 116 868 159 DEMONST.
900 116 1120 161 EVANG.
1152 117 1207 157 x.
1240 119 1282 160 8.
1615 113 1716 164 689

112 240 380 308 τυροῦσαι
420 236 546 306 περὶ
590 236 750 307 ἐμοῦ,
793 230 992 305 ἑκάστη
1036 236 1175 300 λέξει
1222 235 1319 290 τοῦ
1359 234 1590 304 Ψαλμοῦ
1622 230 1718 287 τὸν

112 323 251 378 νοῦν
283 318 633 392 ἐμβαθύνας,
676 315 776 389 τὴν
818 315 1020 390 ἀκριβῆ
1053 317 1306 375 διάνοιαν
1344 318 1618 389 θηρεῦσαι
1648 309 1718 371 ἂν

113 409 207 476 τῆς
242 406 301 461 ἐν
332 416 443 470 τοῖς
476 404 782 475 εἰρημένοις
814 397 1094 473 ἀληθείας.

115 867 492 940 Fraqmenlum
536 865 667 921 le‘bre‘
692 863 833 919 XV·
864 866 1057 920 editum
1089 864 1156 920 ab
1189 863 1251 918 Α.
1283 863 1441 921 Maio
1483 867 1535 920 2'72
1567 863 1722 920 Scri·

72 974 91 1005 5
103 957 328 1027 plorum
358 956 591 1007 velerum
633 970 767 1007 nova
802 949 1120 1006 Collecle‘mze
1159 949 1316 1005 Rom.
1353 953 1503 1006 1825.
1538 951 1637 1006 vol.
1672 949 1719 1006 I.

101 1047 258 1113 part.
290 1042 425 1112 2112.
463 1041 576 1094 173
620 1056 693 1092 er
723 1038 1100 1092 commentario
1130 1036 1209 1091 ad
1237 1036 1519 1091 Danielem
1549 1040 1599 1100 2,
1634 1040 1719 1091 31.

236 1161 563 1236 Ἀναγκαῖον
596 1162 926 1236 ἐλογισάμην
950 1159 1233 1235 Ευσεβίου
1263 1166 1361 1220 τοῦ
1386 1169 1722 1234 Καισαρείας

112 1252 210 1306 τοῦ
242 1252 470 1320 ἐπίκλην
486 1255 790 1320 Παμφίλου
821 1248 1181 1320 παραθέσθαι
1210 1271 1400 1320 φωνας
1433 1249 1722 1320 εἰρημενας

117 1337 175 1390 ἐν
214 1331 687 1390 πεντεκαιδεκατω
729 1331 875 1408 τόμςο
917 1337 1012 1404 τῆς
1055 1331 1436 1404 Εὐαγγελικῆς
1471 1328 1724 1388 Ἀποδεί-

50 1437 91 1468 10
115 1422 272 1485 ξεως·
321 1410 482 1483 οὗτος
512 1415 615 1488 γάρ
646 1419 830 1473 πᾶσαν
866 1418 1162 1488 ἐκθέμενος
1192 1415 1294 1487 τὴν
1322 1413 1519 1486 ὅρασιν
1549 1414 1723 1481 οὕτως

113 1508 255 1601 φησί
281 1498 581 1573 “Ἡγοῦμαι
615 1506 785 1557 ταῦτα
818 1501 992 1603 μηδὲν
1025 1502 1312 1573 διαφέρειν
1340 1504 1434 1570 τῆς
1465 1503 1564 1557 τοῦ
1591 1522 1724 1603 προ-

112 1585 291 1658 φήτου
315 1592 581 1658 &602915‘119
630 1609 702 1652 ως
734 1583 836 1657 γὰρ
867 1583 895 1641 6
926 1583 1211 1657 προφήτης
1252 1583 1546 1641 θαλασσαν
1580 1583 1724 1656 ἑώρα

110 1668 384 1742 μεγάλην,
418 1668 593 1736 οὕτως
616 1667 643 1725 ὁ
669 1668 931 1740 βασιλεὺς
957 1668 1144 1726 εἰκόνα
1167 1667 1406 1740 πολλήν
1440 1670 1532 1725 καὶ
1556 1667 1724 1726 παλιν

113 1777 185 1819 ως
210 1749 238 1810 ὁ
263 1752 548 1827 προφήτης
583 1752 727 1821 ἑώρα
753 1752 811 1810 δ’
835 1760 1028 1827 θηρία,
1061 1775 1201 1825 απερ
1227 1751 1550 1826 ἑρμηνεύων
1573 1757 1724 1826 μετέ-

49 1853 88 1885 15
112 1842 282 1908 βαλεν
323 1844 400 1904 εἰς
442 1837 500 1894 δ’
541 1843 856 1909 βασιλείας,
899 1836 1074 1904 ου’τως
1113 1836 1141 1894 ὁ
1186 1836 1447 1906 βασιλεὺς
1493 1837 1589 1904 τὰς
1634 1835 1725 1895 δια

112 1925 207 1978 τοῦ
234 1925 444 1994 χρυσοῦ
476 1923 567 1978 καὶ
592 1918 842 1994 ἀργύρου
867 1924 960 1978 καὶ
984 1926 1191 1995 χαλκοῦ
1216 1924 1307 1978 καὶ
1339 1919 1571 1993 σιδήρου
1601 1925 1727 1979 τέσ-

113 2023 283 2076 σαρας
315 2012 600 2076 βασιλείας
630 2005 905 2080 ᾐνίττετο·
956 2009 1046 2063 καὶ
1078 1998 1245 2072 αὖθις
1277 2004 1348 2071 ὡς
1378 2004 1406 2062 ὁ
1440 2005 1727 2079 προφήτης

111 2095 223 2146 τῶν
273 2093 373 2146 τοῦ
421 2086 658 2148 ὑστάτου
710 2096 916 2163 θηρίου
968 2089 1215 2164 κεράτων
1269 2093 1400 2147 δέκα
1453 2095 1727 2163 διαίρεσιν

115 2171 291 2245 ἑώρα,
334 2176 424 2230 καὶ
464 2181 588 2246 τριά
620 2178 821 2246 κέρατα
860 2172 959 2247 ὑφ’
999 2174 1122 2242 ἑνὸς
1164 2172 1598 2248 συντριβόμενα,
1633 2177 1725 2231 καὶ

47 2255 139 2313 206
171 2258 430 2327 βασιλεὺς
462 2256 724 2324 ὡσαύτως
757 2261 844 2316 ε’πὶ
875 2263 986 2316 τῶν
1016 2265 1351 2316 τελευταίων
1388 2263 1482 2330 τῆς
1514 2257 1724 2325 εἰκόνος

110 2344 272 2413 μέρος
302 2368 348 2399 τι
383 2347 652 2413 σιδηροῦν
681 2345 772 2400 καὶ
795 2345 958 2415 μέρος
979 2340 1309 2414 ὀστράκινον
1341 2340 1597 2412 ἐθεώρει·
1632 2346 1725 2400 καὶ

116 2427 202 2480 ἐπὶ
235 2424 445 2491 τούτοις
486 2424 558 2491 ὥς
601 2424 630 2482 6
670 2424 953 2499 προφήτης
983 2425 1121 2498 μετὰ
1153 2424 1255 2498 τὴν
1296 2428 1408 2482 τῶν
1438 2424 1727 2499 τεσσάρων

113 2513 410 2580 βασιλειῶν
434 2506 630 2581 ὅρασιν
653 2507 797 2582 ἑώρα
824 2508 948 2566 υίόν
970 2506 1279 2581 ἀνθρώπου
1303 2509 1404 2582 τὴν
1427 2509 1564 2566 κατὰ
1588 2510 1727 2568 πάν·

113 2617 224 2650 των
253 2592 430 2666 ἀρχὴν
460 2595 550 2650 καὶ
585 2595 839 2660 ἐξουσίαν
871 2596 961 2650 καὶ
991 2599 1283 2665 βασιλείαν
1324 2593 1724 2667 παρειληφότα,

50 2692 89 2733 25
115 2675 289 2743 οὕτως
321 2679 410 2734 καὶ
441 2676 470 2734 6
501 2675 763 2750 βασιλευς
795 2683 962 2735 λίθον
992 2684 1361 2749 συντρίβοντα
1405 2678 1507 2751 τὴν
1539 2677 1726 2737 εἰκόνα

116 2763 300 2818 πᾶσαν
354 2763 445 2818 καὶ
498 2759 795 2834 γινόμενον
846 2768 922 2830 εἰς
973 2761 1099 2834 ὅρος
1152 2764 1290 2835 μέγα
1331 2765 1423 2820 καὶ
1474 2766 1725 2836 πληροῦν.

115 2843 407 2904 θάλασσαν
441 2844 618 2903 ε’δόκει
648 2844 810 2919 ὁρᾶν’
859 2848 950 2903 καὶ
982 2845 1229 2914 εἰκότως·
1275 2853 1479 2918 ἔπρεπε
1512 2847 1618 2921 γὰρ
1649 2851 1724 2923 τῷ

202 2953 428 2982 εῦεεΒιῐῖε
463 2955 537 2981 111.
1345 2941 1415 2991 44
