1992 3186
277 100 382 154 490
977 100 1224 142 EUSEBII

277 217 539 283 ἀσύνετος
572 215 756 275 αὐτῶν
786 221 1007 290 καρδία,
1041 214 1113 282 ὥς
1147 215 1435 284 ἐναλλάξαι
1459 216 1560 290 τὴν
1593 215 1758 285 δόξαν
1781 223 1880 275 τοῦ

226 327 247 360 b
275 301 567 375 ἀφθάρτου
606 304 747 358 θεοῦ
790 303 849 357 ἐν
887 299 1187 373 ὁμοιώματι
1228 299 1436 366 εἰκόνος
1481 305 1740 374 φθαρτοῦ
1779 300 1883 359 ἆν-

275 386 509 460 θρώπου
549 387 640 442 καὶ
681 388 936 456 πετηνῶν
977 387 1069 441 καὶ
1098 384 1454 458 τετραπόδων
1493 387 1584 442 καὶ
1616 389 1875 460 ἑρπετῶν.

274 474 487 539 νεκρῶν
528 469 596 541 δὴ
636 461 739 526 οὖν
778 474 897 526 οἵδε
928 468 1152 542 ἀνδρῶν
1186 475 1477 526 δυναστῶν
1514 493 1684 527 τινων
1723 468 1757 543 ἢ
1790 473 1882 527 καὶ

272 554 565 626 τυράννων
616 551 784 610 πάλαι
823 555 1140 626 γενομένων
1186 553 1400 620 εἰκόνας
1451 551 1924 627 ἄνειδωλοποιή-5

274 655 488 710 σαντες,
522 640 614 695 καὶ
645 636 869 703 ταύταις
900 635 959 694 τὸ
992 648 1154 695 θεῖον
1178 636 1546 711 περιάψαντες
1570 640 1754 711 σέβας,
1785 637 1881 706 τάς

272 745 330 780 τε
363 721 625 788 ἐκτόπους
667 725 758 778 καὶ
803 718 1142 788 ἀκολάστους
1185 726 1296 779 τῶν
1337 721 1523 779 αὐτῶν
1555 721 1778 795 πράξεις
1809 721 1882 789 ὡς

272 810 425 864 θεῶν
455 805 857 880 κατορθώματα
888 805 1188 878 σεμνύνειν
1221 805 1609 879 ἐθεολόγησαν.
1683 812 1731 864 9.
1766 811 1883 873 πῶς

273 886 375 948 οὖν
405 905 518 957 τοῖς
548 890 920 964 τυγχάνουσιν
953 894 1011 948 ἐν
1040 889 1264 965 τοιαύτῃ
1288 897 1415 962 βίου
1437 889 1764 948 καταστάσει
1787 889 1883 949 τὸν

274 973 565 1047 πάνσοφον
596 977 687 1032 καὶ
719 973 1030 1048 πανάρετον
1060 978 1157 1031 τοῦ
1188 978 1431 1049 Χριστοῦ
1461 973 1626 1048 λόγον
1669 975 1774 1048 τὴν
1805 981 1882 1042 εἰς
1907 995 1946 1028 10

229 1093 249 1114 c
275 1057 446 1132 ἄκρον
477 1062 915 1131 καταγγέλλοντα
946 1065 1286 1132 φιλοσοφίαν
1315 1074 1427 1125 τοῖς
1459 1083 1515 1116 τε
1549 1063 1609 1116 ἐν
1639 1058 1882 1136 τοσούτῳ

276 1142 443 1215 βάθει
485 1151 678 1210 κακίας
723 1146 1177 1217 καλινδουμένοις
1231 1142 1514 1200 δύνασθαι
1565 1139 1884 1215 ἆρμόττεινς

275 1225 360 1284 διὸ
395 1225 462 1299 δὴ
507 1230 749 1294 ἐκείνους
789 1226 821 1300 ἡ
863 1234 994 1284 θεία
1034 1229 1125 1284 καὶ
1167 1225 1391 1285 πάντων
1423 1234 1619 1299 ἔφορος
1655 1233 1780 1300 δίκη
1813 1225 1886 1294 ῶς

273 1309 474 1384 ἀγρίαν
487 1315 576 1368 καὶ
599 1311 1027 1385 βλαβερωτάτην
1049 1309 1192 1383 ὕλην
1216 1310 1620 1384 περικόπτουσα
1645 1312 1766 1368 τοτὲ
1784 1313 1888 1386 μὲν

276 1403 707 1468 κατακλυσμοῖς,
747 1397 865 1453 τοτὲ
910 1396 970 1452 δὲ
1001 1395 1379 1468 πυρπολήσεσι
1419 1394 1633 1470 μετῄει,
1673 1397 1792 1453 τοτὲ
1825 1397 1885 1453 δὲ
1909 1416 1950 1449 15

277 1477 478 1545 αὐτοὺς
509 1495 622 1546 τοῖς
653 1478 770 1537 κατ’
808 1477 1064 1551 ἀλλήλων
1095 1482 1348 1552 πολέμοις
1373 1477 1797 1552 άνδροκτασίαις
1827 1503 1886 1537 τε

275 1588 333 1621 τε
357 1567 448 1620 καὶ
472 1571 812 1640 πολιορκίαις
837 1563 1159 1636 ἐπαλλήλοις
1183 1570 1490 1636 παρεδίδου
1506 1609 1520 1636 ,
1543 1564 1678 1637 πρὸς
1702 1563 1887 1622 αὐτῶν

276 1651 387 1705 τῶν
429 1647 738 1721 δαιμόνων,
781 1653 891 1705 τῶν
932 1649 999 1721 δὴ
1040 1653 1194 1706 θεῶν
1226 1648 1412 1715 αὐτοῖς
1453 1651 1886 1721 νενομισμένων,

228 1756 251 1788 <1
280 1734 366 1789 ἐπὶ
397 1731 495 1789 τὸν
519 1730 638 1790 κατ’
673 1731 929 1804 ἀλλήλων
949 1732 1190 1805 πόλεμον
1213 1735 1715 1804 ἐξοιστρουμένους,
1749 1731 1886 1789 ὥστε

276 1815 485 1888 ἄβατον
526 1817 668 1874 εἶναι
708 1831 820 1883 τοῖς
860 1816 1258 1889 πλησιοχώροις
1299 1814 1658 1888 άνεπίμικτόν
1695 1840 1754 1872 τε
1795 1819 1886 1872 καὶ
1910 1836 1950 1869 20

278 1898 654 1972 ἀκοινώνητον
667 1899 763 1958 τὸν
775 1899 895 1957 τότε
917 1905 1028 1957 τῶν
1049 1897 1369 1970 ἀνθρώπων
1392 1906 1542 1971 βίον·
1577 1907 1801 1973 βραχεῖς
1826 1905 1889 1957 δέ

277 2008 450 2052 τινας,
484 1983 555 2049 ὡς
581 1988 638 2041 ἐν
658 1982 884 2055 τοιαύτῃ
908 1982 1251 2054 καταστάσει,
1276 1984 1366 2039 καὶ
1384 1982 1605 2060 ἀριθμῷ
1630 1983 1886 2056 ληπτούς,

282 2072 359 2122 10.
395 2060 473 2123 ῶν
494 2067 558 2123 τὰ
582 2065 715 2138 παρ’
744 2063 1012 2139 Ἑβραίοις
1035 2066 1370 2140 μνημονεύει
1394 2066 1569 2139 λόγια,
1601 2076 1888 2140 θεοφιλεῖς

279 2148 549 2223 εὑροῦσα,
583 2150 797 2217 τούτοις
833 2149 924 2207 διὰ
954 2155 1216 2223 χρησμῶν
1247 2153 1338 2207 καὶ
1370 2154 1654 2222 θειοτέρας
1688 2155 1890 2225 ἐπιφα-

279 2240 430 2300 νείας
463 2233 682 2307 ὡμίλει,
727 2236 1048 2308 δεξιουμένη
1079 2233 1206 2300 τούς
1248 2232 1455 2306 ἄνδρας
1487 2237 1578 2291 καὶ
1609 2234 1884 2308 θεραπεύ-
1910 2255 1951 2288 25

280 2337 421 2375 ουσα
451 2317 638 2392 νόμοις
668 2333 781 2385 τοῖς
802 2317 948 2389 παρὰ
968 2321 1215 2384 ΖἉωσέως
1242 2325 1619 2391 εἰσαγωγικοῖς
1643 2321 1734 2375 καὶ
1759 2325 1887 2390 βιω-

282 2405 522 2475 φελέσιν.
588 2408 667 2460 11..
703 2400 828 2460 ἀλλ’
861 2401 950 2460 ὅτε
981 2401 1049 2474 δὴ
1083 2406 1142 2459 ἐκ
1171 2408 1265 2475 τῆς
1295 2402 1506 2469 τούτοις
1541 2408 1888 2475 διαταγείσης

282 2494 615 2559 νομοθεσίας
648 2493 708 2544 ἔκ
738 2511 796 2544 τε
825 2491 936 2544 τῶν
957 2484 1090 2559 μετὰ
1119 2490 1290 2544 ταῦτα
1314 2490 1672 2559 προφητικῶν
1704 2497 1890 2560 μαθη-

283 2569 471 2643 μάτων
503 2577 579 2638 είς
611 2571 817 2638 πάντας
849 2570 1185 2642 ἀνθρώπους
1211 2569 1447 2638 εὐωδίας
1472 2578 1634 2643 δίκην
1664 2582 1888 2644 προχεο-

284 2656 467 2725 μένων
507 2653 615 2728 ἤδη
656 2654 848 2713 λοιπὸν
886 2654 1133 2729 ἡμέρωτο
1175 2659 1288 2711 τῶν
1330 2661 1551 2712 πολλῶν
1579 2653 1644 2711 τὰ
1675 2653 1884 2727 φρονή-
1911 2674 1952 2706 30

172 2764 262 2804 (365)
286 2761 446 2809 ματα,
479 2754 591 2806 τοῖς
622 2763 679 2796 τε
702 2748 923 2806 πολλοῖς
946 2747 1136 2797 ἔθνεσι
1158 2747 1426 2796 πολιτεῖαι
1450 2742 1540 2796 καὶ
1561 2744 1887 2811 νομοθεσίαι

287 2827 646 2895 συνίσταντο,
687 2824 882 2896 ἀρετῆς
923 2846 981 2879 τε
1022 2825 1114 2880 καὶ
1155 2829 1486 2896 φιλοσοφίας
1527 2820 1701 2895 ὄνομα
1741 2821 1888 2893 παρὰ
