1992 3186
546 119 854 163 DEMONST.
890 119 1110 161 EVANG.
1141 121 1218 161 1v.
1251 120 1374 160 3—5.
1664 116 1766 168 217

158 240 256 295 τοῦ
286 233 488 309 πατρὸς
522 237 869 293 ἐπικέλευσιν
914 236 1005 291 καὶ
1051 240 1127 300 εἰς
1166 231 1269 306 τὴν
1289 237 1402 290 τῶν
1432 231 1566 306 μετά
1598 237 1769 290 ταῦτα

161 326 543 394 δημιουργίαν.
615 323 663 376 2.
710 318 794 376 διὸ
841 318 909 391 δὴ
950 321 1041 376 καὶ
1086 325 1298 392 ἔφαμεν
1338 315 1510 375 αὐτὸν
1548 322 1770 390 πρῶτον

161 404 386 463 πάντων
415 399 525 461 ὑπὸ
555 407 653 461 τοῦ
684 402 888 476 πατρὸς
919 401 1038 460 οἶόν
1071 427 1122 459 τι
1152 403 1434 476 μονοειδὲς
1465 400 1642 474 πάσης
1673 401 1772 459 οὐ-

161 495 284 555 σίας
314 490 406 545 καὶ
436 486 661 561 φύσεως
685 491 1107 560 προβεβλῆσθαι
1129 485 1371 560 ὄργανον
1401 493 1649 560 ἔμψυχον
1679 488 1772 543 καὶ

117 596 138 630 5
162 577 295 646 ζῶν,
336 575 546 646 μᾶλλον
590 570 642 629 δ’
679 578 880 630 ἔνθεον
915 575 1005 629 καὶ
1037 571 1302 640 ζωοποιὸν
1338 573 1430 628 καὶ
1459 570 1769 644 πάνσοφον,

161 657 394 731 ἀγαθῶν
423 654 779 728 γεννητικὸν,
812 654 993 730 φωτὸς
1025 655 1290 729 χορηγὸν,
1332 653 1577 728 οὐρανοῦ
1608 661 1770 728 ὃημι-
1793 675 1883 718 (150)

163 739 453 815 ουργικόν,
494 739 703 813 κόσμου
743 738 1274 812 κατασκευαστικὸν,
1322 737 1574 811 ἀγγέλων
1619 762 1771 812 ποιη-

162 823 343 897 τικὸν,
385 824 722 897 πνευμάτων
761 821 1115 898 ἀρχοντικὸν,
1161 821 1402 895 ὄργανον
1441 828 1636 896 ψυχῶν
1669 843 1773 881 σω-

162 909 383 983 τήριον,
426 907 696 981 σωμάτων
741 905 1061 981 αὐξητικὸν,
1110 906 1336 965 πάντων
1388 907 1772 981 προνοητικὸν,

99 1017 140 1049 10
163 990 594 1066 κυβερνητικὸν,
650 990 1085 1064 θεραπευτικὸν,
1140 992 1456 1064 βασιλικὸν,
1508 991 1771 1065 κριτικὸν,

162 1077 366 1153 πατρὸς
398 1074 681 1149 εὐσεβείας
712 1074 1131 1149 ἀπαγγελτικόν.

291 1175 344 1223 V.
383 1160 490 1218 Διὸ
521 1163 612 1218 καὶ
646 1163 733 1218 ἐπὶ
763 1160 991 1219 πάντων
1021 1159 1269 1218 καθόλου
1298 1163 1410 1217 τῶν
1443 1165 1774 1233 δημιουργη-

164 1245 352 1319 μάτων
372 1253 505 1318 μίαν
522 1244 700 1319 χρεών
720 1245 1150 1319 θείανὸύναμιν
1180 1242 1617 1318 ἀποθαυμάζειν,
1650 1242 1769 1301 ἀλλ’

166 1327 233 1387 οὗ
264 1329 467 1396 πολλὰς
497 1326 774 1403 ἡγεῖσθαι.
837 1337 936 1403 μία
965 1328 1069 1404 γάρ
1100 1326 1134 1402 ἡ
1170 1328 1417 1387 καθόλου
1448 1328 1776 1402 κοσμοποιὸς
1805 1358 1824 1380 c

104 1436 144 1468 15
171 1412 406 1487 δύναμις
447 1416 538 1470 καὶ
589 1411 667 1479 εἷς
709 1409 735 1470 ὁ
776 1418 889 1471 τῶν
939 1411 1086 1471 ολων
1137 1413 1471 1515 δημιουργὸς
1514 1413 1673 1486 λόγος
1716 1417 1776 1470 ἐν

167 1497 310 1571 ἀρχῇ
339 1497 474 1571 πρὸς
504 1497 602 1555 τὸν
631 1496 785 1555 θεόν.
856 1493 975 1554 ὅτιε
979 1494 1060 1555 ἐν
1091 1496 1231 1572 ἀρχῇ
1275 1491 1346 1570 ἦν
1385 1493 1412 1554 ὁ
1453 1497 1641 1570 λόγος,
1684 1500 1776 1554 καὶ

166 1606 196 1640 ο
227 1581 386 1655 λόγος
416 1583 487 1653 ἠν
516 1581 651 1654 πρὸς
680 1580 777 1638 τὸν
806 1580 973 1653 θεὸν,
1014 1583 1105 1638 καὶ
1137 1579 1267 1647 θεὸς
1297 1583 1367 1654 ἠν
1396 1580 1425 1638 ὁ
1457 1581 1641 1653 λόγος·
1651 1579 1679 1600 ”
1725 1586 1773 1639 2.

165 1664 233 1724 ὃν
264 1671 355 1724 δεῖ
380 1662 604 1738 ἀληθῶς
633 1663 708 1738 μὴ
738 1663 990 1738 ἀγνοεῖν,
1024 1669 1210 1738 σέβειν
1243 1667 1303 1722 δε
1334 1667 1427 1722 καὶ
1449 1669 1613 1738 τιμᾶν
1644 1668 1778 1724 ἐπα-

169 1753 324 1822 ξίως,
370 1747 454 1807 ὅτι
498 1749 566 1822 δὴ
612 1747 790 1806 πάντα
834 1747 912 1806 δι’
960 1746 1133 1807 αὐτοῦ
1172 1746 1238 1806 οὗ
1278 1749 1450 1822 μόνον
1486 1753 1545 1807 ἐν
1586 1746 1780 1823 ἀρχαῖς

106 1857 147 1890 20
169 1837 281 1892 τῶν
310 1831 456 1891 ὅλων
486 1835 724 1942 συνέστη
743 1879 758 1907 ,
799 1831 939 1891 ἀλλά
982 1836 1074 1890 καὶ
1108 1839 1185 1900 εἰς
1217 1832 1303 1891 ἀεὶ
1341 1835 1571 1906 γέγονέν
1599 1857 1657 1891 τε
1688 1836 1781 1890 καὶ

168 1925 408 1992 γίνεται,
451 1920 544 1975 καὶ
583 1920 750 1992 χωρὶς
789 1915 965 1976 αὐτοῦ
1005 1920 1234 2019 ἐγένετο
1259 1916 1391 1976 οὐδε
1434 1921 1509 1975 ἓᾝν
1580 1922 1628 1976 3.
1673 1928 1780 1976 εἴτε

171 2002 277 2078 γάρ
310 2001 417 2072 ζωή
447 2009 530 2070 τίς
562 2005 711 2060 ἐστιν
753 2006 813 2060 ἐν
843 2016 956 2070 τοῖς
986 2003 1175 2075 οὐσιν,
1218 2000 1248 2059 ὃ
1278 2004 1510 2075 γέγονεν
1541 2006 1600 2060 ἐν
1632 2000 1779 2078 αὐτῷ

173 2085 279 2160 ζωὴ
321 2088 414 2160 ἠν
458 2086 537 2161 (ἐξ
580 2085 752 2145 αὐτοῦ
795 2087 901 2161 γὰρ
943 2089 1034 2144 καὶ
1077 2083 1152 2144 δι’
1197 2086 1370 2144 αὐτοῦ
1408 2085 1442 2160 ἡ
1482 2089 1596 2145 τῶν
1634 2085 1781 2152 ὅλων

171 2170 377 2241 ζώωσίς
420 2194 479 2229 τε
519 2173 610 2228 καὶ
652 2170 925 2245 ψύχωσις)
969 2180 1079 2229 εἴτε
1120 2169 1368 2245 ῥυθμὸς,
1411 2180 1523 2229 εἴτε
1561 2170 1776 2242 κάλλος,
1803 2196 1824 2227 d

109 2279 150 2311 25
175 2266 284 2314 εἴτε
313 2255 579 2330 ἁρμονία,
614 2264 724 2312 εἴτε
753 2255 929 2328 τάξις,
963 2265 1072 2313 εἴτε
1101 2254 1432 2329 σύγκρασις,
1466 2254 1780 2326 εἴτεούσία,

175 2350 284 2398 εἴτε
323 2339 574 2413 ποιότης,
618 2349 726 2398 εἴτε
765 2343 1030 2413 μέγεθος,
1076 2339 1257 2397 πάντα
1297 2337 1374 2406 εἷς
1415 2336 1443 2397 ὃ
1483 2342 1596 2396 τῶν
1636 2338 1782 2396 ὅλων

174 2428 393 2498 συνέχει
433 2427 525 2482 καὶ
569 2430 861 2498 διακοσμεῖ
897 2423 1056 2497 λόγος
1100 2427 1191 2481 καὶ
1230 2431 1327 2498 μία
1366 2428 1504 2481 θεοῦ
1549 2422 1781 2495 δύναμις

176 2507 501 2581 κοσμοποιός
531 2504 747 2581 ἡγεῖται
769 2504 1046 2566 ἀπάντων.
1099 2512 1148 2565 4.
1185 2504 1257 2575 ὥς
1288 2508 1393 2580 γὰρ
1418 2509 1625 2564 ἐπὶτοῦ
1645 2503 1779 2563 καθ’

176 2590 317 2664 ἡμᾶς
347 2591 594 2665 σώματος
634 2593 808 2666 πολλὴ
847 2594 949 2667 μὲν
986 2591 1244 2666 τυγχάνει
1287 2593 1378 2648 καὶ
1421 2596 1641 2662 ποικίλη
1671 2593 1784 2648 τῶν

113 2698 155 2730 30
179 2678 366 2749 μερῶν
395 2672 428 2747 ἡ
461 2678 719 2750 διαφορὰ,
751 2683 849 2750 μία
882 2673 992 2749 6ὲὴ
1013 2681 1111 2734 τοῦ
1135 2674 1339 2742 παντὸς
1366 2674 1599 2748 δύναμις
1629 2680 1783 2748 δημι-

295 2871 346 2909 16
378 2870 538 2909 Ioann.
563 2870 601 2920 1,
628 2871 666 2911 1.
