1946 3158
205 120 272 172 70
875 119 1124 162 EUSEBII

203 243 511 310 κατηρτίσω
579 261 686 310 μοι.
785 234 1213 310 ὁλοκαυτώματα
1282 239 1374 294 καὶ
1437 239 1564 312 περὶ
1633 233 1812 311 ἆμαρ-

201 329 318 389 τίας
378 318 481 378 οῦκ
532 317 863 395 ηῦδόκησας.
953 319 1075 378 τότε
1115 322 1300 394 εἷπον,
1363 320 1489 379 ἰδού
1547 319 1692 395 ἥκω,
1751 327 1811 380 ἐν

202 410 463 478 κεφαλίδι
492 412 713 478 βιβλίον
753 407 1054 506 γέγραπται
1087 408 1215 480 περὶ
1255 409 1406 479 ἐμοῦ,
1429 410 1526 464 τοῦ
1566 410 1810 479 ποιῆσαι,

200 490 229 546 ὁ
273 489 433 562 θεὸς,
476 490 536 548 τὸ
585 488 804 563 θέλημα
848 507 950 547 σου
993 487 1358 564 ἐβουλήθην.”
1429 493 1521 548 καὶ
1575 493 1811 563 ἐπιλέγει

115 597 179 640 [27]
202 572 686 648 “εὐηγγελισαμην
718 573 1083 648 δικαιοσύνην
1111 579 1172 632 ἐν
1203 580 1464 652 ἐκκλησία
1494 572 1754 650 μεγάλῃ.”
1856 600 1876 632 5

329 664 412 716 28.
447 658 742 732 ’'Avmx9v9
782 658 905 717 ἀντὶ
936 663 1048 718 τῶν
1089 659 1258 717 πάλαι
1297 663 1519 718 θυσιῶν
1559 663 1652 718 καὶ
1691 660 1811 718 ὁλο-

205 743 584 818 καυτωμάτων
614 743 717 816 τὴν
758 751 1030 817 ἔνσαρκον
1069 749 1168 802 τοῦ
1214 748 1456 818 Χριστοῦ
1497 752 1813 819 παρουσίαν

113 842 180 885 (39)
207 830 298 885 καὶ
329 828 388 885 τὸ
421 830 791 903 καταρτισθὲν
834 826 1006 886 αὑτοῦ
1051 834 1208 902 σῶμα
1249 832 1695 903 προσενηνέχθαι
1735 835 1811 907 τῷ

200 917 318 990 θεῷ
361 913 614 986 διδάξας,
669 912 830 971 τοῦτό
885 936 944 970 τε
994 911 1130 971 αὐτὸ
1190 918 1255 989 τῇ
1317 911 1490 972 αὐτοῦ
1551 917 1812 990 ἐκκλησία

203 995 638 1071 εὐαγγελίζεται,
683 995 757 1064 ὦς
802 995 872 1056 ἂν
914 1000 1054 1072 μέγα
1093 998 1399 1072 μυστήριον
1441 1002 1500 1056 ἐν
1551 1004 1810 1073 κεφαλίδι
1836 1024 1876 1054 10

201 1089 424 1155 βιβλίου
463 1089 530 1158 τῇ
572 1087 886 1159 προφητικῇ
947 1087 1112 1157 φωνῇ
1170 1086 1810 1157 προαναπεφωνημένον.

201 1165 400 1225 τούτου
435 1172 570 1241 δῆτα
599 1172 698 1225 τοῦ
729 1166 978 1241 θύματος
1009 1168 1111 1242 τὴν
1151 1167 1375 1241 μνήμην
1419 1170 1507 1225 ἐπὶ
1546 1171 1812 1242 τραπέζης

204 1255 447 1310 ἐκτελεῖν
491 1253 582 1310 δια
625 1251 925 1361 συμβόλων
965 1257 1064 1310 τοῦ
1107 1277 1166 1311 τε
1217 1251 1464 1325 σώματος
1505 1252 1678 1310 αὐτοῦ
1720 1255 1812 1308 καὶ

201 1341 300 1394 τοῦ
333 1345 609 1411 σωτηρίου
641 1343 867 1411 αἵματος
899 1362 1036 1393 κατα
1059 1337 1326 1441 θεσμοὺς
1339 1340 1434 1410 τῆς
1466 1340 1657 1409 καινῆς
1690 1343 1812 1394 δια-

202 1419 382 1494 θήκης
414 1421 834 1497 παρειληφότες,
872 1421 1041 1479 πάλιν
1081 1421 1191 1479 ὑπὸ
1231 1426 1327 1479 τοῦ
1369 1421 1657 1497 προφήτου
1690 1432 1811 1479 Δα-
1835 1444 1875 1476 15

203 1510 299 1579 βὶδ
355 1506 739 1579 παιδευόμεθα
783 1509 972 1579 λέγειν
1016 1503 1361 1580 αἡτοίμασας
1418 1505 1656 1564 ἐνώπιόν
1704 1530 1812 1579 μου

202 1591 504 1664 τραπεζαν,
539 1594 590 1659 ἐξ
625 1595 877 1658 ἐναντίας
907 1597 1019 1648 τῶν
1058 1590 1376 1664 θλιβόντων
1414 1607 1505 1664 με
1550 1595 1812 1655 ἐλίπανας

162 1703 184 1735 b
213 1680 271 1734 ἐν
304 1681 467 1753 ἐλαίῳ
498 1675 599 1749 τὴν
629 1675 879 1750 κεφαλήν
906 1701 1030 1750 μου,
1063 1678 1156 1733 καὶ
1188 1675 1248 1733 τὸ
1279 1673 1544 1750 ποτήριόν
1574 1694 1677 1733 σου
1717 1700 1810 1748 με·

206 1761 424 1819 θῦσκον
453 1779 521 1835 με
553 1786 625 1827 ως
657 1757 981 1834 κρατιστονῖ

332 1847 424 1903 29.
459 1843 789 1919 Διαρρήδην
819 1848 959 1918 γοῦν
993 1847 1052 1902 ἐν
1081 1842 1296 1910 τούτοις
1329 1846 1420 1900 καὶ
1451 1844 1511 1900 τὸ
1543 1841 1812 1917 μυστικὸν
1833 1867 1875 1899 20

207 1936 532 2003 σημαίνεται
563 1943 786 2004 χρῖσμα,
819 1931 911 1986 καὶ
942 1927 1008 1985 τὰ
1039 1927 1212 2002 σεμνὰ
1252 1931 1347 2001 τῆς
1394 1933 1636 2002 Χριστοῦ
1679 1953 1812 2003 τρα-

206 2017 366 2087 πέζης
397 2012 650 2086 θύματα,
694 2011 769 2070 δι’
817 2005 896 2070 οἷν
936 2017 1356 2086 καλλιεροῦντες
1396 2013 1490 2079 τὰς
1545 2010 1814 2086 ἀναίμους

207 2102 299 2156 καὶ
341 2098 564 2171 λογικὰς
605 2095 754 2175 αὐτῷ
793 2122 851 2156 τε
892 2111 1187 2171 προσηνεῖς
1229 2103 1433 2166 θυσίας
1479 2098 1570 2154 διὰ
1610 2095 1815 2162 παντὸς

207 2190 336 2255 βίου
367 2189 443 2260 τῷ
491 2184 579 2239 ἐπὶ
610 2181 837 2241 πάντων
861 2186 1197 2258 προσφέρειν
1238 2186 1357 2259 θεῷ
1400 2182 1491 2239 διὰ
1530 2186 1629 2239 τοῦ
1670 2181 1808 2238 πάν-

206 2292 319 2325 των
338 2265 623 2325 ἀνωτάτου
645 2264 942 2341 ἀρχιερέως
954 2266 1129 2324 αὐτοῦ
1142 2273 1175 2324 δ
1180 2266 1535 2340 εδιδοὲγμεθα.
1557 2271 1638 2323 30.
1651 2270 1811 2323 τοῦτο
1835 2287 1876 2318 25

209 2353 271 2410 δε
318 2351 452 2410 αὐτὸ
492 2354 583 2410 καὶ
615 2351 643 2409 ὁ
685 2355 853 2426 μέγας
894 2350 1179 2458 προφήτης
1209 2350 1438 2418 ἹΙσαιάς
1481 2355 1813 2423 θαυμασίως

207 2462 282 2495 τω
324 2443 465 2495 θείω
506 2436 779 2510 πνεύματι
820 2438 1071 2510 προέγνω
1112 2459 1171 2493 τε
1211 2438 1303 2493 καὶ
1356 2433 1810 2508 προανεφσόνησε.

167 2525 358 2596 ελέγει
399 2521 449 2580 δ’
496 2524 600 2579 οὐν
641 2522 751 2580 ωδε
805 2523 897 2579 καὶ
948 2518 1110 2587 αὐτὸς
1176 2517 1206 2537 ‘
1223 2518 1381 2593 κύριε
1439 2519 1468 2576 ὃ
1517 2517 1649 2586 θεός
1685 2543 1813 2592 μου,

211 2607 423 2676 δοξασω
455 2625 535 2679 σε,
566 2602 797 2680 ὑμνήσω
826 2605 885 2664 τὸ
909 2604 1081 2679 ὄνομα
1112 2625 1234 2677 σου,
1266 2602 1349 2661 ὅτι
1382 2607 1640 2676 ἐποίησας
1671 2613 1814 2661 θαυ-

208 2690 385 2763 μαστοὶ
427 2690 734 2766 πράγματα.
806 2696 891 2748 31.
938 2693 1030 2748 καὶ
1067 2696 1193 2748 τίνα
1244 2693 1414 2748 ταῦτα
1467 2685 1540 2755 ὡς
1585 2689 1810 2762 άληθῶς
1836 2709 1877 2740 30

325 2886 376 2925 16
406 2886 482 2928 ΡΞ
514 2887 581 2935 22,
614 2887 654 2928 5
825 2885 879 2925 28
909 2886 987 2928 Es.
1022 2885 1090 2935 25,
1125 2886 1162 2924 1.
