1946 3158
537 147 845 189 DEMONST.
877 146 1099 190 EVANG.
1137 147 1222 188 ΙΙΙ.
1255 149 1294 189 3.
1615 147 1715 199 159

108 266 244 337 γοῦν
284 269 411 336 βίον
455 265 569 320 τῶν
608 260 778 319 πάλαι
816 265 1103 335 θεοφιλῶν
1138 259 1412 336 Ἑβραίων
1449 260 1557 335 ἤδη
1597 286 1713 330 πως

107 351 161 416 ἐξ
192 345 513 421 ἀνθρώπων
543 343 867 404 ἀπολωλότα
896 344 1062 419 μόνος
1102 343 1560 421 ἀνανεωσάμενος
1609 346 1712 404 οὐκ

108 439 185 500 εἰς
225 438 448 506 βραχεῖς
489 432 580 488 καὶ
619 436 894 505 μετρίους,
927 427 1046 488 ἀλλ’
1101 437 1178 498 εἰς
1217 429 1349 489 ὅλον
1388 433 1713 505 ἐφαπλῶσαι

0 590 1 596 1
106 516 206 575 τὸν
248 515 454 589 κόσμον
484 512 872 573 ἀποδέδεικται
905 513 996 572 δια
1025 519 1123 573 τοῦ
1163 515 1386 589 πρώτου
1426 515 1713 591 συγγράμ-

62 626 81 658 5
104 625 272 675 ματος
321 604 415 675 τῆς
455 598 739 674 παρούσης
783 596 1132 667 ὑποθέσεως·
1185 598 1258 657 δι’
1317 593 1383 658 οὗ
1443 600 1749 674 πάρεστινο

103 683 424 760 ἀνθρώποις
457 687 546 742 ε’πὶ
578 690 806 759 σπείρας
836 697 949 752 τοῖς
980 681 1115 741 καθ’
1162 683 1292 757 ὅλης
1331 691 1426 757 τῆς
1457 687 1712 759 οἰκουμέ-

104 794 203 843 νης
243 768 339 828 τὸν
396 772 508 827 τῶν
556 771 844 842 θεοφιλῶν
883 772 1113 826 ἐκείνων
1152 765 1292 841 ἀμφὶ
1335 767 1432 827 τὸν
1464 767 1711 843 Ἀβραὰμ

101 861 335 928 μυρίους
375 878 434 912 τε
479 853 644 921 ὅσους
684 852 922 926 ζηλωτὰς
966 850 1070 909 οὐκ
1112 854 1165 920 ἐξ,
1201 848 1480 927 Ἑλλήνων
1518 852 1710 927 μόνον,

102 938 242 996 ἀλλὰ
274 940 365 995 καὶ
395 936 698 1012 βαρβάρων
719 943 815 1009 τῆς
849 941 1080 995 ἐκείνων
1102 941 1411 1010 θεοσεβοῦς
1435 946 1711 1005 πολιτείας

41 1049 80 1081 10
103 1022 404 1091 ἀποδεῖξαι.
437 1026 485 1079 4.
513 1019 651 1079 ἀλλὰ
674 1021 739 1079 τὰ
760 1023 864 1095 μὲν
888 1018 1201 1095 ἠθικώτερα
1224 1025 1322 1095 τῆς
1349 1028 1710 1091 διδασκαλίας

102 1105 272 1166 αὐτοῦ
314 1110 568 1165 τοιαῦτα·
611 1108 746 1215 φέρε
780 1107 841 1164 δε
871 1107 1210 1180 σκεψώμεθα
1247 1106 1323 1179 μὴ
1366 1105 1474 1179 ἄρα
1505 1109 1634 1165 ποτε
1666 1106 1704 1165 o‘

99 1190 306 1259 πλάνος
330 1189 481 1268 αὐτῷ
509 1195 637 1264 περὶ
666 1189 731 1248 τά
762 1190 1144 1266 κυριώτατατα
1165 1215 1279 1249 των
1304 1190 1596 1265 δογμάτων
1616 1216 1710 1248 κα-

100 1283 359 1374 τεγίνετο.
421 1281 468 1333 5.
501 1267 593 1349 αρ’
626 1268 729 1333 οὖν
759 1272 884 1350 οὐχὶ
912 1274 1065 1353 μόνω
1095 1278 1174 1353 τῷ
1203 1282 1544 1349 παμβασιλεῖ
1570 1282 1710 1353 θεῷ,

100 1385 176 1418 τω
208 1362 299 1418 καὶ
330 1359 577 1432 οὐρανοῦ
614 1362 707 1417 καὶ
735 1364 834 1433 γῆς
866 1363 959 1417 καὶ
996 1366 1096 1418 τοῦ
1140 1358 1457 1434 σύμπαντος
1499 1359 1710 1435 κόσμου

39 1469 78 1501 15
104 1447 442 1521 δημιουργῷ,
474 1440 637 1510 αὐτός
667 1467 725 1500 τε
756 1441 1115 1518 ἀνακείμενος
1157 1447 1249 1502 καὶ
1291 1443 1419 1511 τους
1449 1445 1709 1518 φοιτητὰς

102 1526 398 1601 προσάγων
428 1525 858 1601 ἀναγέγραπται,
893 1529 1058 1585 εἰσέτι
1086 1553 1145 1586 τε
1189 1531 1282 1586 καὶ
1314 1534 1479 1603 δεῦρο
1522 1535 1580 1587 οὗ
1613 1533 1709 1601 τῆς

105 1618 464 1679 διδασκαλίας
495 1610 668 1670 αὐτοῦ
700 1611 852 1685 λόγοι
894 1611 1073 1671 πάντα
1089 1611 1330 1686 ’Ἕλληνα
1374 1615 1466 1670 καὶ
1498 1612 1707 1686 βάρβα-
1732 1628 1755 1660 <1

102 1722 201 1769 ρον
230 1695 346 1755 άνω
376 1695 477 1770 τὴν
511 1695 764 1755 διάνοιαν
794 1695 931 1770 πρὸς
959 1695 1056 1755 τὸν
1096 1694 1357 1754 ἀνωτάτω
1398 1697 1536 1756 θεὸν
1577 1694 1709 1755 ανά-

102 1801 281 1855 γουσι,
313 1784 496 1839 πᾶσαν
537 1777 745 1856 ὁρατὴν
792 1779 968 1854 φύσιν
1011 1779 1441 1856 υπερκύψαντα;
1510 1787 1557 1839 6.
1602 1807 1708 1856 αρα

37 1888 78 1922 20
101 1859 202 1924 οὖν
230 1866 304 1940 μὴ
335 1889 495 1932 ουτος
525 1858 595 1939 ἦν
625 1861 653 1923 ὁ
685 1864 912 1939 πλάνος,
944 1862 977 1938 ἢ
1007 1864 1091 1923 ότι
1122 1864 1196 1940 μὴ
1228 1867 1321 1924 καὶ
1361 1872 1585 1933 πλείους
1617 1869 1709 1923 σέ-

102 1957 222 2023 βειν
253 1951 422 2019 θεους
454 1953 514 2008 ἐκ
544 1955 639 2024 τῆς
673 1947 935 2008 άνωτάτω
967 1952 1058 2007 καὶ
1100 1949 1273 2024 μόνης
1303 1950 1550 2024 ἀληθοῦς
1581 1961 1707 2009 θεο-

101 2041 287 2109 λογίας
318 2035 415 2094 τὸν
458 2033 531 2103 ὡς
572 2032 797 2108 άληθῶς
838 2033 1051 2092 πλάνον
1090 2037 1529 2109 τραχηλισθέντα
1570 2055 1710 2108 συγ-

99 2135 291 2196 χωρεῖς
331 2117 454 2178 ἀλλ’
501 2111 660 2187 οὗτος
703 2118 771 2178 οὐ
814 2118 1081 2194 νεώτερος
1132 2116 1259 2178 οὐδ’
1305 2126 1506 2187 οἰκεῖος
1558 2117 1708 2197 αὐτῷ

102 2204 279 2279 λόγος,
310 2219 423 2272 τοῖς
457 2202 513 2262 δ’
549 2208 608 2262 ἐκ
637 2211 851 2279 μακροῦ
882 2203 1052 2262 πάλαι
1095 2202 1708 2279 θεοφιλέσινἘβραίοις

39 2312 80 2346 25
101 2288 436 2364 προσφιλὴς,
494 2288 678 2359 ὥσπερ
732 2281 838 2347 οὖν
889 2291 1165 2347 δέδεικται
1216 2287 1306 2346 διὰ
1346 2292 1441 2362 τῆς
1481 2298 1707 2363 Προπα·

101 2378 404 2447 ρασκευῆς,
450 2371 585 2448 παρ’
630 2366 709 2431 ὦν
750 2374 857 2448 ἤδη
904 2376 992 2431 καὶ
1046 2377 1159 2431 τῶν
1197 2375 1343 2431 νέων
1383 2371 1708 2446 φιλοσόφων

102 2465 297 2526 παῖδες
327 2484 393 2517 τα
432 2457 643 2533 μεγάλα
682 2457 1030 2565 ὦφελημένοι
1071 2483 1147 2515 τω
1193 2456 1422 2531 δόγματι
1467 2459 1707 2530 συνηρέ-

103 2553 337 2616 σθησαν.
399 2542 776 2619 σεμνύνονταί
799 2547 866 2616 γέ
891 2567 974 2602 τοι
1004 2544 1095 2600 καὶ
1137 2538 1324 2599 αὐτῶν
1344 2539 1624 2613 Ἑλλήνων
1654 2544 1711 2597 οἱ

102 2626 420 2701 λογιώτατοι
451 2631 539 2686 ἐπὶ
568 2643 833 2703 χρησμοῖς
864 2631 976 2687 τῶν
1006 2631 1228 2685 οἰκείων
1257 2631 1410 2684 θεων
1442 2626 1553 2683 ωδέ
1589 2647 1704 2692 πως
1719 2644 1808 2683 (104)

38 2733 80 2766 30
93 2710 366 2787 Ἑβραίων
394 2712 842 2787 μνημονεύουσιν
