1946 3158
200 152 296 204 182
887 155 1138 197 EUSEBH

195 267 292 327 τὸν
325 272 530 343 Θωμᾶν
561 268 869 343 ἐπαγαγών.
933 275 1014 327 86.
1049 267 1233 345 ὥσπερ
1265 274 1355 330 καὶ
1386 269 1413 330 ὅ
1446 271 1678 344 ὑΜάρκος
1709 296 1809 332 πε-

194 360 455 428 ποίηκεν·
510 360 695 428 ἔχουσι
740 355 800 412 δὲ
831 352 1002 412 αὐτοῦ
1035 359 1096 412 αἱ
1139 359 1309 425 λέξεις
1351 354 1523 425 οὕτως
1548 353 1675 415 “καὶ
1718 356 1808 416 ὅτε

195 436 370 511 ἡμέρα
403 441 646 511 ἐγένετο,
692 438 947 512 ἐφώνησε
989 439 1118 507 τοὺς
1159 441 1413 514 μαθητὰς
1453 439 1655 516 αὐτοῦ,
1716 445 1807 500 καὶ

193 522 552 595 ἐκλεξάμενος
593 525 646 592 ἐξ
687 520 871 581 αὐτῶν
913 522 1158 597 δώδεκα,
1201 523 1296 601 οὓς
1337 529 1427 583 καὶ
1467 525 1806 595 ἀποστόλους

193 604 504 679 ὠνόμασεν,
537 613 790 682 Σίμωνα,
823 606 889 666 ὂν
919 612 1011 666 καὶ
1045 609 1268 668 ἐκάλεσε
1299 612 1536 685 Πέτρον,
1567 615 1656 669 καὶ
1684 610 1802 670 Ἀν·
1827 635 1847 668 5

199 693 368 765 δρέαν
409 689 504 749 τὸν
554 690 800 767 ἀδελφὸν
841 691 1042 767 αὐτοῦ,
1091 691 1352 768 Ἰάκωβον
1403 698 1495 752 καὶ
1546 692 1807 769 Ἰωάννην

196 777 287 833 καὶ
321 782 603 835 Φίλιππον
647 781 738 835 καὶ
768 786 1195 852 Βαρθολομαῖον
1237 782 1328 837 καὶ
1372 788 1676 838 Ματθαῖον
1716 783 1806 838 καὶ

196 863 419 935 Θωμᾶν.

322 951 406 1004 87.
461 945 652 1014 Οὕτως
682 948 785 1021 μὲν
815 945 913 1004 τὸν
945 955 1249 1006 Ματθαῖον
1278 944 1314 1027 ὁ,
1354 952 1577 1017 Λουκᾶς
1621 950 1807 1022 ἐτίμη-

139 1057 168 1090 d
194 1050 310 1108 σεν,
344 1029 474 1090 καθ’
512 1029 546 1088 ἃ
571 1034 905 1107 παρέδωκαν
936 1030 1086 1110 αὐτῷ
1117 1038 1175 1090 οί
1201 1029 1297 1090 ἀπ’
1335 1030 1503 1107 ἀρχῆς
1536 1031 1803 1091 αὐτόπται
1828 1058 1868 1088 ιο

190 1120 283 1175 ,καὶ
316 1116 585 1192 ὑπηρέται
616 1116 905 1190 γενόμενοι
935 1121 1034 1175 τοῦ
1066 1116 1250 1190 λόγου.
1295 1120 1387 1174 καὶ
1415 1117 1511 1175 τὸν
1538 1114 1804 1193 Ἰωάννην

193 1204 254 1260 δὲ
285 1201 477 1276 ὅμοιον
510 1200 691 1275 εὕροις
733 1198 804 1258 ἂν
841 1205 916 1278 τῷ
956 1207 1256 1278 Ματθαίῳ.
1339 1206 1421 1258 88.
1467 1204 1528 1260 ἐν
1566 1202 1670 1275 μὲν
1700 1200 1804 1274 γάρ

183 1301 310 1354 ταῖς
344 1289 654 1353 ἐπιστολαῖς
678 1285 851 1344 αὐτοῦ
882 1287 1016 1343 οὐδὲ
1045 1285 1269 1360 μνήμην
1288 1289 1384 1358 τῆς
1405 1291 1611 1353 οἰκείας
1637 1305 1806 1359 προσ·

192 1378 420 1445 ηγοριάς
480 1384 743 1443 ποιεῖται,
791 1366 824 1443 ἢ
857 1370 1240 1444 πρεσβύτερον
1282 1369 1482 1428 ἑαυτὸν
1534 1369 1804 1444 ὀνομάζει,

192 1454 442 1548 οὐδαμοῦ
475 1455 536 1512 δε
568 1452 892 1527 ἀπόστολον,
926 1452 1058 1512 ουδε
1091 1453 1512 1528 εὖαγγελιστήν·
1548 1457 1608 1512 ἐν
1632 1456 1693 1512 δὲ
1722 1479 1798 1512 τω
1829 1478 1868 1511 15

187 1528 499 1616 ευαγγελίω
543 1537 1020 1613 ἐπισημηνάμενος
1061 1565 1128 1598 ον
1168 1537 1354 1613 ἠγάπα
1394 1537 1422 1597 ὅ
1448 1537 1661 1613 Ἰησοῦς
1703 1538 1808 1596 οὐκ

190 1626 473 1698 ἐδήλωσεν
497 1621 760 1698 ὀνομαστὶ
805 1622 1019 1682 ἑαυτόν.
1089 1649 1118 1681 ο
1167 1647 1230 1697 γε
1269 1622 1379 1698 μὴν
1419 1626 1631 1698 Πέτρος
1672 1622 1806 1681 οὐδε

193 1713 444 1783 καθῆκεν
485 1712 573 1768 ἐπὶ
614 1708 716 1782 τὴν
756 1705 1084 1781 εὐαγγελίου
1124 1707 1349 1783 γραφὴν
1391 1704 1468 1765 δι’
1513 1706 1805 1779 εὐλαβείας

192 1790 528 1868 ὑπερβολήν.
589 1799 671 1851 89,
697 1791 900 1851 τούτου
931 1792 1163 1867 Μάρκος
1194 1790 1469 1866 γνώριμος
1492 1793 1583 1848 καὶ
1610 1816 1803 1865 φοιτη-

192 1877 286 1951 τὴς
317 1879 558 1952 γεγονώς
590 1875 1076 1951 ἀπομνημονεῦσαι
1109 1879 1322 1949 λέγεται
1345 1875 1441 1944 τὰς
1463 1880 1561 1933 τοῦ
1584 1880 1803 1948 Πέτρου
1826 1901 1867 1934 20

82 1988 168 2030 (ιρι)
196 1965 320 2070 περὶ
364 1988 475 2021 των
515 1961 770 2036 πράξεων
810 1966 907 2019 τοῦ
949 1960 1130 2034 Ἰησοῦ
1173 1963 1467 2032 διαλέξεις,
1509 1959 1568 2028 ὃς
1620 1959 1805 2019 ἐλθων

196 2044 288 2104 ἐπ’
325 2050 508 2105 ἐκεῖνα
537 2048 633 2118 τῆς
673 2050 935 2118 ιστορίας,
979 2048 1039 2104 ἐν
1080 2042 1162 2112 οἷς
1201 2042 1230 2103 ὁ
1269 2043 1478 2120 Ἰησοῦς
1525 2043 1804 2121 ἐρωτήσας

193 2137 318 2189 τίνα
348 2133 523 2204 φασὶν
548 2127 720 2187 αὐτὸν
750 2133 807 2187 οι
843 2127 1164 2204 ἅνθρωποι,
1198 2133 1288 2187 καὶ
1321 2128 1476 2188 αὐτοὶ
1510 2131 1572 2187 δὲ
1615 2134 1672 2187 οι
1698 2127 1802 2186 αὐ-

192 2219 295 2274 τοῦ
323 2217 570 2289 μαθηταὶ
599 2221 724 2271 τίνα
757 2212 923 2281 δόξαν
954 2220 1130 2288 ἔχοιεν
1160 2218 1287 2288 περὶ
1312 2214 1516 2286 αὐτοῦ,
1557 2212 1802 2270 ὑπακού-

195 2319 391 2367 σαντος
415 2303 511 2357 τοῦ
542 2300 781 2372 Πέτρου,
815 2294 886 2364 ὦς
918 2301 1043 2371 περὶ
1076 2303 1336 2373 Χριστοῦ,
1368 2295 1537 2357 οὐδὲν
1567 2296 1800 2370 ἆποκρι-
1824 2322 1865 2355 25

193 2383 436 2458 νάμενον
466 2381 562 2441 τὸν
585 2382 799 2456 Ἰησοῦν
827 2380 961 2440 οὐδὲ
991 2385 1221 2455 λέγοντα
1243 2382 1392 2460 αὐτῷ
1430 2381 1651 2455 γράφει,
1684 2380 1798 2438 ἀλλ’

191 2466 275 2526 ὅτι
309 2473 636 2542 ἐπετίμησεν
677 2466 884 2539 αὐτοῖς,
925 2471 1019 2524 ἵνα
1059 2469 1258 2540 μηδενὶ
1299 2469 1498 2539 λέγωσι
1538 2468 1676 2540 περῖ
1705 2462 1803 2522 αὐ-

193 2558 305 2610 τοῦ.
368 2559 449 2610 90.
498 2549 564 2611 οῦ
594 2550 699 2625 γάρ
732 2556 916 2626 παρῆν
946 2550 974 2609 ὁ
1017 2550 1250 2625 Μάρκος
1281 2566 1394 2618 τοῖς
1424 2549 1534 2608 ὑπὸ
1575 2553 1674 2608 τοῦ
1703 2549 1802 2623 Ἰη-

194 2641 299 2695 σοῦ
330 2646 634 2711 λεχθεῖσιν,
666 2633 788 2693 ἄλλ’
825 2634 959 2694 οὐδὲ
992 2636 1202 2708 Πέτρος
1233 2635 1298 2693 τὰ
1339 2633 1475 2710 πρὸς
1508 2633 1680 2692 αὐτὸν
1710 2636 1800 2692 καὶ

195 2724 319 2794 περὶ
356 2718 529 2779 αὐτοῦ
557 2722 827 2794 λεχθέντα
856 2724 934 2798 τῷ
963 2718 1140 2794 Ἰησοῦ
1184 2723 1431 2778 ἐδικαίου
1476 2717 1547 2776 δι’
1595 2724 1800 2786 οἰκείας
1823 2742 1864 2774 30

308 2917 332 2955 2
366 2916 477 2956 Luc.
511 2917 550 2966 6,
586 2917 650 2957 13.
