1992 3186
602 106 908 148 DEMONST.
939 105 1160 147 EVANG.
1194 107 1319 149 VIII.
1353 108 1392 148 2.
1702 105 1806 158 523

195 221 416 294 ἀληθές.
478 224 563 278 39.
596 222 749 295 μέχρι
797 220 902 294 γὰρ
933 223 1044 278 τῶν
1074 224 1173 278 τοῦ
1215 223 1460 295 σωτῆρος
1489 220 1647 294 ἡμῶν
1677 221 1807 296 χρό-

194 330 311 363 νων
341 311 399 362 οιῗ
433 303 713 364 ἀνέκαθεν
753 304 890 363 κατα
936 304 1202 378 διαδοχὴν
1232 304 1504 378 ἀρχιερεῖς
1544 304 1682 378 ὁμοῦ
1714 310 1805 363 καὶ

192 395 292 447 τοῦ
323 388 526 456 παντὸς
556 386 795 462 ἡγοῦντο
827 396 985 462 λαοῦ,
1018 392 1109 447 καὶ
1141 388 1207 447 τὰ
1222 394 1316 462 τῆς
1341 395 1438 447 τοῦ
1462 394 1600 448 θεοῦ
1631 400 1799 464 θερα-
1823 414 1915 455 (388)

193 481 352 540 πείας
404 472 729 540 ἀκολούθως
772 477 840 549 τῇ
883 473 1031 547 παρὰ
1073 483 1276 532 Μωσεϊ
1323 477 1805 550 νενομοθετημένῃ

150 583 170 616 5
194 565 416 634 λατρεία
443 564 680 632 διαρκῶς
701 561 1019 616 ἐπετέλουν·
1067 555 1174 615 ἀπὸ
1209 559 1267 615 δὲ
1297 562 1409 615 τῶν
1433 563 1531 615 τοῦ
1562 562 1805 633 σωτῆρος

190 639 350 716 ἡμῶν
379 642 600 716 χρόνων
630 646 851 716 πρῶτον
881 643 985 716 μὲν
1016 641 1304 715 συνεχύθη
1334 645 1425 699 καὶ
1449 642 1482 712 ἡ
1514 667 1652 700 κατα
1682 642 1806 700 τού-

191 751 322 794 τους
351 726 530 799 τάξις,
562 726 760 803 μικρὸν
793 727 854 784 δὲ
885 725 1120 801 ὕστερον
1150 728 1241 783 καὶ
1266 733 1547 794 παντελῶς
1571 725 1801 800 ἀπέσβη.

190 816 275 868 40.
308 808 431 869 ἀλλ’
469 817 641 884 ἔγωγε
670 815 765 883 τῆς
795 817 955 876 θείας
984 813 1201 884 γραφῆς
1226 809 1475 884 οὐδαμοῦ
1502 810 1681 885 εὑρων
1711 810 1806 870 τὸν

192 918 341 969 παρα
367 893 651 961 Ἰουδαίοις
694 892 950 969 αρχιερέα
979 893 1140 966 α’γιον
1170 891 1347 967 αγίων
1392 892 1804 969 ωνομασμένον,

131 1004 172 1035 10
194 978 432 1054 ἡγοῦμαι
479 984 540 1037 ἐν
582 978 796 1045 τούτοις
840 977 1014 1051 μόνον
1059 976 1228 1036 αὐτὸν
1268 979 1365 1036 τὸν
1405 987 1677 1052 μονογενῆ
1707 985 1805 1038 τοῦ

192 1071 332 1122 θεοῦ
362 1063 527 1136 λόγον
559 1068 876 1136 δηλοῦσθαί
900 1087 958 1121 τε
989 1069 1194 1137 κυρίως
1225 1066 1317 1121 καὶ
1348 1062 1571 1136 ἀληθῶς
1602 1063 1804 1136 ταύτης

191 1146 344 1216 ἄξιον
389 1153 485 1221 τῆς
535 1150 867 1220 ἐπωνυμίας.
939 1161 1052 1214 τοῖς
1093 1148 1196 1220 μὲν
1237 1147 1343 1222 γὰρ
1387 1151 1438 1215 ἐξ
1484 1147 1806 1221 ἀνθρώπων

191 1230 562 1308 προκεκοφόσι
608 1235 700 1289 καὶ
755 1239 833 1298 εἰς
871 1230 931 1289 τὸ
984 1230 1208 1305 ἐφικτὸν
1250 1231 1446 1307 ἀρετῆς
1485 1231 1806 1306 χωρήσασιν
1832 1259 1852 1292 b

191 1315 474 1389 ἀγαπητὸν
505 1315 684 1388 ἁγίοις
715 1317 845 1374 ποτὲ
874 1324 1232 1390 χρηματίσαι,
1274 1316 1409 1389 μετὰ
1446 1315 1684 1390 μετοχὴν
1714 1320 1806 1374 καὶ

130 1421 171 1454 15
192 1409 494 1474 μετουσίαν
522 1404 625 1458 τοῦ
654 1399 932 1473 φήσαντος
948 1396 1132 1473 ’Ἦγιοι
1156 1408 1374 1474 ἔσεσθε,
1406 1400 1489 1458 ὅτι
1513 1399 1665 1474 ἅγιος
1699 1401 1805 1473 ἐγώ

192 1482 445 1557 κύριος·”
514 1489 598 1542 41.
632 1482 809 1558 ἁγίων
851 1486 910 1542 δὲ
949 1483 1103 1557 ἅγιος
1143 1492 1224 1552 τίς
1255 1481 1326 1542 ἂν
1366 1491 1572 1558 κυρίως
1614 1490 1675 1543 ἐν
1704 1483 1806 1543 ἆν-

190 1569 440 1643 θρώποις
462 1566 805 1643 ὀνομασθείη
837 1565 870 1641 ἦ
893 1568 1059 1642 μόνος
1080 1565 1109 1625 ὁ
1146 1567 1495 1677 ἠγαπημένος
1519 1573 1617 1626 τοῦ
1641 1569 1804 1641 ἁγίου

192 1669 348 1726 παῖς,
393 1650 577 1726 ὥσπερ
620 1653 884 1725 βασιλεὺς
928 1655 1204 1725 βασιλέων
1234 1656 1326 1710 καὶ
1357 1660 1568 1728 κυρίων
1597 1652 1803 1727 κύριος,

191 1737 335 1795 οὕτω
378 1740 469 1795 καὶ
511 1734 688 1810 αγίων
739 1736 892 1810 ἅγιος
933 1735 1403 1811 ανηγορευμένος;
1458 1737 1611 1815 μόνω
1661 1742 1804 1810 γοῦν

129 1843 171 1876 20
194 1820 374 1898 αὐτῷ,
416 1845 511 1878 ατε
543 1821 921 1895 διαφερόντως
951 1820 1101 1895 παρὰ
1139 1821 1267 1888 τοὺς
1299 1820 1522 1879 πώποτε
1551 1825 1805 1890 Μωσέως

195 1867 374 1963 ἐλαίω
411 1905 609 1979 γεωδει
661 1909 752 1963 καὶ
804 1924 1093 1964 σκευαστω
1146 1909 1565 1980 κεχρισμένους,
1621 1915 1803 1979 εἰρητο

184 1986 510 2063 “ἦγοὲπησας
561 1989 928 2064 δικαιοσύνην
968 1992 1060 2047 καὶ
1103 1993 1364 2063 ἐμίσησας
1403 1989 1666 2063 ἀνομίαν,
1712 1989 1804 2047 δια

190 2077 350 2132 τοῦτο
390 2077 576 2148 ἕχρισέ
614 2093 675 2132 σε
719 2074 747 2132 ὁ
788 2073 920 2141 θεὸς
950 2071 979 2133 ὁ
1011 2074 1144 2142 θεός
1190 2093 1293 2132 σου
1325 2081 1510 2134 ἔλαιον
1540 2072 1805 2148 ἀγαλλιά-
1836 2110 1853 2131 0

192 2179 332 2226 σεως
371 2158 519 2233 παρὰ
559 2160 688 2226 τοὺς
718 2158 980 2233 μετόχους
1021 2157 1179 2217 σου,”
1251 2163 1335 2215 42.
1371 2152 1415 2235 ᾦ
1453 2162 1706 2233 χρισθεὶς
1751 2163 1803 2228 ἐξ

128 2265 171 2297 25
193 2248 341 2300 ἰδίου
371 2241 672 2318 προσώπου
702 2246 795 2301 καὶ
826 2242 990 2311 αὐτός
1022 2262 1195 2316 φησιν
1237 2246 1298 2301 ἐν
1320 2239 1518 2319 Ἡσαΐᾳ
1550 2240 1804 2316 ’ςπνεῦμα

191 2333 389 2402 κυρίου
421 2326 509 2385 ἐπ’
549 2329 668 2400 ἐμὲ,
700 2319 769 2385 οὗ
802 2333 1012 2386 εἵνεκεν
1037 2329 1222 2401 ἔχρισέ
1246 2324 1370 2400 με.”
1420 2330 1538 2384 ἐπεὶ
1564 2320 1666 2385 οὖν
1686 2332 1803 2383 δια-

191 2413 418 2484 φέροντι
440 2414 531 2469 καὶ
555 2416 929 2488 πνευματικῷ,
952 2415 1161 2485 μᾶλλον
1187 2412 1248 2468 δὲ
1269 2411 1531 2483 θεότητος
1549 2416 1805 2484 χρίσματι

193 2493 357 2566 μόνος
388 2495 534 2568 παρὰ
564 2497 691 2561 τοὺς
715 2495 936 2554 πώποτε
958 2495 987 2553 ὁ
1019 2494 1277 2568 ἡμέτερος
1302 2495 1485 2566 σωτὴρ
1510 2504 1802 2568 κεχρΐσθαι

193 2578 629 2653 μεμαρτύρηται,
665 2578 886 2646 εἰκότως
917 2577 1070 2651 ἅγιος
1100 2578 1296 2650 ἁγίων,
1330 2574 1401 2644 ὦς
1425 2575 1495 2635 ἅν
1524 2602 1604 2644 τις
1637 2588 1799 2651 εἴποι,

0 2722 5 2760 3
131 2683 172 2715 30
194 2658 482 2737 ἀρχιερεύς
506 2662 807 2736 ἀρχιερέων
832 2660 1147 2735 ὠνόμασται
1166 2664 1256 2718 καὶ
1281 2659 1611 2734 ἡγιασμένος
1642 2660 1803 2734 ἡγια-

0 2764 6 2793 !

307 2857 359 2896 15
390 2856 543 2898 Levit.
570 2857 635 2907 19,
660 2858 699 2895 2.
874 2857 925 2895 22
958 2855 1076 2896 Heb.
1102 2857 1138 2907 1,
1163 2857 1202 2896 9.
1378 2857 1431 2895 25
1464 2856 1539 2895 Es.
1563 2856 1629 2905 61,
1657 2857 1695 2895 1.
