1992 3186
620 139 927 183 DEMONST.
959 139 1181 183 EVANG.
1205 140 1282 181 VI.
1317 141 1383 181 15.
1682 139 1787 191 379

175 260 316 357 γοῦν
355 253 537 321 πάθος
579 250 754 312 αὐτοῦ
798 259 873 331 τῷ
924 257 1089 313 παντὶ
1129 253 1318 331 κόσμῳ
1367 261 1640 328 σωτηρίας
1691 262 1786 327 τῆς

175 338 313 397 κατα
342 339 481 398 θεὸν
511 341 603 396 καὶ
645 341 833 406 ἐλέους
871 341 1103 413 κατέστη
1144 348 1335 397 αἴτιον.
1409 337 1623 406 τούτοις
1667 342 1785 396 ἐπι-

176 427 391 497 λέγεται
426 420 492 481 “‹‘›
531 423 664 490 θεὸς
703 421 811 480 ἀπὸ
854 423 1072 496 Θαιμὰν
1114 421 1283 497 ἤξειΫ
1360 421 1420 480 τὸ
1463 424 1524 481 δὲ
1568 422 1786 496 Θαιμάν

174 507 651 582 μεταλαμβάνεται
695 514 772 575 εἰς
811 506 915 580 τὴν
946 507 1180 566 Ἑλλάδα
1228 506 1430 581 φωνὴν
1472 510 1781 580 συντέλεια,

131 617 248 660 5ως
291 594 467 666 μηδεν
509 594 798 666 διαφέρειν
840 599 892 650 εἰ
929 598 1121 665 σαφῶς
1163 594 1377 664 ἐλέγετο
1416 588 1483 648 “6
1523 592 1655 659 θεὸς
1698 595 1787 649 ἐπὶ

174 684 468 753 συντελείᾳ
501 674 675 750 η’ξει.”
749 678 837 734 ἐπὶ
868 701 973 749 γαρ
1004 682 1297 751 συντελείᾳ
1327 700 1428 733 του
1461 681 1663 743 αἰῶνος
1694 679 1787 733 καὶ

175 765 236 819 ἐν
274 776 394 828 ταῖς
436 759 683 835 ἐσχάταις
723 759 946 827 ταύταις
986 760 1214 833 ἡμέραις
1257 763 1534 833 ἐπέφανεν
1576 759 1711 833 ἡμῖν
1749 757 1784 833 ἡ

171 849 272 902 τοῦ
301 850 441 903 θεοῦ
471 850 585 903 τῶν
623 843 770 902 ὅλων
811 843 902 901 διοὶ
939 848 1038 901 τοῦ
1084 850 1329 917 σωτῆρος
1370 841 1528 917 ἡμῶν
1569 841 1784 918 εὐεργε-

173 935 280 986 σία.
336 935 383 987 9.
408 929 545 1004 τάχα
579 930 641 986 δὲ
671 931 763 985 καὶ
793 928 895 1000 τὴν
928 931 1197 1000 δευτέραν
1227 927 1401 986 αὐτοῦ
1433 931 1524 986 καὶ
1557 932 1786 997 ἔνδοξον

108 1041 150 1073 10
176 1017 236 1070 ἐν
264 1013 477 1080 τούτοις
507 1012 697 1086 ἄφιξιν
726 1019 1006 1084 θεσπίζει,
1040 1011 1180 1069 ω’στε
1219 1010 1327 1069 άπὸ
1369 1015 1555 1085 ἑτέρας
1594 1012 1784 1086 ἀναγι-

169 1097 491 1156 νώσκεσθαι
529 1094 699 1171 ἀρχῆς
749 1095 814 1153 τὰ
853 1095 959 1154 ἀπὸ
1000 1100 1099 1154 τοῦ
1141 1093 1205 1153 “ὃ
1246 1096 1377 1162 θεὸς
1418 1094 1524 1154 ἀπὸ
1568 1096 1785 1170 Θαιμάν

170 1179 352 1254 ἥξει,”
397 1181 471 1250 ὡς
513 1183 603 1239 ἐπὶ
646 1188 938 1257 συντελείᾳ
981 1185 1080 1239 τοῦ
1122 1184 1323 1247 αἰῶνος
1353 1179 1576 1252 η’ξοντος
1609 1180 1784 1238 αυτοῦ

169 1264 278 1323 ἀπὸ
307 1270 421 1325 τῶν
451 1264 588 1324 κατά
617 1263 684 1322 τοὶ
712 1264 870 1323 νότια
899 1267 1037 1340 μέρη
1067 1269 1166 1322 τοῦ
1197 1262 1465 1339 ούρανοῦ·
1512 1274 1783 1339 μεταλαμ-

171 1349 399 1422 βάνεται
443 1350 548 1424 γὰρ
593 1349 810 1423 Θαιμάν
852 1356 929 1415 εἰς
968 1349 1066 1407 τὸν
1105 1348 1285 1408 νότον.
1378 1355 1458 1408 10.
1517 1348 1783 1422 διοπερὸ

107 1462 148 1494 15
174 1439 487 1492 Θεοδοτίων
516 1438 714 1491 τοῦτον
746 1433 1036 1508 ἑρμηνεύει
1064 1433 1162 1491 τὸν
1190 1432 1397 1507 τρόπον
1417 1430 1486 1491 “6
1509 1433 1642 1500 θεὸς
1675 1431 1782 1491 άπὸ

170 1525 360 1576 νοτίου
391 1516 560 1590 ἦξειῗ
639 1517 700 1575 τὸ
733 1519 793 1575 δε
825 1521 946 1590 ἑξῆς
989 1514 1343 1617 εἰρημένον“
1351 1520 1443 1574 καὶ
1485 1517 1514 1575 ὁ
1545 1516 1698 1590 ἅγιος
1731 1522 1784 1586 ἐξ

169 1601 333 1675 ὅρους
367 1608 687 1675 κατασκίου,
714 1600 955 1674 δασέος,’
944 1599 973 1621 ’
1009 1601 1248 1674 νοήσεις,
1274 1604 1550 1674 παραθεὶς
1573 1626 1668 1668 τας
1691 1600 1785 1659 οὕ-

170 1711 276 1753 τως
309 1686 541 1761 ἐχούσας
576 1690 635 1743 ἐν
665 1690 742 1763 τῷ
773 1693 1021 1761 Ζαχαρίᾳ
1051 1682 1277 1758 φωνὰς
1281 1684 1521 1794 ἐφ’ρακα
1550 1684 1652 1759 τὴν
1682 1685 1785 1743 νύ-

170 1795 299 1843 κτα,
340 1774 431 1828 καὶ
473 1769 598 1827 ίδου
639 1769 780 1843 ανὴρ
824 1768 1163 1843 ἐπιβεβηκως
1205 1772 1293 1826 ἐπὶ
1333 1775 1506 1828 ἵππον
1545 1770 1782 1844 πυρρὸν,

107 1873 148 1915 2'0
172 1858 264 1912 καὶ
295 1848 452 1928 οὗτος
486 1854 725 1927 εἱστήκει
755 1853 861 1912 ἀνὰ
890 1858 1061 1928 μέσον
1090 1860 1204 1911 τῶν
1243 1853 1420 1927 ὀρέων
1463 1858 1576 1912 τοῖν
1616 1879 1778 1913 κατα-

170 1938 395 1998 σκίων.”
479 1945 558 1996 11.
607 1943 804 1997 τοῦτον
835 1944 973 2011 γοῦν
1012 1937 1109 1996 τὸν
1151 1938 1517 2011 ἐπιβεβηκότα
1560 1942 1649 1996 ἐπὶ
1690 1945 1784 1995 ἵπ-

171 2045 277 2080 πον
309 2023 558 2098 πυρρὸν,
601 2026 692 2080 καὶ
736 2027 944 2081 ἑστῶτα
985 2021 1092 2081 ἀνα
1122 2026 1293 2096 μέσον
1322 2026 1435 2080 τῶν
1464 2021 1643 2094 ὀρέων
1672 2028 1784 2081 τῶν

170 2115 512 2179 κατασκίων,
544 2106 713 2165 αὐτὸν
743 2105 983 2181 ἡγοῦμαι
1015 2108 1157 2165 εἶναι
1187 2107 1287 2164 τὸν
1318 2111 1379 2164 ἐν
1408 2111 1478 2180 τῇ
1505 2107 1641 2180 μετὰ
1670 2121 1785 2181 χεῖ-

171 2215 267 2263 ρας
294 2191 637 2265 δηλούμενον
661 2199 989 2267 προφητείᾳ,
1011 2191 1305 2266 φασκούσῃ
1329 2190 1426 2248 τὸν
1449 2190 1609 2264 ἅγιον
1631 2190 1785 2264 ἥξειν

107 2304 148 2335 25
175 2279 226 2344 ἐξ
257 2275 422 2348 ὄρους
454 2283 783 2349 κατασκίου,
817 2279 1028 2342 δασέος.
1107 2279 1167 2333 ἐν
1209 2278 1484 2349 ἑκατέροις
1514 2282 1652 2348 γοῦν
1683 2274 1783 2347 ὅρη

170 2359 437 2417 κατάσκια
467 2363 746 2433 λέλεκται,
788 2363 880 2417 καὶ
911 2359 1150 2433 ἡγοῦμαι
1180 2364 1278 2417 τοῦ
1309 2365 1654 2433 παραδείσου
1684 2365 1782 2416 τοῦ

171 2451 309 2502 θεοῦ
339 2444 660 2518 τυγχάνειν,
702 2441 768 2503 ὃν
809 2444 1115 2518 ἐφύτευσεν
1147 2448 1207 2500 ἐν
1233 2441 1389 2515 Ἐδὲμ
1421 2467 1558 2499 κατα
1588 2441 1783 2499 ἀνατο-

172 2527 298 2598 ades,
340 2553 374 2600 η
414 2531 508 2585 καὶ
547 2533 642 2601 τῆς
675 2532 1013 2637 ἐπουρανίου
1056 2525 1427 2600 Ιερουσαλήμ.
1497 2523 1636 2599 ’Ἥρη
1678 2525 1782 2598 γὰρ

174 2610 360 2686 κύκλῳ
403 2609 599 2684 αὐτῆς,
640 2616 732 2670 καὶ
773 2612 964 2685 κύριος
1005 2610 1192 2686 κύκλῳ
1233 2614 1332 2667 τοῦ
1372 2612 1512 2666 λαοῦ
1551 2607 1780 2667 αὐτού.”

108 2698 258 2753 3012.
304 2698 474 2751 ταῦτα
503 2700 641 2766 γοῦν
673 2697 765 2753 διὰ
806 2697 864 2753 τὸ
905 2695 1088 2768 πληρη
1132 2693 1428 2767 τυγχάνειν
1465 2700 1643 2752 θείων
1688 2699 1783 2750 δυ·

291 2888 340 2926 18
372 2887 512 2927 Zach.
539 2889 575 2938 1,
601 2890 640 2928 8.
816 2890 870 2943 28
902 2888 976 2927 Ps.
1003 2889 1096 2936 125,
1119 2889 1158 2928 2.

1810 533 1833 565 b

1810 2303 1832 2333 d
