1992 3186
598 130 904 171 DEMONST.
935 130 1154 171 EVANG.
1185 130 1287 170 vn.
1313 131 1350 172 1.
1659 127 1764 180 425

155 269 307 320 ρεται
343 244 455 318 “μὴ
486 244 684 318 μικρὸν
723 241 857 317 ὑμῖν
897 243 1085 316 ἀγῶνα
1125 247 1385 318 παρέχειν
1414 240 1763 314 ἀνθρώποις;

153 333 246 387 καὶ
284 333 399 396 πῶς
439 338 615 405 κυρίῳ
657 331 919 402 παρέχετε
971 327 1188 401 ἀγῶνας
1253 326 1344 385 διοί
1390 333 1551 385 τοῦτο
1598 328 1812 386 δώσειι)

153 414 341 487 κύριος
382 411 544 480 αὐτὸς
584 411 720 485 ὑμῖν
761 427 1004 486 σημεῖον.
1095 417 1177 470 32.
1241 412 1367 469 ἰδοὺ
1408 408 1440 485 ἡ
1484 417 1765 486 παρθένος

155 503 215 555 ἐν
244 499 439 571 γαστρὶ
471 497 719 570 λήψεται,
752 500 844 554 καὶ
873 500 1080 565 τέξεται
1110 497 1264 567 υἱὸν,
1295 494 1354 563 ὃς
1385 495 1706 569 κεκλήσεται
1736 496 1764 553 ὁ

109 581 285 655 5μεθ’
329 580 486 654 ἡμῶν
530 578 731 647 θεός·”
799 582 981 653 (τοῦτο
1026 580 1158 654 γαρ,
1205 579 1277 646 ὡς
1331 586 1501 653 ἔφην,
1559 586 1766 654 δηλοῦν

154 665 412 736 βούλεται
451 664 511 722 τὸ
546 665 894 739 Ἐμμανουήλ
934 665 1158 738 ὄνομα)
1221 669 1281 721 ἐν
1324 667 1384 721 δὲ
1422 679 1535 731 τοῖς
1577 663 1764 723 αὐτῶν

147 748 434 808 Ἰουδαίων
473 748 830 822 ἀντιγραφοις
880 774 1016 806 κατα
1055 775 1157 820 την
1195 746 1426 806 Ἀκύλου
1456 749 1765 823 μεταβολὴν

151 838 504 906 φερομένοις,
550 833 917 908 (προσήλυτος
961 834 1019 890 δε
1050 832 1077 889 ὁ
1105 832 1335 899 Ἀκύλας
1366 825 1465 905 ἦν,
1497 833 1564 891 οὐ
1595 833 1766 906 φύσει

147 915 499 991 Ἰουδαῖος)”’
469 942 614 991 ομως
659 916 709 973 δ’
758 918 859 973 οὐν
889 919 980 973 καὶ
1013 916 1129 973 κατ’
1183 916 1355 974 αὐτὸν
1384 922 1582 974 τοῦτον
1614 929 1766 991 εἴρη-

89 1028 129 1059 10
153 1027 242 1059 ται
293 1001 390 1060 τὸν
438 1001 644 1075 τρόπον
677 999 987 1058 “οἰκούσατε
1030 1000 1098 1073 δὴ
1149 1001 1297 1067 οἶκος
1339 1004 1554 1074 Λαβὶδ,
1601 1002 1676 1074 μή
1714 1028 1765 1059 τι

151 1085 340 1158 ὀλίγον
371 1083 478 1142 απὸ
507 1082 667 1158 ὑμῶν
697 1090 947 1158 μοχθοῦν
978 1083 1187 1155 ανδρας
1207 1131 1222 1157 ,
1254 1083 1336 1142 ότι
1366 1090 1643 1158 μοχθοῦτε
1673 1093 1771 1143 καί

151 1195 213 1242 γε
257 1169 354 1228 τὸν
399 1169 592 1241 κύριον
634 1168 775 1227 θεόν
819 1193 956 1241 μου;
1020 1168 1111 1226 δια
1161 1174 1324 1226 τοῦτο
1380 1169 1547 1227 δώσει
1600 1167 1764 1236 αὐτὸς
1795 1204 1816 1226 e

150 1253 286 1327 ὑμῖν
327 1268 571 1327 σημεῖον.
636 1252 759 1311 ἰδού
801 1250 835 1326 ἡ
874 1258 1060 1319 νεᾶνις
1113 1258 1172 1311 ἐν
1212 1257 1409 1327 γαστρὶ
1450 1253 1766 1327 συλλαμβά-

152 1361 257 1410 νει,
289 1340 380 1395 καὶ
410 1345 579 1396 τίκτει
610 1336 766 1410 υἱὸν,
811 1340 902 1394 καὶ
934 1341 1182 1405 καλέσεις
1213 1336 1386 1411 ὄνομα
1427 1337 1597 1396 αὐτοῦ
1641 1338 1767 1412 Ἐμ-

89 1448 128 1479 15
153 1419 458 1496 μανουήλ.”
548 1427 630 1478 33.
695 1422 842 1495 παρὰ
873 1423 935 1478 δε
965 1427 1040 1498 τῷ
1073 1422 1359 1499 Συμμαχςῡ
1389 1421 1558 1481 ταῦθ’
1591 1421 1766 1490 οὕτως

154 1514 264 1580 ε’χει
295 1507 531 1579 (λέγεται
566 1507 628 1563 δε
658 1531 684 1563 ο
719 1505 1017 1579 Σύμμαχος
1041 1505 1359 1578 Ἐβιωναῐος
1392 1507 1557 1564 εἶναι·
1619 1514 1766 1578 αι’ρε-

153 1613 237 1658 σις
269 1592 330 1647 δε
361 1592 430 1662 ἦν
461 1588 603 1647 οὕτω
635 1594 995 1662 καλουμένων
1024 1615 1193 1648 τινων
1219 1588 1504 1648 Ἰουδαίων
1536 1598 1611 1657 εἰς
1636 1600 1767 1691 Χρι-

154 1673 288 1732 στὸν
327 1673 610 1731 πιστεύειν
649 1678 991 1775 λεγομένων,
1046 1678 1099 1742 ἐξ
1147 1699 1226 1731 ων
1264 1673 1292 1731 ὁ
1335 1674 1633 1748 Σύμμαχος
1676 1676 1765 1748 ήν,

152 1757 283 1830 παρ’
320 1783 361 1815 ω
393 1761 485 1815 καὶ
517 1756 665 1834 αὐτῷ
695 1761 866 1815 ταῦτα
898 1757 1072 1825 ου’τως
1111 1758 1244 1831 ἔχει)
1270 1755 1588 1815 “ἆκου’σατε
1618 1760 1767 1825 οἶκος

89 1867 130 1898 20
153 1817 373 1915 Δαβὶδ,
415 1841 488 1915 μὴ
530 1839 631 1900 οὐκ
673 1841 941 1916 αὔταρκες
981 1839 1117 1915 υμῖν
1156 1848 1369 1900 κοποῦν
1409 1840 1766 1916 ανθρώπους,

151 1926 235 1983 ὅτι
276 1931 513 1984 κοπούτε
551 1926 648 1984 τὸν
686 1926 826 1984 θεόν
865 1951 998 1998 μου,
1046 1926 1142 1995 διᾲ
1176 1930 1338 1984 τοῦτο
1380 1926 1546 1984 δώσει
1578 1926 1767 1999 κύριος

153 2009 318 2077 αὐτὸς
348 2025 484 2084 υμιν
515 2026 757 2119 σημεῖον.
823 2011 947 2067 ι’δού
978 2007 1011 2083 ἡ
1045 2036 1230 2078 νεανις
1266 2010 1642 2084 συλλαμβανει
1674 2014 1766 2069 καὶ

153 2102 323 2152 τίκτει
362 2093 516 2168 υίόν,
559 2098 651 2152 καὶ
692 2098 938 2162 καλέσεις
968 2093 1141 2168 ὄνομα
1174 2092 1346 2152 αυτοῦ
1374 2093 1765 2169 'Eyuavomq'llf’

140 2183 236 2236 34.
301 2179 491 2251 ἐπειδὴ
533 2204 639 2251 γαρ
681 2183 779 2237 τοῦ
821 2177 1107 2237 Ἰουδαίων
1160 2186 1364 2246 ἐθνους
1415 2178 1475 2237 τὸ
1527 2181 1793 2253 σκληρόνᾱ

91 2285 132 2318 25
154 2267 252 2320 τοῦ
289 2261 498 2363 τρόπου
540 2266 632 2321 καὶ
673 2263 808 2337 πρὸς
843 2260 1136 2336 εὐσέβειαν
1179 2268 1519 2321 δυσένδοτον
1562 2270 1767 2338 ἱδρῶτα

154 2348 247 2403 καὶ
279 2345 451 2404 κόπον
491 2347 705 2420 μόχθον
742 2371 802 2404 τε
832 2346 899 2404 οὐ
929 2346 1028 2406 τὸν
1057 2346 1293 2421 τυχόντα
1324 2350 1416 2404 καὶ
1446 2345 1634 2420 αγῶνα
1666 2371 1766 2404 πα-

147 2443 303 2530 ρεῖχε
333 2446 445 2497 τοις
476 2430 646 2488 παλαι
676 2434 966 2503 θεοφιλέσι
998 2430 1334 2504 προφήταις,
1374 2430 1576 2488 τούτου
1606 2455 1768 2503 χαριν

164 2509 288 2569 ‘0232
320 2512 586 2586 αὔταρκες
616 2514 778 2588 ὗμιν,
812 2518 981 2588 φησὶ,
1013 2513 1140 2581 τούς
1171 2515 1456 2614 προφήτας
1487 2519 1584 2571 τοῦ
1627 2519 1768 2572 θεοῦ

157 2600 438 2668 μοχθούν,
471 2622 560 2654 και
592 2597 782 2671 αγῶνα
813 2606 1075 2672 παρέχειν
1105 2595 1453 2668 ανθρώποις;
1501 2595 1625 2654 ἀλλ’
1658 2596 1766 2671 ἤδη

94 2703 135 2734 30
158 2681 250 2735 καὶ
290 2679 386 2735 τὸν
425 2679 563 2737 θεόν
592 2706 699 2754 μου
730 2687 992 2753 κοποῦτε,
1038 2684 1129 2738 καὶ
1161 2680 1350 2753 ἀγῶνα
1380 2685 1642 2755 παρέχετε
1674 2689 1773 2739 καί

157 2786 221 2834 γε
252 2766 328 2839 τῷ
357 2768 474 2839 θεῷ
504 2763 680 2836 μου;”
741 2765 884 2823 οὕτω
930 2764 1034 2839 γάρ
1076 2767 1168 2821 καὶ
1209 2772 1524 2823 Θεοδοτίων
1571 2770 1764 2834 ἐξέδω-

158 2870 269 2904 κεν.
360 2851 442 2904 35.
498 2847 525 2904 ὁ
557 2852 695 2919 γοῦν
726 2849 1010 2922 προφήτης
1044 2855 1198 2915 ἰδίως
1230 2853 1429 2907 ἑαυτοῦ
1459 2848 1615 2923 θεὸν,
1641 2847 1763 2906 ἀλλ’
