1946 3158
218 132 315 184 198
884 134 1129 176 EUSEBII

213 252 580 323 δεδημηκέναι
609 252 684 324 τῷ
716 254 850 324 βίω,
883 241 919 322 ᾗ
947 247 1089 324 μόνῃ
1121 252 1211 306 καὶ
1243 249 1431 323 πρώτῃ
1463 248 1527 306 τά
1566 249 1820 323 μηδεπώ-

162 365 179 387 c
213 357 344 392 ποτε
389 330 522 407 παρ’
569 330 888 417 ἀνθρώποις
938 336 1397 405 μνημονευθέντα
1438 333 1816 408 κατώρθωται.

125 416 349 478 [861ἆλλᾶ
381 420 471 474 καὶ
502 419 674 473 ταῦτα
703 417 805 488 μὲν
835 417 945 472 ωδε
975 419 1125 482 τέλος
1159 420 1336 490 ἐχέτω.

340 506 422 558 34.
460 499 643 557 Πάλιν
675 501 735 556 δὲ
768 503 856 557 ἐπὶ
885 499 982 558 τὸν
1013 497 1087 557 δι’
1125 504 1375 567 ἐναντίας
1409 505 1583 574 ἰτέον,
1619 506 1817 576 ἐρωτη-

212 589 336 644 τέον
365 609 423 643 τε
471 594 526 642 εἴ
559 607 691 642 ποτε
732 583 1044 658 ὀφθαλμοῖς
1086 585 1236 642 εἶδεν
1276 582 1309 657 ἢ
1350 583 1486 660 ἀκοῇ
1519 593 1661 659 ἔγνω
1692 585 1817 659 γόη-
1842 610 1862 642 5

212 694 307 736 τας
346 693 404 727 τε
445 671 535 726 καὶ
576 671 898 743 φαρμακέας
939 675 1066 743 δίχα
1106 674 1368 727 σπονδῶν
1412 672 1504 726 καὶ
1549 669 1820 744 θυματων

210 757 300 811 καὶ
335 753 615 827 δαιμόνων
657 752 990 826 επικλήσεώς
1030 777 1090 810 τε
1124 756 1215 810 καὶ
1257 759 1563 827 παρουσίας
1594 753 1819 828 γοητεύ-

209 863 386 905 οντας.
433 837 508 912 μή
538 862 590 894 τι
608 839 710 895 οὐν
735 837 981 894 καὶκατὰ
1010 842 1108 895 τοῦ
1139 841 1383 913 σωτῆρος
1407 836 1581 911 ἡμων,
1614 834 1648 910 ἢ
1682 863 1819 896 κατα

207 947 320 981 των
352 922 528 980 αὐτοῦ
556 922 764 995 λόγων,
797 920 829 994 ἢ
861 946 997 979 κατα
1027 947 1139 979 των
1171 925 1334 980 εἰσέτι
1367 927 1474 980 νῦν
1506 921 1818 995 ζηλούντων

208 1005 303 1064 τὸν
336 1005 508 1065 αὐτοῦ
540 1013 694 1079 βίον,
741 1013 850 1080 ἔχει
891 1031 971 1072 τις
1010 1006 1273 1079 τοιαύτην
1306 1010 1600 1114 ἐπιφέρειν
1632 1012 1882 1079 &talio-10

209 1090 341 1164 λήν;
375 1090 500 1165 οὐχὶ
531 1093 623 1148 καὶ
654 1094 849 1167 τυφλῷ
880 1095 1051 1163 δῆλον
1083 1115 1155 1157 ως
1188 1095 1300 1147 πᾶν
1330 1090 1662 1148 τούναντίον
1692 1090 1818 1148 τού·

207 1200 318 1241 τοις
363 1175 520 1249 ἡμεῖς
574 1181 631 1232 οι
679 1174 745 1231 τὰ
785 1172 962 1247 Ἰησοῦ
1016 1178 1355 1248 φρονοῦντες
1402 1174 1816 1247 ἐπιτηδεύομεν,

208 1263 415 1317 θᾶττον
467 1261 569 1333 μὲν
612 1257 841 1336 θανάτῳ
881 1257 983 1331 τὴν
1033 1257 1218 1333 ψυχὴν
1256 1257 1289 1332 ἢ
1346 1265 1568 1332 δαίμοσι
1607 1265 1819 1316 θυσίαν

120 1390 125 1402 ,-
161 1365 184 1397 d
208 1346 479 1418 προέσθαι
510 1346 847 1417 τολμῶντες,
890 1347 1097 1400 θᾶττον
1129 1345 1189 1400 δὲ
1229 1347 1324 1415 τῆς
1366 1347 1501 1415 ζωῆς
1536 1341 1820 1416 ἐξιστάμε-

206 1453 293 1486 νοι
318 1425 350 1500 ἢ
376 1443 488 1494 τοῖς
511 1441 774 1501 πονηροῖς
800 1433 1020 1500 δαίμοσι
1050 1431 1407 1500 δουλωθῆναι
1430 1424 1814 1501 ὑπομένοντες.
1842 1449 1882 1481 15

207 1517 290 1569 35.
324 1518 405 1578 τίς
447 1513 507 1570 δὲ
546 1509 648 1569 οὐκ
686 1511 841 1570 οἶδεν
881 1511 1028 1579 ὅπως
1069 1510 1176 1568 σὺν
1216 1509 1355 1587 αὐτῇ
1395 1515 1464 1587 τῇ
1502 1516 1600 1569 τοῦ
1633 1511 1818 1584 Ἰησοῦ

208 1604 549 1672 προσηγορία
575 1598 666 1654 καὶ
691 1596 798 1654 σὺν
824 1594 1010 1669 εὐχαῖς
1027 1595 1446 1670 καθαρωτάταις
1470 1599 1582 1654 πᾶν
1605 1596 1665 1653 τὸ
1699 1601 1816 1652 δαι-

206 1680 394 1754 μόνων
425 1689 588 1757 ἔργον
619 1679 957 1738 ἀπελαύνειν
997 1679 1130 1753 ἡμῖν
1169 1687 1336 1752 φίλον
1377 1684 1554 1750 ἐστίνς
1598 1672 1758 1746 οὗτος
1788 1676 1817 1736 ὁ

207 1770 303 1823 τοῦ
331 1763 510 1839 Ἰησοῦ
538 1764 700 1838 λόγος
741 1767 832 1822 καὶ
865 1764 898 1837 ἡ
930 1763 1056 1838 παρ’
1108 1761 1284 1821 αὐτοῦ
1314 1770 1645 1821 διδασκαλία
1675 1763 1816 1822 πολὺ

207 1856 488 1924 κρείττους
518 1853 614 1923 τῆς
637 1847 876 1921 ἀοράτου
893 1847 1092 1919 ταύτης
1118 1846 1404 1921 δυνάμεως
1435 1846 1645 1915 πάντας
1675 1846 1816 1921 ἡμᾶς
1838 1871 1879 1903 ‘20

207 1933 604 2007 ἀπειργάσατο,
655 1931 890 2006 ἐχθρούς
934 1955 993 1988 τε
1035 1931 1316 2004 δαιμόνων
1365 1934 1456 1989 καὶ
1500 1939 1814 2006 πολεμίους,

208 2015 331 2073 ἀλλ’
365 2016 431 2074 οὐ
463 2023 661 2089 φίλους
693 2013 824 2073 οὐδὲ
854 2014 1149 2089 συνήθεις,
1183 2020 1392 2074 πολλοῦ
1424 2022 1514 2074 δεῖ
1537 2012 1817 2088 ὑπηκόους

97 2124 188 2165 (133)
209 2104 301 2158 καὶ
331 2097 683 2174 ὑποχειρίους
726 2101 868 2157 εἶναι
908 2099 1338 2174 παρεσκεύασεν.
1415 2105 1498 2158 36.
1532 2099 1561 2156 ὁ
1603 2099 1671 2172 δὴ
1703 2124 1815 2157 τοι·

210 2183 406 2251 ούτους
437 2181 575 2258 ἡμᾶς
619 2184 951 2258 προαγαγών
991 2187 1104 2251 πῶς
1145 2181 1214 2241 ἂν
1260 2183 1422 2252 αὐτὸς
1454 2188 1650 2250 δοῦλος
1697 2187 1816 2256 ἐγε-

208 2269 362 2342 γόνει
395 2267 703 2343 δαιμόνων;
737 2272 852 2335 πῶς
887 2267 935 2324 δ’
973 2266 1042 2326 ἂν
1072 2282 1185 2335 τοῖς
1216 2281 1477 2341 πονηροῖς
1501 2267 1815 2341 πνεύμασιν
1837 2290 1879 2323 25

209 2359 446 2424 ἔθυσεν;
492 2349 526 2425 ἢ
573 2359 687 2420 πῶς
733 2351 979 2425 βοηθοὺς
1026 2358 1293 2426 δαίμονας
1337 2355 1701 2409 ἐπεκαλέσατο
1755 2355 1815 2409 ἐν

208 2451 326 2505 ταῖς
367 2441 883 2512 παραδοξοποιίαις,
924 2435 1088 2493 ὁπότε
1132 2439 1298 2494 εἰσέτι
1339 2439 1504 2510 δεῦρο
1548 2439 1653 2502 πᾶς
1697 2441 1814 2492 δαί-

208 2546 330 2595 μων
359 2524 451 2579 καὶ
482 2525 594 2581 πᾶν
623 2519 942 2595 ἀκάθαρτον
971 2523 1219 2594 πνεῦμα,
1252 2518 1324 2587 ὥς
1347 2545 1397 2577 τι
1419 2524 1532 2577 των
1563 2531 1815 2577 κολαστι-

208 2609 324 2664 κῶν
366 2608 457 2664 καὶ
498 2608 910 2678 βασανιστικῶν
953 2608 1047 2677 τῆς
1079 2611 1282 2671 οἰκείας
1314 2604 1555 2678 φύσεως,
1587 2608 1685 2661 τοῦ
1713 2601 1809 2676 Ἰη-

211 2694 313 2746 σοῦ
343 2689 400 2747 τὸ
433 2689 607 2764 ὄνομα
637 2696 879 2764 φρίττει,
911 2687 1270 2757 ὑπεξίσταταί
1287 2713 1346 2746 τε
1377 2691 1466 2745 καὶ
1498 2701 1816 2763 παραχωρεῖ
1837 2711 1877 2742 3ο

205 2778 275 2846 τῇ
292 2778 385 2846 τῆς
404 2781 773 2849 προσηγορίας
798 2773 1059 2847 δυνάμεις
1092 2778 1174 2830 37.
1197 2772 1381 2846 ὥσπερ
1405 2765 1508 2830 οὖν
1531 2775 1623 2829 καὶ
1646 2771 1839 2829 πάλαιμ

209 2856 342 2914 καθ’
379 2854 443 2915 ὃν
476 2858 736 2932 ἐπεδήμει
759 2862 834 2936 τῷ
863 2865 969 2936 βίῳ
993 2855 1223 2932 χρόνον,
1254 2857 1328 2930 μὴ
1351 2859 1613 2932 φέροντες
1643 2853 1812 2913 αὐτοῦ
