1946 3158
549 141 863 186 DEMONST.
891 142 1113 186 EVANG.
1146 142 1184 183 I.
1220 143 1260 183 6.
1649 140 1718 193 35

108 257 246 315 ὠσὶν
275 256 435 330 ὑμῶν
467 260 525 314 ἐν
553 260 623 331 τῇ
651 255 828 333 ἡμέρᾳ
857 255 1056 331 ταύτῃ,
1089 259 1182 314 καὶ
1205 255 1535 330 μαθήσεσθε
1559 256 1717 330 αὐτοὶ,

103 346 195 400 καὶ
236 341 565 415 φυλάξασθε
605 357 786 399 ποιεῖν
827 341 980 400 αὐτά.
1064 340 1254 417 κύριος
1302 340 1331 398 ὁ
1386 341 1518 408 θεὸς
1558 339 1718 415 ὑμῶν

108 430 326 485 διέθετο
366 425 501 498 πρὸς
549 424 692 499 ὑμᾶς
734 430 794 483 ἐν
834 428 1042 500 Χωρὴβ
1082 425 1389 499 διαθήκην,
1442 425 1564 500 οὐχὶ
1606 442 1717 493 τοῖς

106 510 380 581 πατράσιν
407 509 569 584 ὑμῶν
600 514 818 569 διέθετο
841 510 1028 585 κύριος
1052 511 1153 584 τὴν
1179 509 1458 585 διαθήκην
1489 511 1715 585 ταύτην,

63 593 243 670 §amec
275 595 410 669 πρὸς
441 591 641 668 ὑμᾶς.”
1733 617 1802 659 (14)

232 686 279 738 9.
313 683 425 738 Καὶ
456 679 558 754 ὅρα
588 703 652 752 γε
682 678 831 747 ὅπως
862 677 1103 752 άκριβῶς
1134 699 1271 754 φησι
1301 679 1404 755 τὴν
1436 679 1717 753 διαθήκην

103 764 329 838 ταύτην,
364 767 482 822 ἐπεὶ
505 763 578 838 μὴ
609 763 711 837 τὴν
742 762 919 836 αὐτὴν
949 778 1062 831 τοῖς
1087 763 1360 837 πατράσιν
1391 764 1576 822 αὐτῶν
1608 772 1716 822 διε-

102 853 332 908 τέθειτο.
406 856 458 907 εἰ
488 847 542 905 δ’
575 873 679 906 ουν
724 846 1010 915 άπολύτως
1049 847 1122 922 μὴ
1170 849 1438 907 δεδόσθαι
1470 866 1583 916 τοῖς
1615 873 1715 908 πα·
1743 871 1808 913 [11]

102 934 297 1008 τράσιν
328 933 514 991 αὐτῶν
547 932 826 1006 διαθήκην
859 932 1091 1009 εἰρήκει,
1125 933 1337 1007 ψευδὴς
1369 959 1438 991 αν
1469 959 1538 1007 ην
1568 934 1596 991 ὁ
1629 935 1717 993 λό-

42 1047 81 1078 10
103 1045 198 1093 γος
241 1018 406 1095 αὐτῷ.
484 1020 704 1076 δέδοται
743 1022 884 1091 γοῦν
934 1023 1012 1094 τῷ
1046 1015 1292 1093 Ἀβρααμ
1334 1018 1580 1092 διαθήκη
1626 1023 1716 1077 και

101 1108 178 1182 τῷ
208 1107 360 1175 Νῶε,
394 1102 466 1170 ῶς
497 1101 562 1159 τά
595 1103 714 1178 ι”ερόε
745 1119 1014 1176 μαρτυρεῖ
1045 1102 1219 1176 λόγια.
1276 1102 1366 1161 δια
1390 1108 1550 1161 τοῦτο
1581 1104 1716 1177 μετὰ

103 1187 427 1263 προσθήκης
465 1186 494 1245 ὁ
528 1192 741 1261 Μωσῆς
781 1187 845 1246 οὐ
878 1186 1087 1260 ταύτην
1128 1191 1265 1261 φησὶ
1300 1187 1568 1246 δεδόσθαι
1602 1203 1716 1256 τοῖς

104 1272 377 1346 πατράσιν
419 1269 634 1346 αὐτῶν,
678 1276 871 1344 ἑτέραν
911 1271 1287 1346 αἰνιττόμενος
1335 1274 1436 1347 τὴν
1487 1281 1716 1346 κρείττω

104 1361 196 1415 καὶ
228 1360 626 1430 διαφέρουσαν,
659 1355 735 1414 δι’
769 1351 832 1431 ἧς
857 1361 946 1415 καὶ
964 1366 1251 1431 θεοφιλεῖς
1284 1356 1713 1432 άπεφάνθησαν.

41 1469 81 1501 15
109 1447 187 1499 10.
223 1439 422 1499 αὐτίκα
444 1445 521 1518 τῷ
536 1441 784 1515 Ἀβραάμ
817 1442 908 1499 διὰ
931 1446 1026 1516 τῆς
1053 1450 1130 1508 εἰς
1153 1443 1251 1500 τὸν
1267 1446 1379 1500 τῶν
1401 1442 1549 1500 ὅλων
1578 1442 1718 1502 θεὸν

103 1534 337 1592 πίστεως
367 1525 434 1582 τά
463 1530 559 1597 τῆς
593 1526 948 1599 δικαιοσύνης
991 1531 1404 1601 κατωρθῶσθαι
1435 1527 1715 1601 μεμαρτύ-
1739 1546 1762 1578 b

103 1635 262 1684 ρηται
306 1609 406 1666 ὑπ’
459 1609 633 1667 αὐτοῦ
687 1615 932 1678 Μωσέως
986 1613 1241 1684 λέγοντος
1281 1608 1609 1669 “ε’πίστευσε
1657 1604 1743 1669 δὲ’

96 1692 340 1768 Ἀβραάμ
379 1698 458 1770 τῷ
497 1699 642 1770 θεῷ,
690 1698 778 1752 καὶ
823 1699 1088 1768 ἐλογίσθη
1129 1695 1280 1772 αὐτῷ
1320 1703 1398 1762 εἰς
1431 1695 1716 1754 δικαιοσύ-

101 1778 254 1853 νην.”
292 1784 371 1837 11.
398 1778 480 1837 ὅτι
505 1781 566 1836 δὲ
589 1778 725 1852 μετα
746 1778 849 1852 τήν
874 1785 970 1854 τῆς
986 1779 1343 1853 δικαιοσύνης
1365 1774 1716 1854 κατόρθωσιν

35 1891 79 1924 20
102 1868 191 1922 καὶ
223 1862 358 1938 μετὰ
387 1863 490 1936 τὴν
524 1862 610 1922 ἐπ’
646 1861 908 1941 εὐσεβείᾳ
938 1871 1250 1939 μαρτυρίαν
1279 1864 1339 1922 τὸ
1369 1872 1465 1938 τῆς
1496 1888 1716 1938 περιτο-

99 1953 202 2024 μῆς
229 1958 422 2022 εἴληφε
445 1964 693 2023 σημεῖον,
711 1953 804 2006 καὶ
827 1951 1004 2023 μηδὲν
1027 1948 1163 2024 πρὸς
1178 1947 1462 2023 εὐσεβείας
1489 1955 1717 2008 δικαίω-

101 2053 192 2092 σιν
234 2031 382 2111 αὐτῷ
421 2037 574 2091 τουτὶ
615 2033 1015 2107 συνεβάλλετο,
1058 2041 1250 2108 σαφῶς
1291 2031 1320 2091 ὁ
1359 2034 1519 2108 λόγος
1549 2042 1717 2109 παρί-

102 2138 312 2192 στησιν.
359 2116 541 2194 εὕροις
574 2118 624 2176 δ’
661 2116 733 2176 ἂν
757 2123 848 2177 καὶ
872 2119 968 2177 τὸν
987 2118 1189 2193 Ἰωσὴφ
1214 2118 1321 2194 πρὸ
1337 2122 1450 2176 τῶν
1470 2122 1716 2187 Μωσέως

28 2227 35 2244 ⁴
100 2203 319 2278 χρόνων
341 2208 401 2262 ἐν
419 2220 533 2271 τοῖς
547 2211 873 2277 Αἰγυπτίων
891 2211 1191 2277 βασιλείοις
1211 2201 1714 2278 άπαραφυλάκτως,

59 2317 79 2349 5
101 2286 226 2346 ἀλλ’
270 2288 373 2347 οὐκ
398 2287 715 2356 Ἰουδαϊκῶς
755 2287 1013 2363 άχθέντα.
1092 2294 1172 2347 12.
1209 2295 1260 2346 εἰ
1288 2291 1348 2347 δὲ
1378 2293 1592 2360 θέλεις,
1623 2293 1715 2346 καὶ
1745 2317 1763 2338 e

100 2374 198 2432 τὸν
237 2390 549 2447 κορυφαῖον
588 2373 758 2431 αὐτὸν
797 2377 890 2432 καὶ
934 2376 1248 2448 νομοθέτην
1291 2377 1391 2432 τοῦ
1430 2371 1716 2432 Ἰουδαίων

102 2466 305 2525 ἔθνους
343 2463 548 2518 Μωσέα
578 2466 768 2532 γνοίης
799 2455 868 2517 ἂν
901 2463 954 2528 ἐξ
987 2465 1064 2516 ἔτι
1087 2465 1289 2531 νηπίοις
1319 2459 1534 2530 ἡλικίας
1567 2457 1714 2531 παρὰ

99 2548 166 2619 τῇ
207 2547 307 2600 τοῦ
343 2551 658 2617 Αἰγυπτίου
697 2546 968 2618 βασιλέως
1006 2546 1252 2618 θυγατρὶ
1292 2542 1386 2609 τοὶς
1431 2540 1714 2615 διατριβάς

16 2691 34 2708 .-
101 2632 502 2702 πεποιημένον,
544 2633 752 2704 τροφῆς
787 2653 846 2688 τε
890 2633 986 2702 τῆς
1020 2635 1329 2701 Αἰγυπτίας
1361 2624 1712 2701 ἀπαρατηρή-

0 2710 80 2781 ””’30
103 2738 208 2780 τως
238 2713 603 2787 μετειληχότα.
671 2719 752 2772 13.
778 2720 843 2771 τί
870 2719 960 2771 δεῖ
986 2716 1168 2786 λέγειν
1191 2712 1287 2770 τὸν
1318 2710 1711 2785 τρισμακάριον

0 2791 2 2806 ’
96 2796 247 2870 Ἰῶβ,
291 2796 386 2855 τὸν
426 2796 614 2872 ἀληθῆ
651 2797 958 2874 ἄνθρωπον
1003 2802 1243 2870 ἐκεῖνον,
1283 2796 1382 2855 τὸν
1411 2795 1711 2870 ἄμεμπτον,

219 2924 268 2962 17
304 2921 416 2962 Gen.
442 2925 509 2974 15,
534 2924 572 2965 6.

1343 2990 1416 3041 3²³²

15 2974 46 3158 ΜΝΞ*
