1946 3158
220 119 319 171 152
413 123 420 130 ’
893 121 1144 163 EUSEBII

274 233 286 252 ν
336 233 347 252 x
514 237 527 259 ῃ
612 234 625 254 9
729 235 749 257 τ’
907 235 928 258 '3'
1112 234 1125 254 2
1175 235 1188 258 x
1283 234 1296 252 l
1593 238 1606 261 χ
1665 228 1686 252 3
1800 235 1812 255 x

218 259 408 308 αυτον,
440 260 531 293 και
562 260 665 293 ουκ
698 258 844 309 ειχεν
876 241 1022 302 ειδος
1063 241 1197 293 ουδε
1228 244 1439 303 καλλος.
1518 260 1610 294 και
1650 261 1720 309 ην
1762 261 1820 294 το

176 355 191 375 0
221 317 364 386 εἶδος
403 317 573 376 αὐτοῦ
613 317 808 393 ἄτιμον
858 322 948 376 καὶ
998 324 1252 378 ἐκλεῖπον
1299 321 1447 394 παρὰ
1486 320 1614 388 τοὺς
1664 319 1820 387 υίούς

119 2286 188 2325 (99)

215 407 327 461 τῶν
358 403 692 477 ἀνθρώπων.
755 402 1054 477 ἅνθρωπος
1088 408 1148 462 ἐν
1187 408 1371 478 πληγῇ
1412 400 1492 462 α’)’ν
1533 407 1625 462 καὶ
1659 403 1822 472 εἰδώς

217 493 411 562 φέρειν
441 494 718 561 μαλακίαν
748 485 1059 562 ἠτιμασθη,
1087 491 1179 545 καὶ
1209 487 1312 546 οὐκ
1344 486 1665 590 ἐλογίσθηῗ

344 578 426 628 54.
486 571 594 628 ‘Tc'
622 573 727 629 οὐν
768 579 1012 630 λείπεται
1054 575 1143 630 ἐπὶ
1173 572 1414 642 τούτοις;
1457 579 1509 630 εί
1544 573 1650 646 γὰρ
1691 597 1820 648 προ·
1866 595 1887 627 5

217 672 376 714 εῑπον
408 654 580 714 αὐτοῦ
612 656 799 730 φυλὴν
830 660 922 714 καὶ
958 660 1136 730 γένος,
1180 660 1270 714 καὶ
1301 655 1508 729 τρόπον
1536 659 1824 729 γενέσεως,

217 743 308 798 καὶ
340 744 438 813 τῆς
467 745 758 814 παρθένου
787 740 847 798 τὸ
877 747 1101 816 θαῦμα,
1134 744 1226 799 καὶ
1257 748 1387 814 βίον
1416 740 1650 814 τρόπον,
1692 740 1826 798 ἀκό-

216 834 426 882 λουθον
475 816 545 897 ἦν
611 828 732 898 εξῆς
779 828 922 934 μηδε
971 827 1073 899 τὴν
1122 824 1387 898 τελευτὴν
1437 825 1826 898 ἀποσιωπῆσαι

217 908 404 967 αὐτοῦ.
469 916 528 966 τί
562 911 665 967 οὐν
705 912 797 967 καὶ
847 913 975 985 περὶ
1014 910 1216 984 ταύτης
1267 910 1496 976 Ησαῖας
1546 918 1824 980 θεσπίζει;

215 998 299 1052 55.
341 990 678 1067 ’Ἓὲνθρωπος
711 995 932 1068 (φησὶν)
967 999 1028 1053 ἐν
1067 999 1250 1068 πληγῇ
1292 992 1370 1052 ὧν
1403 997 1493 1051 καὶ
1537 995 1697 1062 είδως
1727 997 1823 1066 φέ-
1848 1017 1888 1048 10

217 1103 337 1150 ρειν
377 1085 654 1151 μαλακιαν
695 1078 978 1153 ἠτιμασθη
1020 1083 1113 1136 καὶ
1154 1079 1255 1137 οὐκ
1297 1083 1575 1151 ἐλογίσθη.
1666 1080 1825 1145 οὗτος

216 1162 311 1228 τὰς
342 1162 609 1235 ἁμαρτίας
651 1162 809 1236 ἡμῶν
848 1167 1006 1239 φέρει
1046 1189 1139 1221 και
1179 1166 1308 1235 περὶ
1347 1159 1505 1236 ἡμων
1541 1162 1823 1220 ὀδυνᾱται.

217 1252 308 1304 καὶ
350 1243 504 1320 ἡμεῖς
547 1247 916 1321 ἐλογισάμεθα
958 1248 1130 1306 αὐτὸν
1170 1248 1312 1306 εἶναι
1346 1252 1407 1305 ἐν
1436 1246 1590 1324 πόνῳ
1631 1251 1725 1304 καὶ
1765 1251 1826 1305 ἐν

167 1373 171 1383 «
217 1338 398 1405 πληγῇ
430 1334 522 1388 καὶ
555 1335 614 1388 ἐν
655 1332 919 1390 κακώσει·
964 1331 1129 1400 αὐτὸς
1169 1333 1231 1390 δὲ
1274 1336 1688 1406 ἐτραυματίσθη
1735 1331 1826 1389 διὰ

217 1416 312 1482 τὰς
344 1412 612 1488 ἁμαρτίας
643 1415 828 1490 ἡμῶν,
869 1420 961 1474 καὶ
991 1416 1390 1491 μεμαλάκισται
1432 1415 1523 1472 δια
1563 1416 1660 1483 τὰς
1698 1413 1822 1474 ἄνο-
1847 1436 1888 1468 15

216 1507 345 1572 μίας
369 1497 551 1574 ἡμῶν·
586 1507 812 1558 παιδεία
837 1501 1060 1575 εἰρήνης
1090 1501 1250 1576 ἡμῶν
1281 1500 1365 1559 ἐπ’
1403 1499 1594 1572 αὐτὸν,
1617 1506 1694 1577 τῷ
1716 1499 1828 1573 μω’-

217 1594 359 1642 λωπι
390 1583 564 1642 αὐτοῦ
598 1581 755 1659 ἡμεῖς
795 1585 1049 1688 ίαθημεν.
1103 1591 1187 1643 56.
1223 1584 1427 1651 πάντες
1470 1609 1543 1652 ως
1574 1584 1825 1659 πρόβατα

220 1669 642 1743 ἐπλανήθημεν,
704 1672 797 1727 καὶ
855 1670 1044 1745 κύριος
1093 1672 1418 1744 παρέδωκεν
1470 1667 1641 1726 αὐτὸν
1706 1683 1825 1735 ταῖς

216 1751 516 1855 εξμαρτίαις
536 1750 727 1829 ἡμῶν,
760 1757 851 1812 καὶ
885 1752 1050 1822 αὐτὸς
1092 1754 1183 1812 δια
1222 1754 1282 1811 τὸ
1324 1758 1678 1810 κεκακῶσθαι
1722 1751 1826 1810 οὐκ

216 1836 426 1910 ανοίγει
465 1838 524 1895 τὸ
569 1837 742 1911 στόμα
783 1836 980 1897 αὐτοῦ
1026 1863 1098 1904 ως
1143 1837 1434 1938 πρόβατον
1471 1839 1558 1893 ἐπὶ
1600 1837 1824 1910 σφαγὴν
1845 1858 1888 1890 20

219 1921 393 1995 ἤχθη,
439 1924 531 1978 καὶ
563 1947 635 1988 ως
676 1922 847 1995 ἀμνὸς
888 1928 1074 1980 ἔναντι
1112 1928 1210 1980 τοῦ
1252 1931 1531 1995 κείροντος
1582 1945 1823 1995 αφωνος,

216 2005 393 2072 οὕτως
423 2005 527 2062 οὐκ
557 2003 768 2078 ἀνοίγει
809 2006 870 2063 τὸ
912 2005 1110 2079 στόμα
1150 2004 1253 2078 τὴν
1292 2030 1493 2078 γενεαν
1533 2003 1705 2063 αὐτοῦ
1744 2014 1826 2072 τίς

219 2089 563 2199 διηγήσεται;
603 2089 685 2147 ὅτι
717 2099 929 2163 αἰρεται
962 2088 1069 2148 ἀπὸ
1110 2094 1204 2163 τῆς
1236 2095 1337 2163 γῆς
1377 2086 1409 2162 5
1444 2089 1550 2163 ζωὴ
1591 2088 1788 2147 αὐτοῦ
1780 2089 1820 2115 ”

217 2177 309 2231 καὶ
338 2198 404 2231 τα
443 2173 621 2231 λοιπά.
669 2179 753 2231 57.
798 2183 1055 2246 σημαίνει
1096 2176 1158 2232 δε
1200 2175 1291 2232 διὰ
1321 2173 1534 2232 τούτων
1557 2199 1630 2241 ως
1660 2198 1766 2246 αρα
1795 2171 1824 2231 ὁ

216 2258 450 2333 Χριστὸς
476 2257 626 2326 ἐκτὸς
656 2257 835 2331 πάσης
852 2255 1119 2333 ὑπάρχων
1147 2265 1518 2332 πλημμελείας
1549 2258 1644 2325 τὰς
1682 2258 1824 2331 ὑπὲρ
1847 2279 1888 2312 25

217 2341 539 2417 ἀνθρώπων
568 2342 834 2416 ἁμαρτίας
869 2350 946 2410 είς
980 2342 1179 2401 ἑαυτὸν
1203 2340 1538 2411 ἆναδέξεται.
1606 2341 1692 2399 διὸ
1731 2345 1823 2399 καὶ

217 2435 468 2485 πείσεται
498 2425 564 2484 τὰ
593 2431 706 2486 τῶν
735 2426 1128 2501 ἡμαρτηκότων
1151 2430 1243 2484 καὶ
1266 2424 1406 2498 ὑπὲρ
1430 2425 1587 2499 ἡμῶν
1615 2425 1826 2500 ὀδυνη-

217 2512 470 2584 θήσεται,
503 2509 622 2569 ἀλλ’
659 2508 762 2585 οὐχ
793 2511 939 2586 ὑπὲρ
971 2515 1190 2570 ἑαυτοῦ.·
1261 2517 1310 2568 εἰ
1352 2512 1413 2568 δὲ
1451 2513 1543 2567 καὶ
1575 2535 1823 2584 τραυμα-

216 2595 542 2670 τισθήσεται
619 2596 802 2669 λόγοις
873 2595 1221 2669 βλασφήμοις
1298 2593 1665 2668 βαλλόμενος,
1730 2597 1822 2652 καὶ

218 2680 366 2737 τοῦτ’
415 2686 577 2754 ἔργον
609 2688 760 2738 ἔσται
790 2684 902 2738 τῶν
925 2677 1205 2755 ἡμετέρων
1226 2678 1534 2752 ἁμαρτιῶν·
1585 2682 1703 2736 ἐπεὶ
1730 2681 1822 2736 καὶ
1845 2699 1885 2731 30

217 2763 608 2837 μεμαλάκισται
653 2765 741 2822 διὰ
779 2764 874 2831 τὰς
904 2762 1169 2839 ἁμαρτίας
1210 2760 1398 2837 ἡμῶν,
1448 2762 1596 2831 ὅπως
1643 2763 1819 2836 ἡμεῖς,

223 2847 585 2921 ἁνειληφότος
620 2849 794 2907 αὐτοῦ
842 2848 907 2907 τὰ
941 2849 1174 2924 ἡμέτερα
1199 2847 1602 2922 ἀμπλακήματα
1633 2852 1724 2904 καὶ
1750 2846 1815 2904 τὰ
