1992 3186
583 121 890 162 DEMONST.
923 119 1146 162 EVANG.
1169 120 1246 162 VI.
1278 121 1346 160 13.
1665 118 1770 170 369

157 249 295 296 θεον
317 234 536 309 πλάνην
559 234 1066 308 καταβεβλήκεσαν,
1097 236 1190 291 καὶ
1214 238 1289 310 τῷ
1314 233 1483 291 πάλαι
1505 240 1604 291 τοῦ
1628 240 1769 291 θεοῦ

159 325 303 398 λαςδ,
345 317 496 397 αὐτῷ
542 318 611 393 δὴ
640 327 716 396 τῷ
749 323 809 377 ἐκ
839 325 1163 393 περιτομῆς,
1212 317 1768 391 ἐπιβεβουλεύκεσαν,

159 409 252 463 καὶ
281 402 690 477 ἀποστήσαντες
731 428 795 475 γε
823 408 922 462 τοῦ
952 407 1092 461 θεοῦ
1122 405 1214 460 καὶ
1257 408 1454 460 τοῦτον
1483 410 1770 470 παντοίαις

158 493 519 564 περιέπειραν
559 494 927 560 δυσσεβείαις.
1013 487 1098 544 διὸ
1150 489 1242 544 καὶ
1293 485 1529 560 μάλιστα
1571 485 1674 559 τὴν
1717 491 1770 555 ἐξ

114 597 136 630 5
160 571 419 647 οὐρανῶν
449 579 715 646 πεποίητο
745 571 773 630 ὁ
805 571 994 644 κύριος
1025 571 1290 630 κάθοδον.
1364 576 1444 628 11.
1477 569 1616 629 ὅθεν
1648 574 1771 644 ἑξῆς

159 676 296 732 φησι
318 656 453 715 “διά
482 656 585 730 τὴν
615 657 877 728 ἀσέβειαν
900 656 1096 727 Ἰακῶβ
1140 655 1320 713 πάντα
1354 658 1528 713 ταῦτα
1567 657 1659 712 καὶ
1684 653 1769 712 >δι’

159 739 434 816 ἁμαρτίαν
473 751 631 800 οἴκου
666 738 940 813 Ἰσραήλ.”
1009 743 1102 797 καὶ
1143 746 1222 797 ἔτι
1261 740 1397 814 πρὸς
1436 739 1648 807 τούτοις
1678 747 1772 813 τῆς

161 830 215 894 ἐξ
246 825 493 898 οὐρανοῦ
524 825 775 883 καθόδου
805 827 906 882 τοῦ
947 823 1115 896 λόγου
1145 823 1247 896 τὴν
1277 831 1460 882 αἰτίαν
1492 827 1614 896 ἑξῆς
1646 830 1770 881 δια-

159 924 354 983 σαφεῖ,
396 914 494 967 τοῦ
533 911 636 983 μὲν
676 914 736 967 ἐκ
775 914 1069 983 περιτομῆς
1110 913 1247 966 λαοῦ
1295 908 1391 975 τὰς
1442 915 1772 981 δυσσεβείας
1792 932 1883 973 (273)

95 1018 137 1050 10
159 992 680 1068 ἄπαριθμούμενος,
734 995 826 1050 καὶ
878 991 975 1052 τὸν
1017 995 1106 1050 ε’πὶ
1159 992 1383 1060 ταύταις
1434 992 1774 1066 μετελθόντα

159 1077 360 1145 αὐτούς
390 1077 657 1151 ὄλεθρον,
687 1081 800 1135 τῶν
833 1078 893 1134 δὲ
923 1075 1030 1134 ἀνά
1071 1081 1256 1135 πᾶσαν
1296 1076 1397 1150 τὴν
1437 1080 1884 1150 οἰκουμένηνμμίςςη

151 1159 348 1221 Δε’θνῶν
398 1165 826 1235 προαναφωνῶν
877 1161 980 1234 τὴν
1020 1164 1230 1234 κλῆσιν.
1315 1160 1408 1219 διὰ
1455 1165 1627 1219 ταῦτα
1668 1164 1773 1235 γὰρ

161 1245 422 1320 ἐπεδήμει
451 1243 479 1303 ὁ
510 1250 608 1310 τοῦ
639 1250 778 1304 θεοῦ
809 1245 968 1318 λόγος
1000 1249 1053 1314 ἐξ
1085 1243 1346 1320 οὐρανῶν
1388 1248 1477 1303 ἐπὶ
1507 1249 1623 1319 γῆς.
1691 1251 1771 1303 12.

160 1334 251 1388 καὶ
281 1337 392 1388 τῶν
422 1355 485 1402 γε
516 1333 719 1398 λέξεων
748 1329 942 1387 ἄκουε·

97 1436 138 1468 15
281 1411 416 1471 “Ac'
453 1411 715 1487 ἀσέβειαν
745 1424 902 1471 οἴκου
925 1412 1122 1487 Ἰακῶβ
1153 1413 1334 1472 πάντα
1364 1418 1537 1472 ταῦτα
1568 1417 1660 1472 καὶ
1694 1412 1772 1472 δι’

161 1498 434 1572 ἁμαρτίαν
463 1506 622 1555 οἴκου
648 1496 877 1573 Ἰσραήλ.
939 1504 1021 1564 τίς
1051 1496 1086 1570 ἡ
1117 1497 1342 1570 ἀσέβεια
1365 1508 1524 1556 οἴκου
1551 1497 1772 1571 Ἰακῶβ;

161 1582 227 1641 οὐ
259 1581 579 1657 Σαμάρεια;
620 1584 712 1640 καὶ
752 1588 834 1648 τίς
875 1580 910 1654 ἡ
941 1581 1180 1655 ἁμαρτία
1218 1592 1374 1640 οἴκου
1399 1581 1609 1652 Ἰούδα;
1651 1582 1774 1656 οὐχὶ

154 1665 538 1741 Ἰερουσαλήμ
580 1669 674 1723 καὶ
713 1665 958 1739 θήσομαι
990 1665 1316 1740 Σαμάρειαν
1357 1673 1435 1734 εἰς
1474 1666 1774 1741 ὀπωροφυ-

162 1751 356 1809 λα’κιον
386 1749 566 1824 ἀγροῦ
603 1753 696 1807 καὶ
731 1756 809 1817 εἰς
840 1757 1078 1823 φυτείαν
1102 1750 1455 1824 ἀμπελῶνος,
1488 1754 1580 1808 καὶ
1611 1776 1773 1809 κατα-

99 1858 140 1890 20
163 1834 358 1893 σπασω
391 1841 468 1902 εἰς
499 1834 628 1908 χάος
668 1834 797 1902 τοὺς
829 1840 1025 1901 λίθους
1066 1834 1264 1909 αὐτῆς,
1306 1838 1397 1893 καὶ
1437 1834 1502 1892 τὰ
1541 1837 1774 1910 θεμέλια
1797 1861 1819 1891 b

164 1917 332 1992 αὐτῆς
362 1916 764 1988 ἆποκαλύψω.”
839 1924 918 1978 13.
953 1922 1046 1976 καὶ
1091 1922 1327 1993 ἐπιλέγει
1348 1919 1591 1993 “κατε’βη
1634 1920 1774 1978 κακὰ

164 2002 313 2077 παρὰ
344 2009 542 2078 κυρίου
575 2006 665 2060 ἐπὶ
696 2003 874 2071 πύλας
900 1999 1272 2078 Ἰερουσαλὴμ,
1306 2003 1484 2078 ψόφος
1515 2004 1775 2079 ἁρμάτων

166 2090 257 2145 καὶ
290 2086 688 2146 ίππευόντων.”
759 2093 838 2146 14.
873 2090 966 2146 καὶ
996 2082 1163 2156 αὖθις
1187 2086 1259 2162 “ῆ
1305 2091 1436 2158 δόξα
1466 2095 1563 2162 τῆς
1592 2100 1775 2162 θυγα-

165 2172 291 2247 τρὸς
326 2169 706 2246 Ἰερουσαλὴμ,
753 2172 984 2247 ξύρησαι
1022 2176 1114 2230 καὶ
1156 2188 1336 2248 κεῖραι
1377 2177 1465 2231 ἐπὶ
1505 2173 1571 2231 τὰ
1610 2177 1775 2231 τέκνα

101 2279 143 2313 25
165 2259 230 2314 τὰ
259 2256 508 2330 τρυφερά
552 2276 672 2315 σου.
736 2257 1085 2330 ε’μπλοέτυνον
1125 2258 1228 2331 τὴν
1267 2264 1495 2332 χηρείαν
1525 2277 1653 2327 σου,
1702 2255 1774 2325 ῶς

166 2339 350 2413 ἀετὸς,
393 2340 476 2398 ὅτι
515 2340 1029 2415 ᾐχμαλωτεύθησαν
1070 2341 1178 2400 ἀπὸ
1209 2340 1366 2401 σοῦ.”
1442 2344 1530 2400 ἐπὶ
1561 2341 1774 2407 τούτοις

158 2420 356 2482 ((Σιῶν
387 2424 460 2492 ῶς
491 2422 657 2500 ἆγρός
688 2423 1171 2501 ἆροτριαθήσεται,
1205 2429 1296 2484 καὶ
1321 2424 1676 2499 Ἰερουσαλὴμ
1702 2421 1774 2492 ῶς

166 2507 628 2581 ὀπωροφυλάκιον
659 2517 837 2583 ἔσται,
872 2514 964 2568 καὶ
993 2510 1052 2568 τὸ
1083 2509 1208 2582 ὅρος
1239 2517 1337 2568 τοῦ
1379 2519 1535 2567 οἴκου
1568 2515 1645 2575 είς
1676 2507 1775 2566 ἅλ-

171 2608 263 2656 σος
295 2592 562 2665 δρυμοῦ.”

281 2813 305 2851 6
339 2813 445 2854 Mic.
470 2814 507 2861 1,
533 2813 571 2852 5.
820 2817 871 2854 21
903 2816 1008 2857 Mic.
1037 2817 1071 2863 1,
1098 2817 1163 2857 12.
1424 2817 1476 2855 23
1506 2815 1614 2856 Mic.
1642 2817 1679 2867 1,
1706 2818 1768 2856 15.

172 2871 224 2908 -27
256 2868 362 2908 Mic.
388 2871 427 2919 3,
454 2870 517 2908 12.

255 2950 486 2978 EUSEBIUS
519 2951 594 2981 111.
1440 2938 1510 2990 24
