1992 3186
230 153 334 205 300
902 152 1149 194 EUSEBII

231 268 519 341 γεννητὸς,
570 271 660 325 καὶ
692 267 720 324 ὁ
752 292 853 340 μεν
884 266 1082 373 πατὴρ,
1114 268 1142 324 ὁ
1177 269 1234 325 δὲ
1266 267 1400 334 υἰός.
1457 267 1838 370 προϋπάρχειν

232 356 292 411 δε
334 357 425 410 καὶ
457 350 878 425 προϋφεστάναι
911 355 1119 453 πατέρα
1150 357 1279 409 υἱοῦ
1312 358 1420 419 πᾶς
1450 350 1597 420 ὅστις
1630 345 1787 410 οὖν
1765 377 1836 410 αν

228 435 633 511 ὁμολογήσειεν.
703 439 787 492 21.
839 444 923 508 εἴη
957 433 1009 492 δ’
1044 432 1113 492 ἀν
1143 435 1312 510 ταύτῃ
1345 440 1435 494 καὶ
1470 436 1637 494 εἰκών
1676 440 1836 508 θεοῦ,

181 543 201 575 <1
229 519 475 596 ἀρρήτως
507 519 674 577 πάλιν
705 523 796 576 καὶ
827 519 1260 592 ἀνεπιλογίστως
1284 520 1435 594 ἡμῖν,
1469 525 1666 589 ζῶντος
1699 525 1838 579 θεοῦ

231 604 376 674 ζῶσά
415 629 496 672 τις
539 607 631 661 καὶ
662 603 791 662 καθ’
830 603 1004 676 αὑτὴν
1034 601 1331 677 ὑφεστῶσα
1364 601 1548 672 ἀῦλως
1581 608 1673 662 καὶ
1697 604 1837 663 ἀσω-
1861 635 1881 666 5

227 689 407 762 μάτως
458 691 549 746 καὶ
598 691 698 745 τοῦ
739 692 994 747 ἐναντίου
1039 687 1242 754 παντὸς
1283 687 1520 762 ἀμιγῶς,
1564 687 1682 746 ἀλλ’
1736 687 1839 762 ούχ

228 779 318 831 οἵα
349 798 429 840 τις
461 773 629 831 πάλιν
661 773 694 845 ἡ
726 771 860 845 παρ’
895 769 1030 846 ἡμῖν
1063 772 1257 846 εἰκών,
1290 777 1478 847 ἕτερον
1508 775 1609 847 μὲν
1641 782 1841 847 ἔχουσα

228 857 286 916 τὸ
331 855 454 915 κατ’
499 857 702 915 ούσιάν
747 857 1151 930 ὑποκείμενον,
1208 860 1398 932 ἕτερον
1448 859 1508 915 δὲ
1558 856 1618 915 τὸ
1673 858 1838 929 εἶδος,

228 940 351 999 ἀλλ’
395 941 526 1000 ὅλον
569 940 704 999 αύτό
747 943 892 1008 εἶδος
935 937 1043 1014 ὦν,
1086 944 1178 999 καὶ
1221 939 1527 1018 αύτοουσία
1567 946 1644 1019 τῷ
1674 944 1838 1013 πατρὶ

229 1025 667 1100 ἀφομοιούμενος
688 1071 702 1098 ,
735 1025 882 1083 οὕτω
917 1027 978 1083 δὲ
1008 1029 1101 1083 καὶ
1133 1026 1472 1099 ζωτικωτάτη
1502 1031 1602 1084 τοῦ
1634 1025 1838 1100 πατρὸς
1861 1058 1902 1089 10

231 1110 437 1168 εὐωδία
466 1110 757 1184 τυγχάνει,
802 1110 1050 1183 ἀρρήτως
1094 1110 1228 1184 ἡμῖν
1259 1109 1426 1168 πάλιν
1456 1114 1548 1168 καὶ
1579 1108 1838 1169 ἀνεπιλο-

230 1203 442 1268 γίστως.
522 1200 604 1252 22.
655 1197 773 1252 ἐπεὶ
815 1197 906 1252 καὶ
948 1194 1157 1267 πάντα,
1199 1194 1300 1251 ὅσα
1344 1198 1457 1252 ἐστὶ
1498 1198 1624 1268 περὶ
1665 1195 1837 1252 αὐτὸν

226 1278 445 1351 ἀληθῆ,
479 1277 689 1354 ἄρρητα
720 1276 790 1336 ἂν
824 1288 908 1351 εἰή
941 1277 1261 1352 ἀνθρώπων
1294 1294 1538 1351 φωναῖς,
1571 1282 1663 1336 καὶ
1694 1288 1837 1352 λογι-

226 1378 381 1436 σμοῖς
412 1368 638 1436 θνητῶν
669 1361 1059 1436 ἀνεπιλόγιστα
1101 1363 1236 1420 κατὰ
1274 1362 1369 1420 τὸν
1410 1360 1612 1436 ἀκριβῆ
1655 1363 1834 1437 λόγον.

114 1444 363 1508 (216)ἀλλά
405 1447 510 1521 γὰρ
552 1448 623 1515 ὡς
663 1444 796 1520 ἡμῖν
837 1446 1065 1504 ἀκούειν
1112 1453 1306 1520 φίλον,
1361 1452 1593 1505 τοιῶσδε
1635 1452 1727 1505 καὶ
1771 1446 1836 1505 τὰ
1860 1477 1901 1509 15

224 1530 383 1603 λόγια
425 1531 695 1590 παιδεύει.
778 1536 862 1589 23.
925 1529 958 1604 ἢ
1001 1530 1124 1604 οὐχὶ
1167 1535 1256 1588 καὶ
1305 1537 1549 1603 Χριστοῦ
1590 1531 1837 1590 εὐωδίαν

226 1613 387 1683 αὐτὸς
430 1617 629 1674 ἑαυτὸν
672 1619 764 1673 καὶ
804 1614 932 1683 τούς
973 1613 1125 1691 αὐτῷ
1165 1622 1585 1689 παραπλησίους
1629 1613 1658 1673 ὁ
1693 1615 1836 1689 ἱερὸς

224 1699 527 1768 ἀπόστολος
560 1714 886 1774 προσεῖπεν,
922 1699 1012 1758 δια
1043 1699 1148 1772 την
1177 1703 1276 1757 τοῦ
1307 1707 1550 1773 Χριστοῦ
1591 1699 1832 1774 πνεύμα-

223 1809 312 1850 τος
349 1784 617 1859 μετοχήν,
661 1783 840 1859 μύρον
880 1808 939 1842 τε
971 1785 1286 1842 ἐκκενωθὲν
1326 1784 1355 1840 ὁ
1397 1781 1655 1855 οὐράνιος
1693 1809 1835 1857 νυμ-

222 1875 348 1940 φίος
391 1873 451 1926 ἐν
493 1885 606 1936 τοῖς
634 1867 928 1971 ’Ἁισμασιν
969 1865 1363 1975 ἀνηγόρευται;
1411 1867 1495 1925 διὸ
1534 1873 1629 1940 τῆς
1661 1867 1835 1926 αὐτου
1856 1896 1898 1928 20

225 1952 570 2060 ἐκκενωσεως
599 1953 665 2009 τὰ
695 1951 874 2009 πάντα
905 1950 1073 2025 ὁρατά
1113 1974 1171 2007 τε
1211 1953 1301 2007 καὶ
1333 1950 1567 2023 ἀόρατα,
1610 1951 1834 2054 σωματά

222 2059 280 2092 τε
321 2038 412 2093 καὶ
453 2035 744 2109 ἀσωματα,
794 2034 984 2107 λογικά
1034 2059 1093 2092 τε
1131 2038 1222 2092 καὶ
1260 2034 1431 2108 ἄλογα
1472 2036 1831 2110 μετασχόντα,

223 2117 508 2191 ἀναλόγως
539 2123 867 2192 κατηξίωται
897 2126 1219 2192 μετουσίας,
1265 2123 1356 2176 καὶ
1395 2125 1491 2192 τῆς
1531 2125 1627 2178 τοῦ
1668 2128 1832 2179 θείου

177 2229 196 2259 b
222 2202 388 2275 λόγου
427 2210 723 2276 μετείληφε
763 2210 1072 2269 κοινωνίας.
1141 2207 1224 2260 24.
1273 2203 1473 2277 ταύτης
1514 2228 1577 2277 γε
1615 2211 1710 2277 τῆς
1743 2209 1827 2262 ἐν·

220 2291 359 2346 θέου
389 2291 559 2360 πνοῆς
590 2287 690 2360 τὴν
721 2285 1018 2360 ἀντίληψιν
1039 2302 1151 2353 τοῖς
1174 2287 1270 2354 τὰς
1295 2288 1515 2360 λογικὰς
1541 2288 1831 2360 αἰσθήσεις
1853 2315 1896 2346 25

220 2371 294 2444 μή
337 2374 752 2445 πεπηρωμένοις
793 2372 820 2428 ὁ
863 2370 1082 2443 σύμπας
1128 2368 1438 2428 ἀποδίδωσι
1481 2370 1710 2444 κόσμος,
1757 2369 1829 2438 ὥς

220 2454 284 2511 τὰ
315 2460 380 2530 τῇ
422 2455 591 2529 φύσει
631 2455 814 2529 γεώδη
859 2458 950 2512 καὶ
991 2449 1216 2558 φθαρτὰ
1258 2455 1480 2528 σώματα
1523 2460 1618 2528 τῆς
1649 2454 1828 2513 ἀύλου

220 2542 311 2596 καὶ
364 2539 644 2613 ἀκηράτου
699 2539 937 2607 εὐωδίας
985 2538 1287 2611 ἀποπνεῖν,
1342 2539 1676 2612 πηγάζοντος
1727 2542 1830 2613 μὲν

218 2628 443 2681 ἄνωθεν
493 2629 591 2681 τοῦ
637 2649 749 2682 των
801 2623 947 2681 ὅλων
997 2626 1168 2694 θεοῦ,
1221 2621 1280 2689 ὃς
1330 2647 1428 2680 του
1494 2630 1828 2697 μονογενοῦς

219 2706 396 2764 αὑτοῦ
428 2709 594 2780 λόγου
626 2709 808 2780 πατὴρ
841 2733 919 2764 ων
959 2706 1125 2773 αὐτὸς
1167 2731 1236 2764 αν
1270 2717 1352 2780 εἰη
1383 2707 1442 2764 τὸ
1479 2713 1700 2780 πρῶτον
1733 2712 1821 2764 καὶ
1849 2733 1890 2764 30

333 2902 382 2939 19
416 2898 548 2942 Cant,
578 2904 611 2950 1,
636 2903 674 2941 ·2.
