1992 3186
563 114 874 157 DEMONST.
905 115 1125 157 EVANG,
1156 116 1211 156 V.
1236 116 1276 154 2.
1300 117 1342 156 3.
1654 112 1760 165 305

149 232 571 303 προδηλωθέντι
602 232 825 306 Χριστῷ
852 231 942 286 καὶ
975 236 1197 302 βασιλεῖ
1234 230 1326 285 καὶ
1356 234 1473 305 θεῷ
1504 252 1756 301 νυμφευ-

148 321 343 387 θείσης
362 359 377 387 ,
409 311 605 387 κύριόν
634 337 692 370 τε
723 311 892 371 αὐτὸν
921 311 1394 388 ἀναγορευούσης,
1440 315 1529 370 ε’πὶ
1572 312 1673 385 τὴν
1706 315 1759 381 ἐξ

151 403 336 457 ἐθνῶν
369 401 663 470 ἐκκλησίαν
681 442 695 469 ,
726 397 828 470 τὴν
858 396 1120 474 πατρςόαν
1151 399 1242 454 καὶ
1266 396 1595 469 δαιμονικὴν
1625 395 1758 454 ἀπο-
1782 421 1803 453 b

149 495 490 558 στραφεῖσαν
511 480 748 554 πλάνην,
775 484 1172 555 καθηραμένην
1195 505 1253 538 τε
1277 483 1368 538 καὶ
1395 487 1461 555 τῇ
1483 485 1582 538 τοῦ
1595 487 1759 538 θείου

103 590 124 622 5
148 566 315 639 λόγου
346 572 610 641 κοινωνία
640 570 1175 640 καθαρμοσαμένην,
1211 562 1532 639 ἆναφέροιτ’
1566 562 1636 622 ἂν
1665 568 1761 639 τῆς

146 650 530 726 προσηκούσης
560 649 903 723 τυγχάνοντα
934 649 1070 706 κατὰ
1101 648 1304 723 σχολὴν
1338 652 1643 722 ἑρμηνείας.

273 735 356 790 III.
380 731 599 794 “Εἷπεν
628 734 656 791 ὁ
678 733 866 808 κύριος
895 738 970 810 τῷ
1002 740 1178 809 κυρίῳ
1203 759 1329 806 μου,
1362 733 1544 790 κάθου
1578 737 1635 790 ἐκ
1668 739 1754 790 δε·
1779 758 1803 790 d

147 823 278 888 ξιῶν
318 844 452 893 μου,
494 821 595 884 ἕως
635 814 704 875 ἄν
744 821 835 875 θῶ
874 817 1001 885 τοὺς
1044 816 1278 891 ἐχθρούς
1318 837 1420 874 σου
1449 816 1760 875 ὑποπόδιον

146 907 258 960 τῶν
297 907 487 962 ποδῶν
528 919 644 959 σου.
709 900 922 976 ῥάβδον
965 900 1254 974 δυνάμεως
1296 904 1645 969 ἐξαποστελεῑ
1674 922 1761 958 σοι

83 1011 124 1042 10
148 985 334 1058 κύριος
379 991 438 1044 ἐκ
477 986 660 1059 Σιῶν,
714 988 806 1042 καὶ
860 984 1314 1058 κατακυριεύσεις
1358 989 1416 1042 ἐν
1458 987 1607 1062 μέσω
1647 989 1761 1042 τῶν

147 1075 369 1145 ἐχθρῶν
399 1088 516 1128 σου.
592 1095 726 1143 μετα
768 1075 870 1127 σοῦ
913 1066 946 1141 ἡ
978 1068 1117 1143 αρχὴ
1151 1073 1210 1127 ἐν
1240 1068 1415 1144 ἡμέρα
1457 1075 1551 1142 τῆς
1586 1068 1762 1126 δυνα-

145 1180 288 1228 μεως
332 1175 463 1227 σου,
511 1158 570 1211 ἐν
609 1169 728 1221 ταῖς
775 1153 1120 1228 λαμπρότησι
1160 1158 1273 1212 τῶν
1313 1150 1487 1226 ἁγίων
1519 1172 1635 1211 σου.
1701 1157 1759 1210 ἐκ

146 1237 378 1313 γαστρὸς
408 1236 514 1313 πρὸ
549 1237 839 1312 ἕωσφόρου
868 1237 1176 1311 γεγέννηκα
1206 1256 1283 1295 σε.
1360 1236 1540 1311 ὤμοσε
1570 1237 1760 1307 κύριος

148 1325 239 1380 καὶ
279 1323 344 1380 οὐ
386 1322 927 1396 μεταμεληθήσεται,
981 1320 1049 1380 σύ
1094 1320 1277 1398 ἱερεύς
1322 1328 1398 1389 εἰς
1445 1321 1542 1380 τὸν
1582 1328 1760 1379 αἰῶνα

83 1429 124 1461 15
149 1406 284 1464 κατὰ
315 1405 415 1479 τὴν
444 1406 599 1474 τάξιν
630 1403 1033 1479 Μελχισεδέκ.”

274 1495 322 1548 2.
354 1489 563 1564 Κύριος
596 1494 656 1547 ἐκ
688 1493 884 1557 δεξιῶν
914 1507 1031 1547 σου.
1074 1489 1170 1546 τὸν
1198 1494 1417 1562 σωτῆρα
1439 1492 1530 1546 καὶ
1563 1489 1760 1562 κύριον

146 1573 332 1647 ἡμῶν,
375 1572 473 1631 τὸν
517 1573 866 1648 πρωτότοκον
906 1572 1084 1645 πάσης
1125 1580 1351 1639 κτίσεως
1391 1579 1529 1631 θεοῦ
1572 1572 1757 1646 λόγον,

146 1657 247 1730 τὴν
286 1658 391 1731 πρὸ
432 1661 631 1723 αἰῶνος
673 1664 905 1731 σοφίαν,
958 1656 1062 1729 τὴν
1102 1654 1276 1731 ἀρχὴν
1315 1661 1428 1714 τῶν
1468 1656 1618 1714 ὁδῶν
1658 1663 1758 1714 τοῦ

145 1747 312 1813 θεοῦ,
343 1741 403 1798 τὸ
434 1741 782 1816 πρωτότοκον
812 1743 903 1798 καὶ
933 1743 1227 1815 μονογενὲς
1267 1745 1365 1798 τοῦ
1396 1739 1598 1814 πατρὸς
1628 1744 1758 1813 γέν-
1782 1767 1870 1807 (220)

83 1849 125 1881 20
147 1850 311 1899 νημα,
344 1824 440 1883 τὸν
470 1829 539 1900 τῇ
558 1830 654 1882 τοῦ
671 1829 914 1898 Χριστοῦ
943 1825 1253 1899 τιμώμενον
1275 1831 1635 1900 προσηγορία,
1668 1828 1760 1882 καὶ

145 1909 175 1967 ὅ
206 1907 400 1985 παρῶν
436 1908 663 1983 Ψαλμὸς
703 1908 899 1983 κύριον
927 1909 1221 1981 ἀποκαλεῖ,
1268 1908 1550 1966 διδάσκων
1590 1906 1761 1966 αὐτὸν

150 1994 290 2051 εἶναι
322 1993 643 2068 σύνθρονον
672 1993 809 2067 ὁμοῦ
841 1996 932 2051 καὶ
963 1993 1091 2051 υιὸν
1120 1997 1220 2051 τοῦ
1244 1995 1329 2051 ε’πὶ
1364 2016 1590 2050 παντων
1620 1996 1761 2050 θεοῦ

145 2101 206 2135 τε
238 2081 328 2135 καὶ
352 2084 550 2152 κυρίου
572 2082 684 2136 τῶν
707 2076 872 2150 ὅλων,
907 2077 1135 2136 αἰώνιόν
1155 2103 1213 2136 τε
1241 2079 1339 2135 τοῦ
1363 2078 1566 2150 πατρὸς
1594 2080 1757 2152 ἱερέα.

147 2167 194 2219 3.
229 2166 447 2236 πρῶτον
481 2160 548 2234 δὴ
579 2155 684 2219 οὖν
716 2165 1014 2234 ἐπίστησον
1046 2161 1118 2229 ῶς
1161 2161 1270 2236 ἤδη
1300 2166 1463 2220 τοῦτο
1498 2161 1760 2235 δεύτερον

82 2267 124 2300 25
147 2247 392 2319 γέννημα
415 2250 557 2304 θεοῦ
579 2245 1032 2321 προσηγόρευται.
1076 2249 1168 2304 καὶ
1201 2249 1320 2304 ἐπεὶ
1344 2249 1485 2304 θεοῦ
1507 2270 1569 2318 γε
1593 2245 1759 2303 πνεύ-

146 2355 272 2402 ματι
315 2329 381 2387 τὰ
418 2334 513 2403 τῆς
545 2337 881 2404 προφητείας
924 2327 1058 2404 ἡμῖν
1090 2333 1348 2407 εἰρῆσθαι
1379 2338 1758 2401 πεπίστευται,

145 2411 247 2485 ὅρα
293 2421 344 2471 εἰ
379 2414 453 2488 μή
495 2413 629 2472 αὐτὸ
671 2413 739 2487 δὴ
769 2413 828 2471 τὸ
862 2418 922 2472 ἐν
952 2419 1027 2491 τῷ
1059 2414 1314 2490 προφήτῃ
1347 2421 1564 2487 πνεῦμα
1595 2411 1754 2485 ἅγιον
1781 2439 1868 2481 [139]

149 2499 349 2553 ἑαυτοῦ
387 2498 581 2570 κύριον
623 2498 886 2573 δεύτερον
926 2497 1059 2571 μετὰ
1100 2499 1197 2556 τὸν
1226 2502 1338 2556 τῶν
1377 2495 1522 2555 ὅλων
1553 2494 1757 2570 ἄναγο-
1782 2524 1803 2556 b

149 2578 313 2653 ρεύει.
387 2580 545 2639 “εἶπε
586 2582 690 2656 γὰρ
733 2583 955 2656 (φησὶν)
997 2581 1025 2639 ὁ
1066 2581 1256 2655 κύριος
1306 2588 1381 2659 τῷ
1421 2587 1596 2658 κυρίῳ
1627 2606 1755 2655 μου,

83 2685 125 2717 30
149 2661 332 2720 κάθου
375 2669 434 2720 ἐκ
478 2669 674 2732 δεξιῶν
714 2665 875 2740 μου.”
947 2666 1044 2725 τὸν
1075 2673 1295 2740 πρῶτον
1325 2664 1551 2740 κύριον,
1585 2665 1657 2732 ῶς
1689 2661 1759 2724 ἂν

146 2746 393 2804 καθόλου
433 2751 542 2806 τῶν
582 2748 844 2807 ἁπάντων
888 2749 1189 2824 δεσπότην,
1225 2747 1468 2824 Ἑβραῖοι
1508 2747 1757 2824 ἆνεκφω-

145 2830 292 2907 νήτῳ
345 2831 647 2905 προσρήσει
699 2838 765 2907 τῇ
822 2834 911 2891 διὰ
963 2839 1075 2892 τῶν
1131 2834 1416 2910 τεσσάρων
1469 2841 1758 2909 στοιχείων

230 2938 460 2967 EUSEBIUS
495 2940 570 2968 111.
1390 2928 1459 2979 20
