1946 3158
234 134 334 186 15ss
902 133 1149 174 EUSEBII

231 250 502 324 ἀχθέντα,
546 251 637 307 καὶ
667 246 774 306 ἀπὸ
814 251 925 306 τῶν
955 245 1201 322 ἀνομιῶν
1230 253 1327 306 τοῦ
1360 247 1646 307 Ἰουδαίων
1702 254 1839 308 λαοῦ

232 334 460 412 θανάτῳ
491 336 915 409 παραδοθέντα,
948 335 1039 389 καὶ
1070 333 1205 406 μετὰ
1245 330 1470 406 ἀνόμων
1507 338 1839 406 λογισθέντα

232 423 379 493 ταφῇ
409 442 466 476 τε
505 420 927 492 παραδοθέντα,
961 417 1077 474 εἶτα
1122 416 1557 491 καθαριζόμενον
1592 417 1702 475 ὑπὸ
1742 425 1839 476 τοῦ

232 511 449 576 κυρίου,
481 505 572 559 καὶ
603 508 722 574 φῶς
753 499 886 575 παρ’
931 498 1081 578 αὐτῷ
1111 500 1422 575 ὀψόμενον,
1457 505 1549 559 καὶ
1579 510 1839 577 κληρονο-

231 595 440 661 μοῦντα
472 584 737 658 πολλοὺς,
762 589 854 643 καὶ
884 592 1061 642 σκῦλα
1083 601 1195 653 τοῖς
1227 592 1449 652 οἰκείοις
1477 590 1838 660 διανέμοντας
1861 613 1882 645 5

232 674 322 728 καὶ
365 670 542 737 ἄλλως
590 671 652 727 δὲ
691 673 818 744 περὶ
859 675 954 742 τῆς
995 670 1130 744 μετὰ
1169 669 1266 729 τὸν
1308 669 1558 728 θάνατον
1598 669 1843 744 ἀναβιῶ-

232 778 372 823 σεως
403 752 574 812 αὐτοῦ
605 757 752 827 λέγει
782 777 892 812 που
931 753 1304 828 προφητεύων
1336 758 1394 812 ἐκ
1423 754 1724 828 προσώπου
1745 762 1842 813 τοῦ

194 876 204 898 ,
232 846 472 911 Χριστοῦ
501 838 530 896 ὁ
562 844 751 911 Δαβὶδ
774 835 913 897 “οὗκ
944 843 1357 912 ἐγκαταλείψεις
1385 837 1487 912 τὴν
1521 838 1706 914 ψυχήν
1735 864 1843 914 μου

236 932 312 990 είς
334 923 550 998 Ἅιδην,
574 921 708 981 οὐδὲ
732 923 930 991 δώσεις
971 923 1068 982 τὸν
1097 923 1253 982 ὅσιόν
1284 943 1386 982 σου
1421 929 1566 981 ἰδεῖν
1609 929 1845 997 διαφθο-

232 1007 383 1081 ραν.”
445 1014 525 1066 71.
571 1011 663 1065 καὶ
693 1007 863 1066 πάλιν
896 1006 1112 1083 ((κύριε,
1145 1006 1421 1081 ἀνήγαγες
1447 1006 1712 1076 ἐξ”Ἀιδου
1742 1008 1844 1081 τὴν
1865 1037 1907 1070 10

232 1092 416 1166 ψυχήν
458 1117 593 1166 μου,
637 1091 847 1159 ἔσωσας
877 1118 944 1166 με
986 1090 1095 1150 ἀπὸ
1126 1099 1238 1150 τῶν
1278 1091 1730 1164 καταβαινόντων
1765 1099 1842 1159 εἰς

233 1175 483 1234 λάκκον.”
553 1179 644 1233 καὶ
677 1176 845 1234 πάλιν
867 1174 934 1234 “6
964 1173 1130 1245 ὑψῶν
1160 1200 1228 1250 με
1270 1180 1328 1234 ἐκ
1357 1182 1469 1234 τῶν
1511 1183 1708 1234 πυλῶν
1745 1184 1843 1235 τοῦ

232 1259 665 1334 θανάτου,ὅπως
689 1257 760 1319 ἂν
784 1264 1079 1334 ἐξαγγείλω
1099 1261 1277 1329 πάσας
1300 1260 1394 1328 τὰς
1420 1263 1658 1328 αἰνέσεις
1689 1260 1838 1318 σου.”

363 1350 442 1403 72.
501 1344 724 1412 Τούτοις
756 1347 816 1403 δὲ
847 1350 1017 1404 πᾶσιν
1047 1345 1376 1418 ἀντιβλέψαι
1401 1343 1682 1403 δύνασθαι
1711 1344 1844 1403 οὐδὲ

231 1430 358 1498 τοὺς
389 1429 608 1502 σφόδρα
638 1428 1162 1503 ἀγνωμονεστάτους
1191 1429 1446 1503 ἡγοῦμαι.
1519 1430 1666 1502 πλὴν
1704 1427 1844 1487 ἀλλά
1866 1458 1908 1489 15

233 1522 327 1586 τῆς
366 1511 596 1572 ‘Heaffov
636 1522 975 1587 προφητείας
1015 1514 1075 1571 τὸ
1117 1517 1486 1588 συμπέρασμα
1530 1513 1632 1587 τὴν
1675 1513 1845 1572 πάλαι

235 1614 458 1671 στεῖραν
490 1600 582 1656 καὶ
614 1605 819 1673 ἔρημον
848 1602 990 1656 θεοῦ
1028 1597 1243 1672 ψυχὴν,
1283 1597 1318 1672 ἢ
1358 1601 1450 1656 καὶ
1493 1605 1703 1672 μᾶλλον
1740 1599 1843 1671 τὴν

239 1689 290 1752 ἑξ
334 1688 521 1741 ἐθνῶν
562 1687 886 1756 ἐκκλησίαν,
933 1681 1340 1756 εὐαγγελίζεται
1399 1682 1723 1749 ἀκολούθως
1773 1690 1840 1757 τῇ

231 1776 446 1844 θεωρία
475 1771 587 1825 τῶν
612 1771 934 1842 εἰρημένων.
999 1773 1081 1825 73.
1110 1765 1299 1841 ἐπειδὴ
1329 1767 1433 1842 γὰρ
1462 1767 1527 1824 τὰ
1557 1767 1739 1824 πάντα
1764 1766 1837 1824 δι’

233 1852 409 1924 αὐτὴν
447 1851 476 1909 ὁ
516 1851 748 1926 Χριστὸς
785 1851 1111 1925 ὑπέμεινεν,
1143 1850 1364 1918 εἰκότως
1407 1850 1543 1925 μετὰ
1581 1850 1677 1919 τὰς
1715 1854 1843 1926 περὶ
1864 1880 1906 1913 20

234 1934 406 1994 αὐτοῦ
473 1935 804 2010 προρρήσεις
874 1937 1124 2009 ἐπιφέρει
1190 1938 1369 2008 λέγων
1438 1935 1467 1955 “
1491 1934 1842 2010 εὐφράνθητι

233 2034 420 2094 στεῖρα
450 2019 482 2093 ἡ
514 2019 582 2077 οὐ
611 2027 899 2092 τίκτουσα,
932 2023 1099 2094 ῥῆξον
1129 2022 1221 2076 καὶ
1253 2019 1463 2093 βόησον
1496 2017 1530 2093 ἡ
1565 2018 1669 2078 οὐκ
1708 2019 1843 2078 ὠδί-

232 2122 438 2176 νουσα,
498 2102 581 2160 ὅτι
631 2104 806 2160 πολλὰ
845 2104 911 2160 τὰ
955 2108 1121 2162 τέκνα
1162 2111 1259 2177 τῆς
1313 2104 1518 2179 ἐρήμου
1558 2109 1769 2178 μᾶλλον
1807 2101 1841 2176 ἢ

234 2195 328 2260 τῆς
375 2187 602 2261 ἐχούσης
642 2186 739 2245 τὸν
777 2188 972 2261 ἄνδρα.
1035 2189 1190 2246 εἶπεν
1228 2187 1333 2264 γὰρ
1375 2189 1591 2262 κύριος,
1632 2188 1843 2247 πλάτυ-

237 2298 335 2330 νον
357 2271 455 2330 τὸν
484 2270 655 2329 τόπον
694 2278 792 2344 τῆς
822 2279 1028 2345 σκηνῆς
1071 2292 1175 2330 σου
1215 2277 1308 2330 καὶ
1345 2273 1442 2341 τοὶς
1485 2278 1698 2347 δέρρεις
1727 2279 1840 2331 τῶν
1861 2301 1904 2333 25

236 2357 483 2415 αὐλαιῶν
513 2374 615 2414 σου
659 2359 853 2430 πῆξον,
884 2355 958 2430 μὴ
988 2364 1183 2431 φείσῃ·
1215 2356 1498 2416 πλάτυνον
1527 2358 1592 2414 τὰ
1631 2363 1842 2430 σχοινί-

236 2441 412 2515 σματά
444 2460 565 2514 σου,
597 2442 689 2498 καὶ
720 2439 848 2508 τούς
879 2440 1196 2508 πασσάλους
1227 2460 1330 2499 σου
1361 2448 1718 2515 κατίσχυσον·
1762 2449 1842 2499 ἔτι

237 2533 316 2593 εἰς
347 2526 411 2583 τὰ
443 2523 594 2594 δεξιὰ
639 2528 731 2582 καὶ
763 2531 841 2591 εἰς
871 2525 936 2583 τὰ
967 2523 1227 2598 ἀριστερὰ
1268 2529 1595 2599 ἐκπέτασον,
1643 2528 1734 2583 καὶ
1778 2523 1839 2583 τὸ

236 2614 451 2684 σπέρμα
482 2629 584 2667 σου
615 2617 757 2683 ἔθνη
787 2606 1235 2684 κληρονομήσει.”

350 2831 374 2871 8
405 2831 479 2870 Ps.
521 2832 595 2883 16,
641 2834 705 2874 10.
940 2833 991 2871 10
1022 2831 1095 2871 Ps.
1120 2833 1195 2881 30,
1219 2834 1260 2874 3.
1492 2834 1541 2871 12
1572 2831 1648 2874 ΡΞ.
1681 2833 1720 2881 9,
1775 2833 1840 2871 13.

237 2888 288 2926 22
321 2886 398 2926 Es.
421 2888 488 2936 54,
515 2889 550 2925 1.
