1992 3186
581 132 888 174 DEMONST.
921 132 1141 174 EVANG.
1175 133 1252 175 lx.
1285 134 1325 177 8.
1665 131 1766 183 591

162 253 323 306 δεῦτε
362 245 542 304 ὀπίσω
582 271 720 320 μου,
782 249 873 304 καὶ
913 246 1126 320 ποιήσω
1156 245 1299 320 ὑμᾶς
1339 245 1511 314 ἁλιεῖς
1542 244 1770 320 ἄνθρω-

159 354 295 390 πων.
356 336 405 387 4.
441 336 497 389 οἱ
525 333 586 388 δὲ
618 330 833 398 εὐθέως
862 330 1096 403 ἀφέντες
1126 330 1192 388 τά
1227 337 1425 389 δίκτυα
1455 328 1769 404 ἠκολούθη-

158 434 265 474 σαν
317 415 482 493 αὐτῷ.
567 419 659 473 καὶ
710 415 921 490 προβὰς
975 419 1196 473 ἐκεῖθεν
1236 417 1387 474 εἶδεν
1425 414 1627 482 ἄλλους
1668 415 1768 473 δύο

156 499 465 574 ἀδελφοὺς,
491 499 755 571 Ἰάκωβον
785 499 881 557 τὸν
910 506 1008 557 τοῦ
1039 506 1347 572 Ζεβεδαίου
1392 503 1484 557 καὶ
1508 498 1770 574 Ἰωάννην

116 611 135 642 5
158 585 255 642 τὸν
285 584 535 657 ἀδελφὸν
558 583 750 656 αὐτοῦ,
784 587 844 642 ἐν
873 589 947 661 τῷ
971 591 1146 660 πλοίῳ
1176 583 1310 657 μετὰ
1341 590 1650 658 Ζεβεδαίου
1673 590 1770 643 τοῦ

157 670 362 743 πατρὸς
403 667 590 726 αὐτῶν
629 674 1047 742 καταρτίζοντας
1077 668 1143 724 τὰ
1175 675 1373 726 δίκτυα
1417 669 1629 741 αὐτῶν,
1678 670 1770 726 καὶ

159 752 420 811 ἐκάλεσεν
460 751 688 820 αὐτούς·
744 758 802 810 οἱ
843 754 905 810 δὲ
947 750 1159 819 εὐθέως
1198 750 1432 825 άφέντες
1474 754 1534 810 τὸ
1573 761 1770 811 πλοῖον

157 840 249 894 καὶ
290 837 386 894 τὸν
425 840 633 910 πατέρα
673 836 858 894 αὐτῶν
897 835 1292 910 ἠκολούθησαν
1338 838 1502 915 αὐτῷ.
1578 842 1626 895 5.
1678 840 1770 894 καὶ

156 928 422 995 περιῆγεν
451 918 480 978 ὁ
503 921 711 994 Ἰησοῦς
740 918 877 993 ὅλην
906 919 1007 995 τὴν
1038 929 1363 995 Γαλιλαίαν,
1398 920 1679 980 διδάσκων
1712 925 1771 979 ἐν

92 1033 132 1064 10
155 1021 275 1073 ταῖς
306 1020 659 1079 συναγωγαῖς
691 1006 896 1078 αὐτῶν,
928 1009 1021 1062 καὶ
1041 1005 1339 1081 κηρύσσων
1359 1005 1420 1063 τὸ
1446 1003 1770 1079 εὐαγγέλιον
1790 1031 1880 1071 (439)

155 1094 250 1164 τῆς
280 1097 591 1162 βασιλείας,
626 1093 718 1147 καὶ
748 1089 1087 1164 θεραπεύων
1116 1094 1301 1148 πᾶσαν
1341 1090 1511 1148 νόσον
1541 1094 1633 1147 καὶ
1665 1095 1770 1147 πᾶ-

155 1194 262 1232 σαν
290 1181 567 1248 μαλακίαν
599 1179 660 1231 ἐν
698 1177 776 1251 τςό
815 1178 960 1250 λαῷ,
1003 1178 1095 1231 καὶ
1127 1173 1385 1247 ἀπῆλθεν
1423 1171 1459 1246 ἡ
1501 1172 1639 1248 ἀκοὴ
1670 1172 1772 1231 αὐ-

154 1264 252 1316 τοῦ
295 1265 374 1326 εἰς
421 1257 557 1332 ὅλην
608 1259 710 1331 τὴν
756 1265 1005 1334 Συρίαν,
1059 1262 1152 1316 καὶ
1192 1258 1581 1332 προσήνεγκαν
1622 1257 1773 1336 αὐτῷ

155 1342 365 1410 πάντας
414 1341 543 1409 τούς
592 1347 772 1409 κακῶς
822 1350 1077 1417 ἔχοντας,
1122 1350 1396 1411 ποικίλαις
1444 1343 1629 1411 νόσοις
1679 1345 1770 1400 καὶ

93 1454 133 1484 15
155 1427 420 1500 βασάνοις
459 1430 892 1501 συνεχομένους,
929 1431 1442 1501 δαιμονιζομένους,
1484 1431 1575 1485 καὶ
1610 1436 1773 1500 σελη-

154 1515 536 1584 νιαζομένους,
598 1515 691 1569 καὶ
741 1511 1184 1587 παραλυτικοῦς,
1247 1515 1336 1569 καὶ
1392 1511 1773 1586 ἐθεράπευσεν

154 1594 382 1667 αὐτοὺς,
437 1599 527 1653 καὶ
580 1593 974 1669 ἠκολούθησαν
1025 1596 1177 1672 αὐτῷ
1229 1595 1380 1669 ὄχλοι
1422 1599 1614 1653 πολλοὶ
1666 1593 1772 1652 άπὸ

154 1688 248 1753 τῆς
301 1679 657 1747 Γαλιλαίας.”
742 1686 789 1738 6.
832 1679 934 1738 ὅλα
989 1681 1050 1736 δὲ
1102 1683 1274 1737 ταῦτα
1321 1683 1632 1753 ἐκτέθειμαι
1677 1683 1771 1752 τῆς

155 1772 491 1838 προφητείας
531 1769 721 1823 ἕνεκεν
759 1768 829 1839 τῇ
872 1772 1143 1840 Γαλιλαία
1179 1767 1320 1838 μέγα
1371 1768 1490 1837 φῶς
1543 1770 1770 1822 ἔσεσθαι
1794 1787 1816 1819 b

92 1875 132 1906 20
159 1852 633 1922 ἐπαγγελλομένης
652 1894 666 1920 ,
698 1855 765 1922 τῇ
796 1872 855 1906 τε
885 1848 1036 1924 χώρα
1067 1847 1373 1921 Ζαβουλών
1404 1852 1495 1906 καὶ
1526 1856 1769 1922 Νεφθα-

156 1937 299 2006 λεὶμ,
325 1930 592 2009 οὐδετέρᾳ
614 1933 967 2008 τυγχανούσῃ
992 1936 1086 2007 τῆς
1103 1940 1403 1999 Γαλιλαίας
1427 1939 1540 2006 τῶν
1564 1931 1765 1990 ἐθνῶν.

157 2018 250 2074 διὰ
283 2024 341 2074 τί
369 2019 430 2074 δὲ
463 2019 552 2075 ἐπὶ
582 2021 678 2091 τῆς
698 2026 1000 2085 Γαλιλαίας
1023 2020 1136 2075 τῶν
1169 2021 1356 2075 ἐθνῶν
1385 2019 1480 2085 τὸἰς
1511 2025 1769 2083 πλείστας

158 2101 448 2174 ἐποιήσατο
482 2100 792 2176 διατριβάς;
835 2107 931 2174 τῆς
972 2101 1237 2159 ἁπάντων
1275 2105 1387 2159 τῶν
1420 2106 1607 2159 ἐθνῶν
1638 2100 1771 2175 κλή-

157 2206 298 2252 σεως
315 2193 574 2259 προοίμια
598 2186 1100 2260 καταβαλλόμενος·
1136 2190 1403 2244 ἐντεῦθεν
1425 2191 1566 2260 γοῦν
1587 2184 1772 2260 ὁρμω-

92 2294 133 2326 25
155 2273 356 2344 μένους
387 2269 514 2345 τοὺς
546 2269 720 2328 αὑτοῦ
747 2270 1000 2344 μαθητάς
1030 2269 1383 2343 άνακέκλητο.
1441 2276 1485 2327 7.
1521 2269 1607 2327 διὸ
1636 2269 1772 2342 μετὰ

157 2358 364 2428 βραχέα
394 2358 491 2412 τοῦ
535 2354 860 2428 εὐαγγελίου
905 2351 1158 2428 εὑρήσεις
1200 2352 1309 2411 άπὸ
1347 2360 1443 2426 τῆς
1473 2360 1771 2419 Γαλιλαίας

158 2438 255 2494 τὸν
295 2447 598 2496 Ματθαῑον
640 2446 1005 2512 κεκλημένον,
1059 2441 1152 2495 καὶ
1195 2442 1253 2495 ἐν
1293 2441 1460 2512 ἑτέρω
1501 2438 1565 2494 δὲ
1603 2435 1771 2493 πάλιν

158 2521 254 2578 τὸν
294 2531 485 2579 Λευίν.
560 2525 653 2579 καὶ
693 2522 722 2580 ὁ
767 2530 1041 2588 Φίλιππος
1089 2523 1151 2578 δὲ
1190 2519 1326 2579 κατὰ
1378 2520 1474 2579 τὸν
1507 2519 1771 2592 Ἰωάννην

158 2604 266 2662 ἀπὸ
306 2605 602 2678 Βηθσαϊδὰ
643 2605 860 2680 ὡρμᾶτο
902 2610 962 2664 ἐκ
1001 2610 1098 2679 τῆς
1139 2604 1350 2672 πόλεως
1385 2602 1648 2678 Ἀνδρέου
1679 2607 1771 2661 καὶ

95 2713 135 2744 30
159 2693 405 2763 Πέτρου·
463 2693 555 2752 καὶ
597 2689 736 2763 αὕτη
779 2693 840 2747 δὲ
884 2694 980 2762 τῆς
1009 2697 1309 2756 Γαλιλαίας
1351 2682 1434 2762 ἦν.
1509 2688 1648 2746 ἀλλὰ
1679 2692 1772 2746 καὶ
1800 2719 1817 2741 e

160 2772 290 2847 παρ’
336 2773 485 2852 αὐτῷ
524 2779 599 2851 τῷ
647 2773 1007 2849 εὐαγγελιστῇ
1048 2774 1219 2848 γάμος
1264 2777 1477 2847 ἐγένετο
1519 2778 1579 2831 ἐν
1611 2778 1771 2848 Κανᾷ

159 2862 253 2931 τῆς
284 2856 601 2931 Γαλιλαίας,
635 2866 774 2916 ἔνθα
806 2858 1128 2931 παραδόξως
1152 2859 1182 2916 ὃ
1204 2858 1392 2933 κύριος
1418 2859 1512 2916 τὸν
1547 2862 1598 2926 ἐξ
1630 2855 1771 2914 ὕδα-
