1992 3186
234 91 340 143 456
922 91 1170 132 EUSEBII

195 242 211 265 c
235 232 336 266 νον
377 204 577 278 αὐτοῦ,
601 247 606 251 ⁴
627 205 701 272 ὡς
732 206 828 271 τὰς
861 202 1067 280 ἡμέρας
1107 209 1207 263 τοῦ
1237 204 1538 282 οὗρανοῦ.”
1605 211 1720 264 144.
1754 210 1849 265 καὶ

236 284 402 358 αὖθις
437 289 618 358 “ὂὲπαξ
662 288 848 363 ὤμοσα
888 293 949 348 ἐν
987 297 1062 366 τῷ
1103 289 1244 367 ἁγίῳ
1285 316 1420 364 μου,
1464 298 1514 349 εἰ
1550 294 1627 368 τῷ
1658 295 1847 364 Δαβὶδ

237 375 536 448 ψεύσομαι,
567 372 627 431 τὸ
657 376 876 452 σπέρμα
908 371 1080 432 αὐτοῦ
1113 381 1190 441 εἰς
1213 375 1310 432 τὸν
1333 379 1510 433 αἰῶνα
1539 389 1699 450 μενεῖ
1707 421 1722 449 ,
1755 378 1848 433 καὶ

122 457 263 529 {21015
293 458 497 532 θρόνος
538 455 714 516 αὐτοῦ
756 455 828 527 ὡς
868 458 897 516 ὁ
929 456 1082 532 ἥλιος
1116 463 1371 518 ἐναντίον
1411 484 1545 533 μου,
1587 462 1678 518 καὶ
1711 456 1782 528 ὥς
1813 457 1850 534 ἡ

235 543 439 616 σελήνη
470 548 872 618 κατηρτισμένη
905 550 981 610 είς
1004 543 1100 602 τὸν
1119 543 1348 603 αἰῶνα.”
1383 548 1622 602 τοσαῦτα
1654 549 1713 602 ἐν
1736 559 1849 613 τοῖς
1871 568 1895 602 5

243 636 490 701 Ψαλμοῖς
531 634 629 685 τοῦ
671 633 812 686 θεοῦ
854 631 932 706 τῷ
961 631 1151 701 Δαβὶδ
1184 631 1621 702 ἐπηγγελμένου,
1652 626 1850 687 τάναν-

235 719 322 770 τία
364 716 574 786 συνέβη
614 727 733 781 ταῖς
785 716 1133 786 ἐπαγγελίαις
1174 716 1435 771 ἐπελθεῖν
1477 712 1567 769 διὰ
1606 712 1700 780 τὰς
1740 718 1852 770 τῶν

237 796 514 870 διαδόχων
557 794 731 854 αὐτοῦ
772 803 1117 870 δυσσεβείας.
1193 802 1306 855 145.
1340 797 1374 869 ἡ
1406 800 1545 869 γοῦν
1587 801 1647 854 ἐκ
1689 800 1851 869 σπέρ-

235 906 401 955 ματος
442 883 632 954 Δαβὶδ
677 888 931 954 βασιλεία
986 884 1318 956 διαρκέσασα
1367 884 1554 956 μέχρις
1592 878 1852 955 Ἰεχονίου

236 968 328 1023 καὶ
369 971 464 1039 τῆς
503 966 612 1023 ὑπὸ
653 972 1037 1039 Βαβυλωνίοις
1077 972 1174 1024 τοῦ
1224 970 1376 1039 ἱεροῦ
1417 973 1735 1039 πολιορκίας
1767 975 1850 1024 λε-
1874 991 1915 1023 ιο

188 1078 208 1108 d
238 1058 398 1123 λυτο,
446 1048 519 1116 c‘g
560 1053 612 1118 ἐξ
646 1054 863 1108 ἐκείνου
894 1053 1084 1124 μηκέτι
1114 1051 1211 1108 τὸν
1250 1049 1464 1123 θρόνον
1495 1052 1684 1122 Δαβὶδ
1714 1052 1854 1123 μηδὲ

237 1133 366 1200 τούς
412 1137 471 1191 ἐκ
513 1137 822 1208 σπέρματος
865 1132 1038 1192 αὐτοῦ
1085 1140 1416 1207 βασιλεῦσαι
1445 1135 1543 1192 τοῦ
1567 1131 1855 1193 Ἰουδαίων

239 1225 459 1286 ἔθνους.
527 1223 642 1275 146.
677 1222 770 1276 καὶ
799 1218 1009 1292 ταύτην
1050 1243 1114 1292 γε
1145 1217 1248 1291 τὴν
1277 1221 1584 1293 γενομένην
1617 1217 1854 1276 διάπτω-

239 1324 331 1360 σιν
361 1306 458 1376 τῆς
490 1301 625 1376 πρὸς
655 1303 754 1361 τὸν
784 1306 974 1376 Δαβὶδ
1007 1306 1334 1376 ἐπαγγελίας
1375 1303 1512 1360 κατὰ
1541 1302 1644 1375 τὴν
1673 1325 1854 1375 προει-

239 1389 487 1460 ρημένην
530 1390 629 1443 τοῦ
675 1390 913 1460 Ψαλμοῦ
957 1386 1271 1461 παράθεσιν
1314 1386 1374 1445 τὸ
1404 1397 1567 1444 θεῖον
1598 1378 1711 1444 οἶδε’
1738 1411 1853 1456 πως
1877 1412 1918 1444 15

239 1475 460 1544 πνεῦμα
483 1477 734 1541 θεσπίζει
752 1467 780 1491 “
791 1471 861 1529 σὺ
888 1473 950 1528 δὲ
973 1469 1180 1529 ἀπώσω
1206 1474 1298 1529 καὶ
1316 1474 1710 1542 ἐξουδένωσας,
1728 1468 1855 1529 ἆνε-

241 1555 416 1627 βοὲλου
447 1555 544 1613 τὸν
576 1555 817 1627 Χριστόν
848 1573 975 1614 σου·
1032 1559 1404 1631 κατέστρεψας
1442 1554 1545 1628 τὴν
1577 1554 1857 1629 διαθήκην

238 1644 335 1697 τοῦ
369 1638 574 1698 δούλου
605 1659 736 1714 σου,
772 1639 1122 1713 ἐβεβήλωσας
1155 1646 1232 1706 εἰς
1263 1640 1364 1713 τὴν
1394 1646 1502 1713 γῆν
1530 1639 1589 1697 τὸ
1613 1638 1856 1714 ἆγίασμα

240 1721 432 1796 αὐτοῦ,
465 1735 723 1790 καθεῖλες
755 1724 964 1791 πάντας
995 1723 1123 1791 τούς
1149 1723 1437 1798 φραγμοὺς
1469 1721 1695 1782 αὐτοῦ.”
1735 1729 1850 1781 147.

241 1810 332 1864 καὶ
362 1807 479 1881 μετ’
516 1805 713 1881 ὀλίγα
716 1805 834 1867 ετὸν
861 1808 1076 1911 θρόνον
1107 1807 1280 1866 αὐτοῦ
1301 1815 1377 1875 εἰς
1400 1806 1502 1881 τὴν
1524 1811 1630 1880 γῆν
1660 1810 1856 1880 κατέρ-
1878 1833 1919 1864 20

242 1896 438 1965 ραξας,
487 1896 823 1966 ε’σμίκρυνας
867 1892 962 1960 τὰς
1014 1889 1218 1995 ἡμέρας
1269 1898 1368 1950 τοῦ
1422 1890 1624 1967 χρόνου
1665 1889 1855 1964 αυτοῦ,
1962 1891 1968 1897 ’

243 1979 500 2049 κατέχεας
532 1974 710 2034 αυτοῦ
739 1974 1069 2050 αἰσχύνην,”
1114 1973 1150 2032 ἆ
1179 1978 1270 2033 καὶ
1304 1980 1547 2049 ἐναργῶς
1579 1973 1858 2049 ἀρξάμενα

244 2067 636 2117 συντελεῖσθαι
669 2058 775 2117 απὸ
806 2065 902 2132 τῆς
928 2067 1005 2128 εἰς
1019 2064 1330 2133 Βαβυλῶνα
1355 2066 1728 2134 αἰχμαλωσίας
1758 2064 1858 2117 τοῦ

243 2147 409 2214 λαοῦ,
452 2145 609 2216 μέχρι
648 2148 744 2215 τῆς
767 2143 1049 2217 Ῥωμαίων
1088 2148 1179 2202 καὶ
1219 2150 1478 2218 Τιβερίου
1508 2143 1857 2216 παρεξετάθη

130 2251 220 2293 (339)
246 2232 546 2299 βασιλείας.
619 2224 807 2293 οὐδεὶς
844 2234 982 2299 γοῦν
1013 2232 1074 2286 ἐκ
1110 2231 1206 2299 τῆς
1244 2233 1344 2284 τοῦ
1375 2229 1565 2299 Δαβὶδ
1598 2233 1857 2300 διαδοχῆς
1879 2250 1922 2283 25

245 2315 304 2368 ἐν
350 2325 462 2377 τοῖς
503 2310 704 2383 μεταξὺ
745 2311 962 2384 χρόνοις
1001 2318 1259 2383 φαίνεται
1301 2313 1390 2368 ἐπὶ
1431 2310 1528 2369 τὸν
1568 2309 1857 2381 βασιλικὸν

242 2401 340 2451 τοῦ
366 2394 641 2467 Ἑβραίων
665 2402 868 2463 ἔθνους
893 2398 1197 2461 καθεσθεὶς
1219 2394 1430 2470 θρόνον
1453 2396 1610 2468 μέχρι
1633 2401 1727 2467 τῆς
1758 2399 1856 2452 τοῦ

245 2485 486 2553 Χριστοῦ
521 2485 845 2553 παρουσίας.
906 2485 1020 2537 148.
1054 2485 1154 2537 τοῦ
1173 2480 1234 2537 δὲ
1259 2483 1316 2536 ἐκ
1341 2483 1650 2552 σπέρματος
1667 2480 1858 2550 Δαβὶδ

244 2566 547 2636 γενομένου
578 2570 778 2637 κυρίου
809 2567 902 2621 καὶ
934 2570 1179 2638 σωτῆρος
1221 2559 1377 2637 ἡμῶν
1403 2561 1583 2636 Ἰησοῦ
1615 2565 1861 2635 Χριστοῦ

247 2651 515 2718 βασιλέως
547 2650 636 2704 ἐπὶ
668 2654 854 2707 πᾶσαν
870 2648 972 2721 τὴν
995 2649 1328 2721 οἰκουμένην
1350 2645 1855 2722 ἄνακηρυχθέντος,
1879 2668 1922 2699 30

361 2840 384 2877 2
416 2839 490 2878 Ps.
515 2840 583 2890 89,
608 2841 674 2882 35.
853 2843 903 2881 16
936 2843 1008 2881 Ps.
1030 2843 1099 2893 89,
1123 2842 1190 2885 38.
