1946 3158
209 87 312 140 138
880 86 1137 139 ιΕυεΕΒΠ

206 211 439 263 ἔσεσθαι
461 200 590 269 τοῦς
614 201 787 269 πόδας
811 207 922 258 τῶν
947 198 1446 276 εὐαγγελιζομένων
1471 201 1536 260 τὰ
1559 210 1658 261 τοῦ
1683 213 1814 279 Χρι-

203 294 345 347 -στοῦ
374 285 577 360 ἀγαθά.
649 291 765 353 πῶς
804 283 909 359 γὰρ
949 283 1052 343 οὐκ
1084 292 1312 359 ἔμελλον
1353 286 1545 362 ὡραῖοι
1587 294 1814 347 ἔσεσθαι

206 379 267 432 οἱ
294 377 355 431 ἐν
397 371 566 448 ὀλίγῳ
606 372 698 427 καὶ
728 377 928 444 βραχεῖ’
961 369 1142 447 χρόνῳ
1180 370 1283 443 τὴν
1323 377 1507 430 πᾶσαν
1549 379 1818 446 περιδρα-

209 457 475 532 μούμενοι
506 457 866 528 οἰκουμένην,
899 456 991 511 καὶ
1025 454 1205 512 πάντα
1226 454 1396 514 τόπον
1426 456 1815 531 πληρώσαντες

210 548 305 614 τῆς
337 543 462 614 περὶ
502 545 600 596 τοῦ
641 544 885 640 σωτῆρος
921 544 1019 596 τοῦ
1058 537 1269 612 κόσμου
1311 548 1613 613 θεοσεβοῦς
1656 547 1859 599 &Soc-5

212 632 468 694 σκαλίας;
513 622 594 681 ὅτι
638 624 698 680 δε
737 621 812 697 μὴ
843 621 1083 698 ῥήμασιν
1114 620 1491 698 ἀνθρωπίνοις
1524 628 1817 730 ἐκέχρηντο

158 732 183 763 ει)
213 717 290 777 εἰς
321 708 500 766 πειθώ
535 714 648 765 τῶν
688 704 1086 783 ἀκροωμένων,
1129 714 1268 767 θεοῦ
1313 710 1373 766 δε
1416 708 1652 784 δύναμις
1682 712 1753 783 ἠν
1783 709 1816 784 ἡ

211 798 563 868 συνεργοῦσα
593 789 779 859 αὐτοῖς
811 796 871 850 ἐν
893 799 969 869 τῷ
995 789 1334 870 εὐαγγελικςὸ
1359 792 1686 870 κηρύγματι,
1719 793 1821 852 αλ-

211 887 303 946 λος
345 877 512 935 πάλιν
551 875 835 951 προφήτης
875 875 1168 951 ἆναφωνεῖ
1191 876 1422 953 “κύριος
1463 877 1630 937 δώσει
1673 883 1819 953 ῥῆμα

209 976 324 1030 τοῖς
356 959 857 1035 εύαγγελιζομένοις
890 961 1125 1036 δυναμει
1155 959 1387 1037 πολλῇ.”
1841 987 1879 1020 10

339 1053 385 1104 5.
419 1049 532 1104 Καὶ
576 1044 743 1104 παλιν
781 1042 810 1103 ὁ
833 1045 1059 1113 Ησαῖας
1092 1038 1217 1104 “ε’π’
1263 1045 1389 1119 ὅρος
1429 1043 1649 1121 ὑψηλὸν
1679 1072 1819 1105 ανα-

211 1140 350 1205 βηθι
381 1129 409 1188 ὁ
443 1128 922 1205 εὐαγγελιζόμενος
955 1129 1139 1202 Σιων,
1179 1127 1411 1200 υψωσον
1440 1138 1506 1207 τῇ
1539 1131 1691 1206 ἰσχύι·
1719 1130 1821 1205 τὴν

211 1214 412 1291 φωνήν
435 1233 537 1273 σου
561 1214 589 1273 ὁ
615 1214 1093 1289 εὐαγγελιζόμενος
1110 1212 1491 1290 Ἰερουσαλήμ·
1539 1215 1818 1289 ὑψώσατε,

211 1299 286 1375 μὴ
317 1306 618 1374 φοβεῖσθε,
651 1299 811 1358 εἷπον
840 1313 958 1367 ταῖς
982 1299 1211 1358 πόλεσιν
1233 1298 1442 1373 Ἰούδα,
1475 1299 1602 1359 ἰδοῦ
1631 1297 1660 1358 ὁ
1691 1301 1822 1368 θε“ς

211 1384 401 1459 ὑμῶν,
446 1382 571 1442 ἰδοῦ
610 1383 799 1459 κύριος
829 1382 964 1457 μετὰ
995 1383 1182 1458 ἰσχύος
1213 1391 1452 1460 ἔρχεται,
1494 1388 1584 1442 καὶ
1615 1383 1644 1443 ὁ
1680 1391 1821 1457 βρα-
1844 1407 1885 1440 15

158 1499 183 1521 c
213 1474 352 1544 χίων
381 1466 515 1541 μετὰ
546 1474 767 1540 κυρίας·
816 1467 942 1526 ἰδοῦ
971 1467 1000 1526 ὃ
1030 1466 1231 1543 μισθὸς
1271 1466 1445 1528 αὐτοῦ
1476 1467 1592 1543 μετ’
1629 1466 1821 1542 αὐτοῦ,

213 1556 307 1611 καὶ
336 1552 395 1610 τὸ
429 1560 592 1627 ἔργον
622 1551 794 1611 αὐτοῦ
827 1557 1081 1611 ἐναντίον
1111 1551 1283 1611 αὐτοῦ
1303 1570 1313 1580 ’
1361 1550 1434 1621 ὥς
1463 1551 1669 1628 ποιμὴν
1699 1577 1824 1612 ποι-

212 1652 381 1712 μανεῖ
406 1637 466 1694 τὸ
497 1643 757 1711 ποίμνιον
796 1634 997 1711 αὐτοῦ,
1041 1640 1134 1695 καὶ
1165 1641 1225 1695 ἐν
1254 1644 1331 1716 τῷ
1362 1644 1616 1713 βραχίονι
1647 1637 1822 1696 αὐτοῦ

212 1721 441 1791 συνάξει
481 1720 654 1796 ἄρνας
684 1724 777 1779 καὶ
819 1725 880 1780 ἐν
910 1724 1106 1797 γαστρὶ
1137 1720 1366 1795 ἐχούσας
1396 1720 1820 1797 παρακαλέσει.”

342 1813 388 1864 6.
435 1813 615 1864 Ταῦτα
646 1808 707 1863 δὲ
735 1805 928 1874 ὁποίας
961 1813 1138 1880 ἔχεται
1171 1811 1420 1874 διανοίας
1448 1803 1562 1884 ὁδῷ
1594 1806 1823 1882 προϊόν-
1845 1829 1886 1863 20

210 1915 300 1960 τες
322 1915 459 1949 κατα
480 1889 582 1965 τὴν
607 1888 967 1966 εὐαγγελικὴν
981 1890 1244 1965 εἰσόμεθα
1263 1897 1644 1951 διδασκαλίαν.
1679 1890 1826 1965 πλὴν

209 1972 354 2032 ἀλλὰ
405 1977 680 2049 πέφανται
730 1975 790 2033 τὸ
845 1975 1168 2057 εὐαγγέλιον
1220 1979 1312 2034 καὶ
1344 1974 1585 2051 τοῦνομα
1625 1977 1687 2034 δε
1725 1979 1827 2035 τοῦ

213 2056 544 2131 εὐαγγελίου
576 2059 669 2117 διὰ
696 2083 810 2118 των
839 2082 1199 2139 προφητικων
1237 2067 1446 2135 φωνῶν
1474 2085 1826 2135 μεμαρτυρη-

215 2145 411 2217 μένον,
467 2149 605 2216 ἔχεις
655 2168 714 2201 τε
755 2143 953 2212 λευκας
993 2147 1085 2202 καὶ
1131 2147 1380 2220 ἐναργεις
1421 2144 1730 2213 ἀποδείξεις
1765 2147 1824 2203 ἐκ

214 2234 364 2295 τίνος
393 2228 496 2300 μὲν
525 2225 744 2300 ἄρξεται
774 2227 834 2285 τὸ
866 2228 1207 2303 εὐαγγέλιον,
1239 2228 1323 2288 ὅτι
1355 2228 1424 2302 δὴ
1457 2232 1509 2298 ἐξ
1529 2227 1702 2288 αὐτοῦ
1723 2234 1823 2288 τοῦ
1846 2249 1887 2283 25

165 2331 193 2363 d
219 2315 487 2386 Χριστοῦ,
522 2309 592 2368 δι’
631 2304 710 2369 ὧν
739 2335 798 2369 τε
829 2312 1267 2386 κηρυχθήσεται,
1308 2312 1393 2371 ὅτι
1424 2313 1516 2371 διὰ
1545 2316 1657 2372 τοῖν
1687 2311 1826 2372 ἄπο-

217 2395 430 2455 στόλων
454 2394 659 2454 αὐτοῦ·
721 2393 860 2454 αλλα
889 2400 982 2454 καὶ
1012 2403 1142 2474 ποίᾳ
1167 2396 1401 2504 δυνάμει
1431 2396 1709 2471 κρατήσει,
1740 2398 1824 2455 ὅτι

216 2479 291 2554 μὴ
322 2478 674 2556 ἀνθρωπεία·
736 2477 767 2538 ὃ
797 2479 866 2554 δὴ
897 2484 988 2539 καὶ
1019 2480 1152 2539 αὐτὸ
1184 2483 1422 2556 συνέστη
1448 2482 1540 2540 δια
1562 2488 1660 2540 τοῦ
1683 2481 1823 2540 “xv'-

216 2589 333 2637 ριος
367 2565 531 2623 δώσει
564 2568 709 2640 ῥῆμα
747 2579 861 2633 τοις
893 2565 1393 2640 εὐαγγελιζομένοις
1426 2565 1659 2642 δυναμει
1689 2575 1825 2625 πολ-

216 2646 341 2724 λῇ.”
405 2655 450 2707 7.
477 2656 535 2706 τί
563 2648 630 2723 δὴ
661 2643 763 2710 οὖν
793 2657 1040 2709 λείπεται
1070 2652 1157 2708 ἐπὶ
1191 2650 1404 2719 τούτοις
1442 2647 1476 2724 ἢ
1510 2655 1570 2710 ἐκ
1602 2656 1823 2710 πολλῶν
1845 2669 1887 2702 30

332 2844 357 2883 9
389 2842 462 2883 Ps.
486 2843 555 2897 68,
583 2845 648 2884 11.
828 2846 876 2884 11
909 2846 984 2885 Es.
1007 2846 1075 2897 40,
1099 2847 1138 2886 9.
