1992 3186
577 104 884 145 DEMONST.
913 104 1134 147 EVANG.
1171 105 1228 145 x.
1261 106 1302 146 8
1616 101 1720 153 685

111 226 378 295 πατρικῆς
408 225 674 292 βοηθείας
692 264 707 291 ,
738 218 994 293 καθάπερ
1023 217 1253 292 ηὔξατο,
1283 218 1495 293 τυχὼν,
1530 221 1721 276 ἐντεῦ-

111 317 220 364 θεν
249 297 445 363 λοιπὸν
475 303 778 378 ἀπάρχεται
807 310 905 361 τοῦ
933 307 1206 362 ἐπινικίου
1226 301 1427 377 ὕμνου,
1457 298 1602 376 ὑπὲρ
1626 308 1720 375 τῆς

114 392 357 462 ἑωθινῆς
386 387 731 461 ἀντιλήψεως
761 388 858 445 τὸν
896 387 1128 461 Ψαλμόν
1157 386 1516 461 ποιούμενος,
1548 391 1610 446 ἐν
1639 387 1720 453 οἷς

111 493 250 548 φησι
271 471 643 547 “’διηγήσομαι
682 472 743 529 τὸ
784 471 958 545 ὄνομά
1002 494 1106 530 σου
1145 487 1260 541 τοῖς
1300 470 1562 545 ἀδελφοῖς
1593 495 1720 545 μου,

67 586 89 618 5
115 562 176 617 ἐν
213 561 363 635 μέσῳ
407 561 694 629 ἐκκλησίας
742 553 975 630 ὑμνήσω
1018 554 1133 614 σε.”
1215 562 1298 615 95.
1342 555 1578 630 πρώτοις
1619 556 1722 629 μὲν

111 635 215 700 οὖν
253 657 367 709 τοῖς
411 644 609 699 ἑαυτοῦ
650 651 927 714 μαθηταῖς
968 645 1060 699 καὶ
1100 639 1422 707 ἀποστόλοις
1462 642 1723 713 ἐπαγγέλ-

112 735 262 784 λεται
291 726 357 783 τά
386 729 481 798 τῆς
513 723 597 782 ἐπ’
636 724 785 802 αὐτῷ
827 728 1120 799 χαρᾶςκαὶ
1150 724 1526 798 ἀγαλλιάσεως
1556 723 1724 797 εὐαγ-
1750 748 1770 778 b

111 818 464 883 γελίσεσθαι,
496 809 773 883 ἀδελφοὺς
798 809 999 876 αὐτούς
1020 808 1328 884 ὀνομάζων·
1375 815 1458 868 96.
1485 807 1568 876 οἷς
1598 806 1725 866 ἀκό-

111 903 295 953 λουθα
339 897 431 952 καὶ
471 890 500 951 ὁ
536 903 829 960 Ματθαῖος
870 893 1122 952 διδάσκει
1160 898 1338 967 λέγων
1368 890 1500 952 “καὶ
1542 890 1724 952 ἰδούὁ

50 1007 90 1039 10
106 978 315 1052 Ἰησοῦς
356 977 674 1051 ἀπήντησεν
713 976 934 1052 αὐταῖς,
989 978 1245 1052 δηλονότι
1283 993 1402 1046 ταῖς
1441 978 1584 1052 ἀμφὶ
1623 977 1725 1051 τὴν

113 1061 504 1137 Μαγδαληνὴν
534 1070 797 1137 Μαρίαν,
829 1066 1036 1164 λέγῳν,
1069 1070 1301 1138 χαίρετε.
1370 1067 1431 1120 αἱ
1461 1065 1522 1120 δε
1552 1082 1726 1135 προσ-

114 1154 380 1206 ελθοῦσαι
418 1147 728 1221 ἐκράτησαν
774 1145 946 1205 αὐτοῦ
987 1146 1115 1214 τούς
1155 1147 1358 1220 πόδας,
1400 1150 1492 1204 καὶ
1523 1166 1726 1221 προσε-

113 1231 366 1305 κύνησαν
418 1231 584 1309 αὐτῷ.
665 1231 788 1290 τότε
840 1230 987 1305 λέγει
1039 1229 1231 1299 αυταῑς
1283 1228 1311 1289 ὁ
1359 1229 1598 1304 Ἰησοῦς,
1650 1232 1725 1304 μὴ

111 1323 414 1390 φοβεῖσθε,
445 1315 717 1390 ὑπάγετε,
750 1314 1119 1389 ἀπαγγείλατε
1156 1331 1271 1384 τοῖς
1301 1315 1565 1389 ἀδελφοῖς
1596 1340 1724 1389 μου,

49 1428 91 1461 15
112 1406 206 1459 ἵνα
251 1399 575 1459 ἀπέλθωσιν
618 1407 694 1467 εἰς
734 1401 837 1473 τὴν
875 1407 1203 1473 Γαλιλαίαν,
1245 1399 1407 1458 κάκεῖ
1446 1424 1514 1474 με
1555 1398 1725 1468 ὄψον-

112 1483 255 1544 ται.”
330 1491 414 1542 97.
446 1484 475 1542 ὁ
502 1483 760 1558 Ἰωάννης
802 1486 863 1542 δὲ
903 1484 1038 1559 μετὰ
1076 1485 1178 1557 τὴν
1228 1488 1288 1542 ἐκ
1326 1488 1544 1558 νεκρῶν
1589 1483 1728 1542 ἀνά-
1756 1517 1773 1538 e

113 1588 311 1628 στασιν
351 1568 561 1642 εἰσάγει
600 1573 693 1627 καὶ
737 1567 900 1637 αὐτὸς
938 1569 1035 1626 τὸν
1069 1566 1281 1642 Ἰησοῦν
1322 1571 1551 1642 λέγοντα
1591 1568 1727 1642 πρὸς

112 1652 216 1726 τὴν
249 1653 483 1727 Μαριάμ
507 1651 619 1727 “μή
657 1678 766 1727 μου
807 1652 1010 1711 ἅπτου’
1067 1651 1222 1712 οὔπω
1262 1653 1368 1727 γὰρ
1407 1650 1727 1726 ἀναβέβηκα

115 1737 253 1813 πρὸς
282 1737 379 1795 τόν
409 1742 620 1812 πατέρα
650 1755 784 1812 μου·
848 1737 1092 1812 πορεύου
1123 1740 1185 1795 δὲ
1227 1736 1363 1812 πρὸς
1402 1737 1530 1805 τοὺς
1561 1736 1728 1795 ἀδελ-

51 1850 92 1882 20
114 1822 258 1896 φούς
273 1846 402 1895 μου,
428 1825 521 1879 καὶ
545 1824 663 1879 εἰπὲ
688 1821 895 1894 αὐτοῖς,
926 1822 1218 1894 ἀναβαίνω
1241 1822 1377 1896 πρὸς
1400 1821 1496 1880 τὸν
1519 1826 1727 1899 πατέρα

115 1931 222 1979 μου
253 1909 346 1964 καὶ
377 1908 584 1979 πατέρα
614 1903 792 1980 ὑμῶν,
824 1909 916 1964 καὶ
939 1906 1078 1965 θεόν
1100 1931 1209 1980 μου
1233 1909 1326 1964 καὶ
1349 1905 1487 1965 θεὸν
1510 1906 1724 1980 ὖμῶν.”

117 1995 201 2049 98.
235 1989 470 2064 πρώτοις
500 1993 604 2064 μὲν
633 1983 737 2050 οὖν
766 2005 880 2058 τοῖς
910 1990 1235 2058 ἀποστόλοις
1265 1987 1460 2064 αὑτοῦ,
1492 1987 1589 2058 οὓς
1622 1997 1728 2048 ἰδί-

116 2099 214 2141 ους
244 2074 521 2148 ἀδελφοὺς
550 2074 828 2149 ὀνομάζει,
875 2075 936 2133 τὸ
965 2074 1139 2149 ὄνομα
1169 2080 1268 2133 τοῦ
1298 2076 1503 2149 πατρὸς
1534 2075 1730 2148 διηγή-

118 2166 327 2217 σεσθαί
352 2177 512 2232 φησι·
558 2158 694 2233 μετά
725 2161 786 2217 δὲ
819 2163 1094 2234 ἐκείνους,
1125 2159 1273 2228 τάξει
1303 2163 1396 2218 καὶ
1419 2158 1728 2235 ἀκολουθία

53 2270 95 2303 25
118 2241 218 2316 τὴν
248 2242 381 2301 καθ’
416 2243 547 2317 ὅλης
589 2249 685 2317 τῆς
715 2249 1041 2318 οἰκουμένης
1073 2247 1163 2302 ἐπὶ
1191 2248 1270 2322 τῷ
1298 2242 1526 2317 ὀνόματι
1556 2243 1728 2300 αὐτοῦ

118 2332 401 2385 συστᾶσαν
446 2332 743 2400 ἐκκλησίαν
789 2328 1035 2395 διδάξειν
1085 2327 1182 2385 τὸν
1231 2327 1499 2400 πατρικὸν
1547 2326 1727 2400 ὕμνον
1753 2353 1839 2395 [3171

121 2414 527 2483 ἐπαγγέλλεται.
589 2417 672 2468 99.
708 2411 893 2484 ὥσπερ
925 2412 1029 2485 γάρ
1072 2421 1127 2468 εἴ
1159 2436 1240 2478 τις
1273 2415 1332 2468 ἐν
1371 2414 1519 2488 μέσῳ
1550 2421 1728 2484 μαθη-
1755 2439 1776 2470 d

119 2499 234 2552 τῶν
278 2493 580 2562 διεξοδεύοι
618 2494 816 2566 λόγους
858 2498 947 2552 ἐπὶ
986 2502 1160 2570 σοφία
1205 2498 1528 2570 διαπρέπων
1569 2497 1730 2553 διδά-

122 2587 322 2645 σκαλος
351 2575 494 2651 ὑπὲρ
524 2582 624 2636 τοῦ
646 2577 937 2646 κάκείνους
960 2576 1309 2646 ἀκούσαντας,
1336 2585 1729 2651 προσυπακοῦ-

57 2689 98 2722 30
121 2681 241 2735 σαι,
273 2661 370 2720 τὸν
399 2662 569 2720 αὐτὸν
597 2661 804 2737 τρόπον
834 2666 926 2720 καὶ
958 2661 1122 2730 αὐτὸς
1146 2667 1206 2720 ἐν
1235 2666 1385 2740 με’σῳ
1418 2667 1728 2737 ἐκκλησίας,

237 2858 262 2896 9
292 2857 458 2897 Matth.
481 2859 548 2907 28,
572 2859 610 2901 9.
786 2857 837 2896 18
868 2857 941 2897 Jo.
963 2859 1032 2908 20,
1058 2859 1126 2898 17.
