<?xml version="1.0" encoding="UTF-8"?>
<!DOCTYPE html PUBLIC "-//W3C//DTD XHTML 1.0 Transitional//EN"
    "http://www.w3.org/TR/xhtml1/DTD/xhtml1-transitional.dtd">
<html xmlns="http://www.w3.org/1999/xhtml" xml:lang="en" lang="en">
 <head>
  <title>
</title>
<meta http-equiv="Content-Type" content="text/html;charset=utf-8" />
  <meta name='ocr-system' content='tesseract 3.04.00' />
  <meta name='ocr-capabilities' content='ocr_page ocr_carea ocr_par ocr_line ocrx_word'/>
</head>
<body>
  <div class='ocr_page' id='page_1' title='image "./operaeusebius03euseuoft_0051.png"; bbox 0 0 1946 3158; ppageno 0'>
   <div class='ocr_carea' id='block_1_1' title="bbox 526 119 1708 171">
    <p class='ocr_par' dir='ltr' id='par_1_1' title="bbox 526 119 1708 171">
     <span class='ocr_line' id='line_1_1' title="bbox 526 119 1708 171; baseline -0.001 -10"><span class='ocrx_word' id='word_1_1' title='bbox 526 119 835 162; x_wconf 80' lang='lat' dir='ltr'><strong>DEMONST.</strong></span> <span class='ocrx_word' id='word_1_2' title='bbox 867 119 1087 163; x_wconf 81' lang='lat' dir='ltr'>EVANG.</span> <span class='ocrx_word' id='word_1_3' title='bbox 1121 121 1160 160; x_wconf 89' lang='lat'><em>1.</em></span> <span class='ocrx_word' id='word_1_4' title='bbox 1191 121 1231 161; x_wconf 87' lang='lat'><em>4.</em></span> <span class='ocrx_word' id='word_1_5' title='bbox 1641 119 1708 171; x_wconf 78' lang='lat'><em>27</em></span> 
     </span>
    </p>
   </div>
   <div class='ocr_carea' id='block_1_2' title="bbox 33 231 1711 1492">
    <p class='ocr_par' dir='ltr' id='par_1_2' title="bbox 33 231 1711 1492">
     <span class='ocr_line' id='line_1_2' title="bbox 98 231 1709 311; baseline 0 -17"><span class='ocrx_word' id='word_1_6' title='bbox 98 234 372 311; x_wconf 79' lang='grc' dir='ltr'><em>πατράσιν</em></span> <span class='ocrx_word' id='word_1_7' title='bbox 402 237 588 293; x_wconf 76' lang='grc' dir='ltr'><em>αὐτῶν</em></span> <span class='ocrx_word' id='word_1_8' title='bbox 618 238 680 295; x_wconf 84' lang='grc' dir='ltr'><em>ἐν</em></span> <span class='ocrx_word' id='word_1_9' title='bbox 709 231 884 311; x_wconf 80' lang='grc' dir='ltr'><em>ἡμέρᾳ</em></span> <span class='ocrx_word' id='word_1_10' title='bbox 917 238 1318 309; x_wconf 76' lang='grc' dir='ltr'><strong><em>ἐπιλαβομένου</em></strong></span> <span class='ocrx_word' id='word_1_11' title='bbox 1340 259 1448 310; x_wconf 93' lang='grc' dir='ltr'><em>μου</em></span> <span class='ocrx_word' id='word_1_12' title='bbox 1477 242 1572 309; x_wconf 86' lang='grc' dir='ltr'><em>τῆς</em></span> <span class='ocrx_word' id='word_1_13' title='bbox 1603 261 1709 310; x_wconf 87' lang='grc' dir='ltr'><em>χει-</em></span> 
     </span>
     <span class='ocr_line' id='line_1_3' title="bbox 99 317 1711 395; baseline 0.001 -17"><span class='ocrx_word' id='word_1_14' title='bbox 99 319 192 395; x_wconf 85' lang='grc' dir='ltr'><em>ρός</em></span> <span class='ocrx_word' id='word_1_15' title='bbox 224 317 411 378; x_wconf 73' lang='grc' dir='ltr'><em>αὐτῶν</em></span> <span class='ocrx_word' id='word_1_16' title='bbox 453 323 740 393; x_wconf 78' lang='grc' dir='ltr'><em>ἐξαγαγεῖν</em></span> <span class='ocrx_word' id='word_1_17' title='bbox 779 318 979 387; x_wconf 80' lang='grc' dir='ltr'><em>αὐτοὺς</em></span> <span class='ocrx_word' id='word_1_18' title='bbox 1022 323 1081 377; x_wconf 84' lang='grc' dir='ltr'><em>ἐκ</em></span> <span class='ocrx_word' id='word_1_19' title='bbox 1118 326 1218 393; x_wconf 71' lang='grc' dir='ltr'><em>γῆς</em></span> <span class='ocrx_word' id='word_1_20' title='bbox 1250 319 1567 393; x_wconf 79' lang='grc' dir='ltr'><em>Αἰγύπτου·</em></span> <span class='ocrx_word' id='word_1_21' title='bbox 1627 319 1711 379; x_wconf 81' lang='grc' dir='ltr'><em>ὅτι</em></span> 
     </span>
     <span class='ocr_line' id='line_1_4' title="bbox 98 403 1711 479; baseline 0 -16"><span class='ocrx_word' id='word_1_22' title='bbox 98 404 256 463; x_wconf 82' lang='grc' dir='ltr'><em>αὐτοὶ</em></span> <span class='ocrx_word' id='word_1_23' title='bbox 298 403 402 462; x_wconf 83' lang='grc' dir='ltr'><em>οὐκ</em></span> <span class='ocrx_word' id='word_1_24' title='bbox 443 405 731 478; x_wconf 86' lang='grc' dir='ltr'><em>ἐνέμειναν</em></span> <span class='ocrx_word' id='word_1_25' title='bbox 772 408 832 462; x_wconf 85' lang='grc' dir='ltr'><em>ἐν</em></span> <span class='ocrx_word' id='word_1_26' title='bbox 855 408 920 478; x_wconf 76' lang='grc' dir='ltr'><em>τῇ</em></span> <span class='ocrx_word' id='word_1_27' title='bbox 955 403 1198 478; x_wconf 82' lang='grc' dir='ltr'><em>διαθήκῃ</em></span> <span class='ocrx_word' id='word_1_28' title='bbox 1228 429 1362 479; x_wconf 94' lang='grc' dir='ltr'><em>μου,</em></span> <span class='ocrx_word' id='word_1_29' title='bbox 1395 403 1546 478; x_wconf 79' lang='grc' dir='ltr'><em>κάγω</em></span> <span class='ocrx_word' id='word_1_30' title='bbox 1576 403 1711 479; x_wconf 81' lang='grc' dir='ltr'><em>ἠμέ-</em></span> 
     </span>
     <span class='ocr_line' id='line_1_5' title="bbox 97 486 1711 563; baseline 0.001 -17"><span class='ocrx_word' id='word_1_31' title='bbox 97 497 240 562; x_wconf 86' lang='grc' dir='ltr'><em>λησα</em></span> <span class='ocrx_word' id='word_1_32' title='bbox 269 486 482 562; x_wconf 75' lang='grc' dir='ltr'><em>αὐτῶν,</em></span> <span class='ocrx_word' id='word_1_33' title='bbox 525 491 671 560; x_wconf 89' lang='grc' dir='ltr'><em>λέγει</em></span> <span class='ocrx_word' id='word_1_34' title='bbox 712 487 916 560; x_wconf 82' lang='grc' dir='ltr'><em>κύριος.</em></span> <span class='ocrx_word' id='word_1_35' title='bbox 993 487 1077 546; x_wconf 79' lang='grc' dir='ltr'><em>ὅτι</em></span> <span class='ocrx_word' id='word_1_36' title='bbox 1117 487 1256 562; x_wconf 77' lang='grc' dir='ltr'><em>αὕτη</em></span> <span class='ocrx_word' id='word_1_37' title='bbox 1296 488 1331 562; x_wconf 80' lang='grc' dir='ltr'><em>ἡ</em></span> <span class='ocrx_word' id='word_1_38' title='bbox 1365 489 1608 563; x_wconf 82' lang='grc' dir='ltr'><em>διαθήκη</em></span> <span class='ocrx_word' id='word_1_39' title='bbox 1639 487 1711 563; x_wconf 81' lang='grc' dir='ltr'><em>ἣν</em></span> 
     </span>
     <span class='ocr_line' id='line_1_6' title="bbox 54 570 1709 651; baseline 0 -19"><span class='ocrx_word' id='word_1_40' title='bbox 54 598 76 632; x_wconf 85' lang='lat'><strong>5</strong></span> <span class='ocrx_word' id='word_1_41' title='bbox 101 572 439 647; x_wconf 81' lang='grc' dir='ltr'><em>διαθήσομαι</em></span> <span class='ocrx_word' id='word_1_42' title='bbox 468 576 546 651; x_wconf 80' lang='grc' dir='ltr'><em>τῷ</em></span> <span class='ocrx_word' id='word_1_43' title='bbox 570 570 814 647; x_wconf 82' lang='grc' dir='ltr'><em>Ἰσραὴλ,</em></span> <span class='ocrx_word' id='word_1_44' title='bbox 848 577 994 646; x_wconf 88' lang='grc' dir='ltr'><em>λέγει</em></span> <span class='ocrx_word' id='word_1_45' title='bbox 1025 572 1241 648; x_wconf 81' lang='grc' dir='ltr'><em>κύριος,</em></span> <span class='ocrx_word' id='word_1_46' title='bbox 1283 574 1475 640; x_wconf 81' lang='grc' dir='ltr'><em>διδοὺς</em></span> <span class='ocrx_word' id='word_1_47' title='bbox 1504 574 1709 648; x_wconf 91' lang='grc' dir='ltr'><em>νόμους</em></span> 
     </span>
     <span class='ocr_line' id='line_1_7' title="bbox 96 655 1708 734; baseline 0.001 -19"><span class='ocrx_word' id='word_1_48' title='bbox 96 682 204 732; x_wconf 93' lang='grc' dir='ltr'><em>μου</em></span> <span class='ocrx_word' id='word_1_49' title='bbox 246 660 334 715; x_wconf 87' lang='grc' dir='ltr'><em>ἐπὶ</em></span> <span class='ocrx_word' id='word_1_50' title='bbox 375 657 478 732; x_wconf 88' lang='grc' dir='ltr'><em>τὴν</em></span> <span class='ocrx_word' id='word_1_51' title='bbox 510 657 766 716; x_wconf 88' lang='grc' dir='ltr'><em>διάνοιαν</em></span> <span class='ocrx_word' id='word_1_52' title='bbox 795 655 1012 730; x_wconf 72' lang='grc' dir='ltr'><em>αὐτῶν,</em></span> <span class='ocrx_word' id='word_1_53' title='bbox 1066 661 1157 716; x_wconf 87' lang='grc' dir='ltr'><em>καὶ</em></span> <span class='ocrx_word' id='word_1_54' title='bbox 1205 660 1294 716; x_wconf 84' lang='grc' dir='ltr'><em>ἐπὶ</em></span> <span class='ocrx_word' id='word_1_55' title='bbox 1334 657 1430 726; x_wconf 77' lang='grc' dir='ltr'><em>τάς</em></span> <span class='ocrx_word' id='word_1_56' title='bbox 1476 665 1708 734; x_wconf 77' lang='grc' dir='ltr'><em>καρδίας</em></span> 
     </span>
     <span class='ocr_line' id='line_1_8' title="bbox 96 739 1707 817; baseline 0.001 -17"><span class='ocrx_word' id='word_1_57' title='bbox 96 741 282 800; x_wconf 75' lang='grc' dir='ltr'><em>αὐτῶν</em></span> <span class='ocrx_word' id='word_1_58' title='bbox 322 741 546 817; x_wconf 82' lang='grc' dir='ltr'><em>γράψω,</em></span> <span class='ocrx_word' id='word_1_59' title='bbox 601 745 694 800; x_wconf 86' lang='grc' dir='ltr'><em>καὶ</em></span> <span class='ocrx_word' id='word_1_60' title='bbox 735 749 923 816; x_wconf 82' lang='grc' dir='ltr'><em>ἔσομαι</em></span> <span class='ocrx_word' id='word_1_61' title='bbox 966 739 1150 800; x_wconf 72' lang='grc' dir='ltr'><em>αὐτῶν</em></span> <span class='ocrx_word' id='word_1_62' title='bbox 1196 741 1356 816; x_wconf 84' lang='grc' dir='ltr'><em>θεὸς,</em></span> <span class='ocrx_word' id='word_1_63' title='bbox 1414 746 1506 801; x_wconf 83' lang='grc' dir='ltr'><em>καὶ</em></span> <span class='ocrx_word' id='word_1_64' title='bbox 1550 743 1707 802; x_wconf 80' lang='grc' dir='ltr'><em>αὐτοὶ</em></span> 
     </span>
     <span class='ocr_line' id='line_1_9' title="bbox 97 825 674 901; baseline 0 -17"><span class='ocrx_word' id='word_1_65' title='bbox 97 833 323 885; x_wconf 78' lang='grc' dir='ltr'><em>ἔσονταί</em></span> <span class='ocrx_word' id='word_1_66' title='bbox 347 851 455 901; x_wconf 88' lang='grc' dir='ltr'><em>μου</em></span> <span class='ocrx_word' id='word_1_67' title='bbox 486 825 674 894; x_wconf 85' lang='grc' dir='ltr'><em>λαός.”</em></span> 
     </span>
     <span class='ocr_line' id='line_1_10' title="bbox 223 907 1706 988; baseline 0.001 -19"><span class='ocrx_word' id='word_1_68' title='bbox 223 917 273 969; x_wconf 86' lang='grc'><em>6.</em></span> <span class='ocrx_word' id='word_1_69' title='bbox 299 908 458 988; x_wconf 74' lang='grc' dir='ltr'><em>Ὁρᾷς</em></span> <span class='ocrx_word' id='word_1_70' title='bbox 501 915 594 969; x_wconf 86' lang='grc' dir='ltr'><em>καὶ</em></span> <span class='ocrx_word' id='word_1_71' title='bbox 634 914 832 970; x_wconf 83' lang='grc' dir='ltr'><em>τοῦτον</em></span> <span class='ocrx_word' id='word_1_72' title='bbox 862 907 935 978; x_wconf 74' lang='grc' dir='ltr'><em>ὡς</em></span> <span class='ocrx_word' id='word_1_73' title='bbox 967 910 1420 984; x_wconf 88' lang='grc' dir='ltr'><em>διαστελλόμενος</em></span> <span class='ocrx_word' id='word_1_74' title='bbox 1452 911 1554 970; x_wconf 84' lang='grc' dir='ltr'><em>δύο</em></span> <span class='ocrx_word' id='word_1_75' title='bbox 1586 918 1706 970; x_wconf 89' lang='grc' dir='ltr'><em>δια-</em></span> 
     </span>
     <span class='ocr_line' id='line_1_11' title="bbox 33 994 1708 1070; baseline 0.001 -18"><span class='ocrx_word' id='word_1_76' title='bbox 33 1019 76 1053; x_wconf 88' lang='lat'><em>10</em></span> <span class='ocrx_word' id='word_1_77' title='bbox 96 995 276 1070; x_wconf 87' lang='grc' dir='ltr'><em>θήκας</em></span> <span class='ocrx_word' id='word_1_78' title='bbox 317 997 420 1069; x_wconf 86' lang='grc' dir='ltr'><em>τὴν</em></span> <span class='ocrx_word' id='word_1_79' title='bbox 470 998 573 1070; x_wconf 75' lang='grc' dir='ltr'><em>μὲν</em></span> <span class='ocrx_word' id='word_1_80' title='bbox 613 994 856 1054; x_wconf 80' lang='grc' dir='ltr'><em>παλαιὰν</em></span> <span class='ocrx_word' id='word_1_81' title='bbox 899 994 1179 1069; x_wconf 79' lang='grc' dir='ltr'><em>ὀνομάζει,</em></span> <span class='ocrx_word' id='word_1_82' title='bbox 1230 994 1333 1069; x_wconf 87' lang='grc' dir='ltr'><em>τὴν</em></span> <span class='ocrx_word' id='word_1_83' title='bbox 1378 998 1439 1054; x_wconf 74' lang='grc' dir='ltr'><em>δὲ</em></span> <span class='ocrx_word' id='word_1_84' title='bbox 1488 995 1708 1070; x_wconf 82' lang='grc' dir='ltr'><em>καινὴν,</em></span> 
     </span>
     <span class='ocr_line' id='line_1_12' title="bbox 95 1077 1707 1155; baseline 0.001 -17"><span class='ocrx_word' id='word_1_85' title='bbox 95 1087 195 1139; x_wconf 86' lang='grc' dir='ltr'><em>καί</em></span> <span class='ocrx_word' id='word_1_86' title='bbox 219 1101 392 1155; x_wconf 87' lang='grc' dir='ltr'><em>φησιν</em></span> <span class='ocrx_word' id='word_1_87' title='bbox 421 1079 525 1153; x_wconf 82' lang='grc' dir='ltr'><em>τὴν</em></span> <span class='ocrx_word' id='word_1_88' title='bbox 555 1079 755 1153; x_wconf 85' lang='grc' dir='ltr'><em>καινὴν</em></span> <span class='ocrx_word' id='word_1_89' title='bbox 785 1077 852 1139; x_wconf 78' lang='grc' dir='ltr'><em>οὐ</em></span> <span class='ocrx_word' id='word_1_90' title='bbox 882 1080 1020 1138; x_wconf 82' lang='grc' dir='ltr'><em>κατὰ</em></span> <span class='ocrx_word' id='word_1_91' title='bbox 1050 1079 1154 1152; x_wconf 80' lang='grc' dir='ltr'><em>τῂν</em></span> <span class='ocrx_word' id='word_1_92' title='bbox 1183 1079 1428 1139; x_wconf 76' lang='grc' dir='ltr'><em>παλαιὰν</em></span> <span class='ocrx_word' id='word_1_93' title='bbox 1458 1088 1707 1154; x_wconf 77' lang='grc' dir='ltr'><em>ἔσεσθαι,</em></span> 
     </span>
     <span class='ocr_line' id='line_1_13' title="bbox 93 1161 1709 1239; baseline -0.001 -16"><span class='ocrx_word' id='word_1_94' title='bbox 93 1163 166 1238; x_wconf 82' lang='grc' dir='ltr'><em>ἣν</em></span> <span class='ocrx_word' id='word_1_95' title='bbox 197 1168 415 1224; x_wconf 89' lang='grc' dir='ltr'><em>διέθετο</em></span> <span class='ocrx_word' id='word_1_96' title='bbox 444 1179 560 1233; x_wconf 89' lang='grc' dir='ltr'><em>τοῖς</em></span> <span class='ocrx_word' id='word_1_97' title='bbox 589 1164 891 1239; x_wconf 85' lang='grc' dir='ltr'><em>πατράσιν;</em></span> <span class='ocrx_word' id='word_1_98' title='bbox 923 1161 955 1239; x_wconf 83' lang='grc' dir='ltr'><strong><em>ἡ</em></strong></span> <span class='ocrx_word' id='word_1_99' title='bbox 979 1166 1081 1238; x_wconf 74' lang='grc' dir='ltr'><em>μὲν</em></span> <span class='ocrx_word' id='word_1_100' title='bbox 1102 1163 1207 1239; x_wconf 73' lang='grc' dir='ltr'><em>γὰρ</em></span> <span class='ocrx_word' id='word_1_101' title='bbox 1230 1180 1344 1233; x_wconf 89' lang='grc' dir='ltr'><em>τοῖς</em></span> <span class='ocrx_word' id='word_1_102' title='bbox 1367 1164 1709 1224; x_wconf 79' lang='grc' dir='ltr'><em>ἀποπεσοῦσι</em></span> 
     </span>
     <span class='ocr_line' id='line_1_14' title="bbox 95 1247 1710 1324; baseline 0.001 -17"><span class='ocrx_word' id='word_1_103' title='bbox 95 1253 190 1322; x_wconf 81' lang='grc' dir='ltr'><em>τῆς</em></span> <span class='ocrx_word' id='word_1_104' title='bbox 228 1254 341 1307; x_wconf 79' lang='grc' dir='ltr'><em>τῶν</em></span> <span class='ocrx_word' id='word_1_105' title='bbox 381 1249 673 1324; x_wconf 89' lang='grc' dir='ltr'><em>προγόνων</em></span> <span class='ocrx_word' id='word_1_106' title='bbox 714 1248 1000 1323; x_wconf 81' lang='grc' dir='ltr'><em>εὐσεβείας</em></span> <span class='ocrx_word' id='word_1_107' title='bbox 1036 1247 1356 1324; x_wconf 79' lang='grc' dir='ltr'><em>Ἰουδαίοις,</em></span> <span class='ocrx_word' id='word_1_108' title='bbox 1399 1249 1497 1309; x_wconf 83' lang='grc' dir='ltr'><em>τὸν</em></span> <span class='ocrx_word' id='word_1_109' title='bbox 1530 1256 1710 1324; x_wconf 83' lang='grc' dir='ltr'><em>Αἰγυ-</em></span> 
     </span>
     <span class='ocr_line' id='line_1_15' title="bbox 97 1332 1710 1408; baseline 0.001 -17"><span class='ocrx_word' id='word_1_110' title='bbox 97 1332 330 1391; x_wconf 86' lang='grc' dir='ltr'><em>πτιακόν</em></span> <span class='ocrx_word' id='word_1_111' title='bbox 370 1335 432 1392; x_wconf 78' lang='grc' dir='ltr'><em>δὲ</em></span> <span class='ocrx_word' id='word_1_112' title='bbox 473 1341 600 1406; x_wconf 90' lang='grc' dir='ltr'><em>βίον</em></span> <span class='ocrx_word' id='word_1_113' title='bbox 640 1337 732 1392; x_wconf 85' lang='grc' dir='ltr'><em>καὶ</em></span> <span class='ocrx_word' id='word_1_114' title='bbox 772 1334 978 1407; x_wconf 86' lang='grc' dir='ltr'><em>τρόπον</em></span> <span class='ocrx_word' id='word_1_115' title='bbox 1020 1334 1354 1407; x_wconf 77' lang='grc' dir='ltr'><em>ζηλώσασιν,</em></span> <span class='ocrx_word' id='word_1_116' title='bbox 1401 1339 1496 1393; x_wconf 83' lang='grc' dir='ltr'><em>ἐπί</em></span> <span class='ocrx_word' id='word_1_117' title='bbox 1519 1358 1579 1392; x_wconf 90' lang='grc' dir='ltr'><em>τε</em></span> <span class='ocrx_word' id='word_1_118' title='bbox 1607 1334 1710 1408; x_wconf 88' lang='grc' dir='ltr'><em>τὴν</em></span> 
     </span>
     <span class='ocr_line' id='line_1_16' title="bbox 35 1417 1710 1492; baseline 0.002 -19"><span class='ocrx_word' id='word_1_119' title='bbox 35 1438 77 1472; x_wconf 88' lang='lat'><em>15</em></span> <span class='ocrx_word' id='word_1_120' title='bbox 99 1417 383 1477; x_wconf 79' lang='grc' dir='ltr'><em>πολύθεον</em></span> <span class='ocrx_word' id='word_1_121' title='bbox 411 1418 630 1492; x_wconf 79' lang='grc' dir='ltr'><em>πλάνην</em></span> <span class='ocrx_word' id='word_1_122' title='bbox 659 1422 751 1476; x_wconf 85' lang='grc' dir='ltr'><em>καὶ</em></span> <span class='ocrx_word' id='word_1_123' title='bbox 773 1417 875 1491; x_wconf 85' lang='grc' dir='ltr'><em>τὴν</em></span> <span class='ocrx_word' id='word_1_124' title='bbox 904 1418 1047 1492; x_wconf 85' lang='grc' dir='ltr'><em>ἀμφὶ</em></span> <span class='ocrx_word' id='word_1_125' title='bbox 1068 1417 1134 1476; x_wconf 80' lang='grc' dir='ltr'><em>τά</em></span> <span class='ocrx_word' id='word_1_126' title='bbox 1159 1425 1363 1477; x_wconf 78' lang='grc' dir='ltr'><em>εἴδωλα</em></span> <span class='ocrx_word' id='word_1_127' title='bbox 1385 1423 1498 1477; x_wconf 71' lang='grc' dir='ltr'><em>τῶν</em></span> <span class='ocrx_word' id='word_1_128' title='bbox 1523 1424 1710 1478; x_wconf 78' lang='grc' dir='ltr'><em>ἐθνῶν</em></span> 
     </span>
    </p>
   </div>
   <div class='ocr_carea' id='block_1_3' title="bbox 1736 682 1756 714">
    <p class='ocr_par' dir='ltr' id='par_1_3' title="bbox 1736 682 1756 714">
     <span class='ocr_line' id='line_1_17' title="bbox 1736 682 1756 714; baseline 0 0"><span class='ocrx_word' id='word_1_129' title='bbox 1736 682 1756 714; x_wconf 92' lang='lat' dir='ltr'>b</span> 
     </span>
    </p>
   </div>
   <div class='ocr_carea' id='block_1_4' title="bbox 100 1501 1748 1576">
    <p class='ocr_par' dir='ltr' id='par_1_4' title="bbox 100 1501 1748 1576">
     <span class='ocr_line' id='line_1_18' title="bbox 100 1501 1748 1576; baseline 0 -17"><span class='ocrx_word' id='word_1_130' title='bbox 100 1507 541 1576; x_wconf 86' lang='grc' dir='ltr'><em>δεισιδαιμονίαν</em></span> <span class='ocrx_word' id='word_1_131' title='bbox 585 1502 980 1575; x_wconf 86' lang='grc' dir='ltr'><em>ὀλισθήσασιν,</em></span> <span class='ocrx_word' id='word_1_132' title='bbox 1038 1507 1475 1576; x_wconf 90' lang='grc' dir='ltr'><em>νενομοθέτητο,</em></span> <span class='ocrx_word' id='word_1_133' title='bbox 1522 1503 1595 1571; x_wconf 80' lang='grc' dir='ltr'><em>ὡς</em></span> <span class='ocrx_word' id='word_1_134' title='bbox 1639 1501 1709 1562; x_wconf 76' lang='grc' dir='ltr'><em>ἂν</em></span> <span class='ocrx_word' id='word_1_135' title='bbox 1733 1538 1748 1559; x_wconf 75' lang='lat' dir='ltr'>c</span> 
     </span>
    </p>
   </div>
   <div class='ocr_carea' id='block_1_5' title="bbox 33 1584 1709 2590">
    <p class='ocr_par' dir='ltr' id='par_1_5' title="bbox 96 1584 1708 1662">
     <span class='ocr_line' id='line_1_19' title="bbox 96 1584 1708 1662; baseline 0.002 -19"><span class='ocrx_word' id='word_1_136' title='bbox 96 1585 367 1654; x_wconf 79' lang='grc' dir='ltr'><em>πεσόντας</em></span> <span class='ocrx_word' id='word_1_137' title='bbox 409 1586 774 1662; x_wconf 76' lang='grc' dir='ltr'><em>ἀνεγείρουσα</em></span> <span class='ocrx_word' id='word_1_138' title='bbox 816 1589 908 1644; x_wconf 86' lang='grc' dir='ltr'><em>καὶ</em></span> <span class='ocrx_word' id='word_1_139' title='bbox 939 1584 1263 1656; x_wconf 81' lang='grc' dir='ltr'><em>ἀνορθοῦσα</em></span> <span class='ocrx_word' id='word_1_140' title='bbox 1308 1586 1437 1655; x_wconf 78' lang='grc' dir='ltr'><em>τούς</em></span> <span class='ocrx_word' id='word_1_141' title='bbox 1478 1603 1708 1662; x_wconf 81' lang='grc' dir='ltr'><em>πρηνεῖς</em></span> 
     </span>
    </p>

    <p class='ocr_par' dir='ltr' id='par_1_6' title="bbox 97 1670 1707 1746">
     <span class='ocr_line' id='line_1_20' title="bbox 97 1670 1707 1746; baseline 0 -18"><span class='ocrx_word' id='word_1_142' title='bbox 97 1673 384 1744; x_wconf 83' lang='grc' dir='ltr'><em>κειμένους</em></span> <span class='ocrx_word' id='word_1_143' title='bbox 415 1671 772 1744; x_wconf 87' lang='grc' dir='ltr'><em>καταλλήλοις</em></span> <span class='ocrx_word' id='word_1_144' title='bbox 807 1677 1205 1738; x_wconf 82' lang='grc' dir='ltr'><em>διδασκαλίαις.</em></span> <span class='ocrx_word' id='word_1_145' title='bbox 1268 1670 1542 1740; x_wconf 44' lang='grc' dir='ltr'><em>((δικαίοις</em></span> <span class='ocrx_word' id='word_1_146' title='bbox 1582 1672 1707 1746; x_wconf 80' lang='grc' dir='ltr'><em>γὰρ,</em></span> 
     </span>
    </p>

    <p class='ocr_par' dir='ltr' id='par_1_7' title="bbox 33 1752 1707 1914">
     <span class='ocr_line' id='line_1_21' title="bbox 96 1752 1707 1829; baseline 0.001 -17"><span class='ocrx_word' id='word_1_147' title='bbox 96 1758 265 1829; x_wconf 87' lang='grc' dir='ltr'><em>φησὶ,</em></span> <span class='ocrx_word' id='word_1_148' title='bbox 297 1754 462 1829; x_wconf 92' lang='grc' dir='ltr'><em>νόμος</em></span> <span class='ocrx_word' id='word_1_149' title='bbox 493 1754 560 1813; x_wconf 83' lang='grc' dir='ltr'><em>οὐ</em></span> <span class='ocrx_word' id='word_1_150' title='bbox 591 1769 796 1827; x_wconf 86' lang='grc' dir='ltr'><em>κεῖται,</em></span> <span class='ocrx_word' id='word_1_151' title='bbox 830 1755 1054 1829; x_wconf 81' lang='grc' dir='ltr'><em>ἀνόμοις</em></span> <span class='ocrx_word' id='word_1_152' title='bbox 1080 1757 1257 1813; x_wconf 75' lang='grc' dir='ltr'><em>δὲκαὶ</em></span> <span class='ocrx_word' id='word_1_153' title='bbox 1287 1752 1707 1829; x_wconf 81' lang='grc' dir='ltr'><em>ἀνυποτάκτοις,</em></span> 
     </span>
     <span class='ocr_line' id='line_1_22' title="bbox 33 1836 1601 1914; baseline 0.002 -19"><span class='ocrx_word' id='word_1_154' title='bbox 33 1861 77 1895; x_wconf 67' lang='lat' dir='ltr'><em>zo</em></span> <span class='ocrx_word' id='word_1_155' title='bbox 97 1837 320 1913; x_wconf 77' lang='grc' dir='ltr'><em>ἀσεβέσι</em></span> <span class='ocrx_word' id='word_1_156' title='bbox 351 1843 444 1898; x_wconf 85' lang='grc' dir='ltr'><em>καὶ</em></span> <span class='ocrx_word' id='word_1_157' title='bbox 473 1836 846 1914; x_wconf 76' lang='grc' dir='ltr'><em>ἁμαρτωλοῖς,</em></span> <span class='ocrx_word' id='word_1_158' title='bbox 880 1842 971 1897; x_wconf 82' lang='grc' dir='ltr'><em>καὶ</em></span> <span class='ocrx_word' id='word_1_159' title='bbox 1002 1853 1115 1906; x_wconf 86' lang='grc' dir='ltr'><em>τοῖς</em></span> <span class='ocrx_word' id='word_1_160' title='bbox 1146 1839 1601 1913; x_wconf 84' lang='grc' dir='ltr'><em>παραπλησίοις.”</em></span> 
     </span>
    </p>

    <p class='ocr_par' dir='ltr' id='par_1_8' title="bbox 96 1921 1709 2590">
     <span class='ocr_line' id='line_1_23' title="bbox 226 1921 1708 1999; baseline 0 -17"><span class='ocrx_word' id='word_1_161' title='bbox 226 1930 270 1982; x_wconf 83' lang='grc'><em>7.</em></span> <span class='ocrx_word' id='word_1_162' title='bbox 299 1921 366 1982; x_wconf 85' lang='grc' dir='ltr'><strong><em>Ἡ</em></strong></span> <span class='ocrx_word' id='word_1_163' title='bbox 394 1925 456 1982; x_wconf 74' lang='grc' dir='ltr'><em>δὲ</em></span> <span class='ocrx_word' id='word_1_164' title='bbox 479 1923 641 1998; x_wconf 83' lang='grc' dir='ltr'><em>καινὴ</em></span> <span class='ocrx_word' id='word_1_165' title='bbox 671 1925 798 1992; x_wconf 81' lang='grc' dir='ltr'><em>τούς</em></span> <span class='ocrx_word' id='word_1_166' title='bbox 824 1924 916 1982; x_wconf 80' lang='grc' dir='ltr'><em>διὰ</em></span> <span class='ocrx_word' id='word_1_167' title='bbox 938 1928 1041 1982; x_wconf 79' lang='grc' dir='ltr'><em>τοῦ</em></span> <span class='ocrx_word' id='word_1_168' title='bbox 1071 1930 1316 1998; x_wconf 87' lang='grc' dir='ltr'><em>σωτῆρος</em></span> <span class='ocrx_word' id='word_1_169' title='bbox 1349 1921 1506 1998; x_wconf 73' lang='grc' dir='ltr'><em>ἡμῶν</em></span> <span class='ocrx_word' id='word_1_170' title='bbox 1529 1925 1708 1999; x_wconf 90' lang='grc' dir='ltr'><em>χάριτι</em></span> 
     </span>
     <span class='ocr_line' id='line_1_24' title="bbox 96 2009 1708 2085; baseline 0 -19"><span class='ocrx_word' id='word_1_171' title='bbox 96 2011 188 2066; x_wconf 86' lang='grc' dir='ltr'><em>καὶ</em></span> <span class='ocrx_word' id='word_1_172' title='bbox 221 2012 403 2085; x_wconf 76' lang='grc' dir='ltr'><em>δωρεᾷ</em></span> <span class='ocrx_word' id='word_1_173' title='bbox 431 2013 571 2068; x_wconf 77' lang='grc' dir='ltr'><em>θεοῦ</em></span> <span class='ocrx_word' id='word_1_174' title='bbox 600 2009 1074 2084; x_wconf 88' lang='grc' dir='ltr'><em>ἀνεγηγερμένους</em></span> <span class='ocrx_word' id='word_1_175' title='bbox 1120 2011 1208 2067; x_wconf 85' lang='grc' dir='ltr'><em>ε’πὶ</em></span> <span class='ocrx_word' id='word_1_176' title='bbox 1249 2009 1308 2067; x_wconf 88' lang='grc' dir='ltr'><em>τὸ</em></span> <span class='ocrx_word' id='word_1_177' title='bbox 1340 2014 1587 2083; x_wconf 82' lang='grc' dir='ltr'><em>βαδίζειν</em></span> <span class='ocrx_word' id='word_1_178' title='bbox 1616 2012 1708 2067; x_wconf 85' lang='grc' dir='ltr'><em>καὶ</em></span> 
     </span>
     <span class='ocr_line' id='line_1_25' title="bbox 98 2093 1709 2168; baseline 0.001 -18"><span class='ocrx_word' id='word_1_179' title='bbox 98 2093 363 2151; x_wconf 84' lang='grc' dir='ltr'><em>σπεύδειν</em></span> <span class='ocrx_word' id='word_1_180' title='bbox 403 2101 480 2161; x_wconf 84' lang='grc' dir='ltr'><em>εἰς</em></span> <span class='ocrx_word' id='word_1_181' title='bbox 518 2093 622 2167; x_wconf 86' lang='grc' dir='ltr'><em>τὴν</em></span> <span class='ocrx_word' id='word_1_182' title='bbox 663 2097 1080 2168; x_wconf 78' lang='grc' dir='ltr'><em>ἐπηγγελμένην</em></span> <span class='ocrx_word' id='word_1_183' title='bbox 1118 2097 1219 2152; x_wconf 80' lang='grc' dir='ltr'><em>τοῦ</em></span> <span class='ocrx_word' id='word_1_184' title='bbox 1247 2100 1386 2152; x_wconf 83' lang='grc' dir='ltr'><em>θεοῦ</em></span> <span class='ocrx_word' id='word_1_185' title='bbox 1417 2101 1709 2167; x_wconf 91' lang='grc' dir='ltr'><em>βασιλείαν</em></span> 
     </span>
     <span class='ocr_line' id='line_1_26' title="bbox 97 2176 1707 2252; baseline 0 -16"><span class='ocrx_word' id='word_1_186' title='bbox 97 2193 442 2252; x_wconf 87' lang='grc' dir='ltr'><em>χειραγωγεῑ,</em></span> <span class='ocrx_word' id='word_1_187' title='bbox 475 2178 684 2245; x_wconf 87' lang='grc' dir='ltr'><em>πάντας</em></span> <span class='ocrx_word' id='word_1_188' title='bbox 717 2176 803 2236; x_wconf 84' lang='grc' dir='ltr'><em>ἐπ’</em></span> <span class='ocrx_word' id='word_1_189' title='bbox 833 2187 954 2252; x_wconf 81' lang='grc' dir='ltr'><em>ἴσης</em></span> <span class='ocrx_word' id='word_1_190' title='bbox 977 2177 1317 2250; x_wconf 76' lang='grc' dir='ltr'><em>ἀνθρώπους</em></span> <span class='ocrx_word' id='word_1_191' title='bbox 1343 2185 1420 2246; x_wconf 83' lang='grc' dir='ltr'><em>εἰς</em></span> <span class='ocrx_word' id='word_1_192' title='bbox 1450 2185 1585 2252; x_wconf 91' lang='grc' dir='ltr'><em>μίαν</em></span> <span class='ocrx_word' id='word_1_193' title='bbox 1615 2181 1707 2236; x_wconf 87' lang='grc' dir='ltr'><em>καὶ</em></span> 
     </span>
     <span class='ocr_line' id='line_1_27' title="bbox 97 2260 1707 2337; baseline 0.001 -18"><span class='ocrx_word' id='word_1_194' title='bbox 97 2261 199 2335; x_wconf 86' lang='grc' dir='ltr'><em>τὴν</em></span> <span class='ocrx_word' id='word_1_195' title='bbox 244 2261 421 2336; x_wconf 81' lang='grc' dir='ltr'><em>αὐτὴν</em></span> <span class='ocrx_word' id='word_1_196' title='bbox 464 2266 577 2321; x_wconf 75' lang='grc' dir='ltr'><em>τῶν</em></span> <span class='ocrx_word' id='word_1_197' title='bbox 630 2260 863 2336; x_wconf 71' lang='grc' dir='ltr'><em>ἀγαθῶν</em></span> <span class='ocrx_word' id='word_1_198' title='bbox 915 2270 1217 2337; x_wconf 90' lang='grc' dir='ltr'><em>μετουσίαν</em></span> <span class='ocrx_word' id='word_1_199' title='bbox 1267 2265 1707 2337; x_wconf 85' lang='grc' dir='ltr'><em>προκαλουμένη.</em></span> 
     </span>
     <span class='ocr_line' id='line_1_28' title="bbox 96 2341 1708 2421; baseline 0 -17"><span class='ocrx_word' id='word_1_200' title='bbox 96 2346 307 2420; x_wconf 84' lang='grc' dir='ltr'><em>ταύτην</em></span> <span class='ocrx_word' id='word_1_201' title='bbox 348 2345 450 2418; x_wconf 88' lang='grc' dir='ltr'><em>τὴν</em></span> <span class='ocrx_word' id='word_1_202' title='bbox 489 2346 690 2420; x_wconf 83' lang='grc' dir='ltr'><em>καινὴν</em></span> <span class='ocrx_word' id='word_1_203' title='bbox 732 2347 1017 2421; x_wconf 84' lang='grc' dir='ltr'><em>διαθήκην</em></span> <span class='ocrx_word' id='word_1_204' title='bbox 1048 2341 1215 2415; x_wconf 77' lang='grc' dir='ltr'><em>αὖθις</em></span> <span class='ocrx_word' id='word_1_205' title='bbox 1255 2346 1428 2421; x_wconf 91' lang='grc' dir='ltr'><em>νόμον</em></span> <span class='ocrx_word' id='word_1_206' title='bbox 1456 2347 1708 2420; x_wconf 81' lang='grc' dir='ltr'><em>ὀνομάζει</em></span> 
     </span>
     <span class='ocr_line' id='line_1_29' title="bbox 97 2430 1707 2506; baseline 0 -18"><span class='ocrx_word' id='word_1_207' title='bbox 97 2430 291 2489; x_wconf 85' lang='grc' dir='ltr'><em>καινὸν</em></span> <span class='ocrx_word' id='word_1_208' title='bbox 312 2430 568 2505; x_wconf 82' lang='grc' dir='ltr'><em>Ἡσαΐας,</em></span> <span class='ocrx_word' id='word_1_209' title='bbox 600 2430 763 2500; x_wconf 71' lang='grc' dir='ltr'><em>ἄλλος</em></span> <span class='ocrx_word' id='word_1_210' title='bbox 794 2432 963 2490; x_wconf 89' lang='grc' dir='ltr'><em>πάλιν</em></span> <span class='ocrx_word' id='word_1_211' title='bbox 984 2431 1258 2506; x_wconf 83' lang='grc' dir='ltr'><em>Ἑβραίων</em></span> <span class='ocrx_word' id='word_1_212' title='bbox 1287 2431 1590 2506; x_wconf 85' lang='grc' dir='ltr'><em>προφήτης,</em></span> <span class='ocrx_word' id='word_1_213' title='bbox 1624 2433 1707 2488; x_wconf 91' lang='grc' dir='ltr'><em>λέ-</em></span> 
     </span>
     <span class='ocr_line' id='line_1_30' title="bbox 97 2512 1706 2590; baseline 0 -17"><span class='ocrx_word' id='word_1_214' title='bbox 97 2539 215 2587; x_wconf 90' lang='grc' dir='ltr'><em>γων</em></span> <span class='ocrx_word' id='word_1_215' title='bbox 237 2512 337 2574; x_wconf 45' lang='grc' dir='ltr'><em>ο(ἐκ</em></span> <span class='ocrx_word' id='word_1_216' title='bbox 366 2514 471 2589; x_wconf 78' lang='grc' dir='ltr'><em>γάρ</em></span> <span class='ocrx_word' id='word_1_217' title='bbox 504 2516 661 2575; x_wconf 77' lang='grc' dir='ltr'><em>Σιών</em></span> <span class='ocrx_word' id='word_1_218' title='bbox 692 2516 1034 2585; x_wconf 78' lang='grc' dir='ltr'><em>ἐξελεύσεται</em></span> <span class='ocrx_word' id='word_1_219' title='bbox 1063 2516 1255 2590; x_wconf 90' lang='grc' dir='ltr'><em>νόμος,</em></span> <span class='ocrx_word' id='word_1_220' title='bbox 1301 2519 1393 2573; x_wconf 87' lang='grc' dir='ltr'><em>καὶ</em></span> <span class='ocrx_word' id='word_1_221' title='bbox 1425 2515 1582 2588; x_wconf 91' lang='grc' dir='ltr'><em>λόγος</em></span> <span class='ocrx_word' id='word_1_222' title='bbox 1614 2540 1706 2573; x_wconf 88' lang='grc' dir='ltr'><em>κυ-</em></span> 
     </span>
    </p>
   </div>
   <div class='ocr_carea' id='block_1_6' title="bbox 10 2598 1707 2675">
    <p class='ocr_par' dir='ltr' id='par_1_9' title="bbox 10 2598 1707 2675">
     <span class='ocr_line' id='line_1_31' title="bbox 10 2598 1707 2675; baseline 0.001 -19"><span class='ocrx_word' id='word_1_223' title='bbox 10 2598 33 2637; x_wconf 53' lang='lat'><em>³*</em></span> <span class='ocrx_word' id='word_1_224' title='bbox 98 2605 224 2674; x_wconf 93' lang='grc' dir='ltr'><em>ρίου</em></span> <span class='ocrx_word' id='word_1_225' title='bbox 250 2603 303 2668; x_wconf 81' lang='grc' dir='ltr'><em>ἐξ</em></span> <span class='ocrx_word' id='word_1_226' title='bbox 321 2599 694 2675; x_wconf 77' lang='grc' dir='ltr'><em>Ἰερουσαλὴμ,</em></span> <span class='ocrx_word' id='word_1_227' title='bbox 727 2603 820 2659; x_wconf 86' lang='grc' dir='ltr'><em>καὶ</em></span> <span class='ocrx_word' id='word_1_228' title='bbox 844 2615 1025 2675; x_wconf 86' lang='grc' dir='ltr'><em>κρινεῖ</em></span> <span class='ocrx_word' id='word_1_229' title='bbox 1047 2600 1154 2658; x_wconf 78' lang='grc' dir='ltr'><em>ἀνά</em></span> <span class='ocrx_word' id='word_1_230' title='bbox 1176 2604 1348 2674; x_wconf 91' lang='grc' dir='ltr'><em>μέσον</em></span> <span class='ocrx_word' id='word_1_231' title='bbox 1367 2602 1479 2657; x_wconf 72' lang='grc' dir='ltr'><em>τῶν</em></span> <span class='ocrx_word' id='word_1_232' title='bbox 1501 2603 1707 2672; x_wconf 72' lang='grc' dir='ltr'><em>ἐθνῶν,</em></span> 
     </span>
    </p>
   </div>
   <div class='ocr_carea' id='block_1_7' title="bbox 37 2681 1710 2759">
    <p class='ocr_par' dir='ltr' id='par_1_10' title="bbox 37 2681 1710 2759">
     <span class='ocr_line' id='line_1_32' title="bbox 37 2681 1710 2759; baseline 0.001 -20"><span class='ocrx_word' id='word_1_233' title='bbox 37 2702 80 2737; x_wconf 74' lang='lat'><em>⁸0</em></span> <span class='ocrx_word' id='word_1_234' title='bbox 101 2685 193 2741; x_wconf 87' lang='grc' dir='ltr'><em>καὶ</em></span> <span class='ocrx_word' id='word_1_235' title='bbox 222 2681 414 2756; x_wconf 80' lang='grc' dir='ltr'><em>ἥξουσι</em></span> <span class='ocrx_word' id='word_1_236' title='bbox 445 2685 623 2743; x_wconf 85' lang='grc' dir='ltr'><em>πάντα</em></span> <span class='ocrx_word' id='word_1_237' title='bbox 652 2685 716 2744; x_wconf 77' lang='grc' dir='ltr'><em>τὰ</em></span> <span class='ocrx_word' id='word_1_238' title='bbox 749 2692 918 2759; x_wconf 77' lang='grc' dir='ltr'><em>ἔθνη,</em></span> <span class='ocrx_word' id='word_1_239' title='bbox 964 2688 1054 2742; x_wconf 88' lang='grc' dir='ltr'><em>καὶ</em></span> <span class='ocrx_word' id='word_1_240' title='bbox 1086 2683 1535 2758; x_wconf 84' lang='grc' dir='ltr'><em>συναχθήσονται</em></span> <span class='ocrx_word' id='word_1_241' title='bbox 1567 2683 1710 2742; x_wconf 86' lang='grc' dir='ltr'><em>πάν-</em></span> 
     </span>
    </p>
   </div>
   <div class='ocr_carea' id='block_1_8' title="bbox 102 2815 437 2823">
    <p class='ocr_par' dir='ltr' id='par_1_11' title="bbox 102 2815 437 2823">
     <span class='ocr_line' id='line_1_33' title="bbox 102 2815 437 2823; baseline 0 0"><span class='ocrx_word' id='word_1_242' title='bbox 102 2815 437 2823; x_wconf 95' lang='lat' dir='ltr'><em> </em></span> 
     </span>
    </p>
   </div>
   <div class='ocr_carea' id='block_1_9' title="bbox 216 2878 1086 2931">
    <p class='ocr_par' dir='ltr' id='par_1_12' title="bbox 216 2878 1086 2931">
     <span class='ocr_line' id='line_1_34' title="bbox 216 2878 1086 2931; baseline 0.002 -14"><span class='ocrx_word' id='word_1_243' title='bbox 216 2879 267 2918; x_wconf 87' lang='lat'><em>18</em></span> <span class='ocrx_word' id='word_1_244' title='bbox 301 2878 418 2922; x_wconf 76' lang='lat' dir='ltr'><strong>Tim.</strong></span> <span class='ocrx_word' id='word_1_245' title='bbox 442 2881 479 2927; x_wconf 93' lang='lat'><em>1,</em></span> <span class='ocrx_word' id='word_1_246' title='bbox 506 2880 542 2931; x_wconf 88' lang='lat'><em>1,</em></span> <span class='ocrx_word' id='word_1_247' title='bbox 567 2881 605 2921; x_wconf 86' lang='lat'><em>9.</em></span> <span class='ocrx_word' id='word_1_248' title='bbox 778 2881 830 2919; x_wconf 79' lang='lat'><em>28</em></span> <span class='ocrx_word' id='word_1_249' title='bbox 862 2880 955 2920; x_wconf 76' lang='lat' dir='ltr'>Jes.</span> <span class='ocrx_word' id='word_1_250' title='bbox 983 2882 1020 2929; x_wconf 77' lang='lat'><em>2,</em></span> <span class='ocrx_word' id='word_1_251' title='bbox 1046 2881 1086 2920; x_wconf 91' lang='lat'><em>3.</em></span> 
     </span>
    </p>
   </div>
   <div class='ocr_carea' id='block_1_10' title="bbox 1734 2539 1823 2592">
    <p class='ocr_par' dir='ltr' id='par_1_13' title="bbox 1734 2539 1823 2592">
     <span class='ocr_line' id='line_1_35' title="bbox 1734 2539 1823 2592; baseline 0 0"><span class='ocrx_word' id='word_1_252' title='bbox 1734 2539 1756 2571; x_wconf 81' lang='lat' dir='ltr'>d</span> <span class='ocrx_word' id='word_1_253' title='bbox 1817 2584 1823 2592; x_wconf 77' lang='grc' dir='ltr'><em>ι</em></span> 
     </span>
    </p>
   </div>
  </div>
 </body>
</html>
