1992 3186
236 134 340 186 398
919 133 1166 174 EUSEBII

237 247 271 306 ἃ
302 251 392 306 καὶ
424 247 751 321 πεπλήρωκε
781 245 840 304 τὸ
872 250 979 316 ζῶν
1007 245 1167 318 ὕδωρ
1197 253 1292 319 τῆς
1324 250 1718 322 σωτηρίουρκαὶ
1753 247 1839 308 εὖ·

237 336 526 406 αγγελικῆς
545 337 922 404 διδασκαλίας,
946 334 1073 406 περὶ
1095 323 1163 389 οὗ
1186 330 1353 388 πάλιν
1379 334 1636 390 ἐπαίδευε
1661 336 1840 405 λέγων

227 413 325 484 “ὃς
355 413 424 473 ἂν
464 421 563 488 πίῃ
603 418 702 472 τοῦ
731 412 961 487 ὕδατος,
1002 409 1070 472 οὗ
1110 414 1214 488 ἐγώ
1247 413 1408 472 δῶσω
1451 413 1628 492 αὐτῷ,
1669 414 1736 474 οὐ
1765 416 1839 490 μὴ

238 499 459 570 διψήσει
490 504 567 564 εἰς
596 496 692 555 τὸν
716 497 945 557 αἰῶνα.”
1009 502 1101 556 καὶ
1123 498 1291 557 πάλιν
1313 495 1584 573 “ποταμοὶ
1614 500 1839 575 (φησὶν)

236 587 295 640 ἐκ
323 586 418 654 τῆς
448 589 658 649 κοιλίας
690 579 860 640 αὐτοῦ
890 583 1187 658 ῥεύσουσιν
1208 581 1409 650 ὕδατος
1434 587 1647 656 ζῶντος,
1678 581 1839 643 ἅλλο-

232 669 404 740 μένου
437 672 513 733 εἰς
545 664 687 738 ζωὴν
718 665 999 725 αἰῶνιον.”
1050 672 1133 724 50.
1161 670 1253 725 καὶ
1276 660 1445 734 αὖθις
1469 664 1563 724 “εἰ’
1581 692 1661 735 τις
1688 674 1842 744 διψᾷ,

123 778 210 818 (294)
237 753 483 824 ἐρχέσθω
515 750 651 824 πρός
680 774 775 824 με,
807 753 898 808 καὶ
929 749 1188 810 πινέτω.”
1247 750 1382 824 μετὰ
1411 755 1551 824 γοῦν
1579 750 1638 808 τὸ
1670 749 1843 826 ἄνομ-

179 2632 192 2652 ί.

233 838 449 910 βρῆσαν
481 838 540 892 ἐκ
569 839 664 907 τῆς
685 834 1041 910 Ἰερουσαλὴμ
1074 838 1161 893 ἐπὶ
1191 839 1303 893 πᾶν
1332 839 1490 908 γένος
1521 834 1842 911 ἀνθρώπων

233 917 506 992 σωτήριον
527 921 618 975 καὶ
642 918 863 991 λογικὸν
883 922 1047 994 νοῖμα,
1071 918 1206 994 ὅπερ
1228 923 1572 994 σαφέστερον
1590 923 1650 978 ἐν
1674 923 1841 998 ἑτέρω

234 1008 495 1075 δηλοῦται
537 1002 626 1059 διὰ
665 1007 764 1061 τοῦ
794 1000 894 1060 “ε’κ
934 1003 1038 1078 γὰρ
1078 1004 1235 1062 Σιῶν
1278 1003 1616 1072 ἐξελεύσεται
1655 1004 1840 1078 νόμος,

233 1088 323 1143 καὶ
355 1085 512 1158 λόγος
544 1093 741 1161 κυρίου
773 1090 826 1156 ἐξ
849 1086 1236 1161 Ἰερουσαλὴμ,
1281 1091 1373 1144 καὶ
1405 1104 1586 1161 κρινεῖ
1611 1087 1717 1146 ἆνόι
1745 1093 1844 1162 μέ-

231 1188 331 1227 σον
359 1173 472 1226 τῶν
514 1173 714 1228 ἐθνῶν.
787 1177 934 1228 ἔσται
977 1171 1166 1246 (φησὶ)
1209 1170 1399 1246 κύριος
1445 1178 1522 1238 εἰς
1552 1171 1837 1244 βασιλέα.”

231 1258 313 1310 51.
348 1252 451 1311 οὐκ
493 1259 642 1311 ἔσται
685 1256 744 1311 δὲ
785 1252 846 1312 ἓν
877 1254 1259 1329 Ἰερουσαλὴμ,
1313 1254 1445 1313 οὐδὲ
1485 1254 1575 1313 ἐπὶ
1614 1256 1674 1313 τὸ
1709 1256 1840 1314 Ἰου-

234 1342 408 1395 δαίων
439 1345 633 1410 ἕθνος,
666 1337 805 1395 ἀλλὰ
827 1337 956 1396 “ε’πὶ
989 1343 1173 1397 πᾶσαν
1211 1339 1313 1412 τὴν
1342 1343 1449 1412 γῆν
1482 1343 1541 1396 ἐν
1570 1344 1635 1414 τῇ
1666 1337 1842 1417 ἡμέρα

232 1424 431 1495 ἐκείνῃ.
492 1423 582 1478 καὶ
615 1429 764 1479 ἔσται
795 1421 983 1501 κύριος
1016 1421 1112 1494 εἷς,
1145 1426 1235 1480 καὶ
1259 1423 1319 1480 τὸ
1350 1421 1524 1497 ὄνομα
1554 1421 1726 1481 αὐτοῦ
1758 1429 1838 1498 ἓν,

230 1509 477 1563 κυκλοῦν
507 1510 692 1563 πᾶσαν
720 1504 823 1579 τὴν
852 1504 1016 1579 γῆν.”
1087 1504 1123 1564 ὁὶ
1152 1510 1243 1564 καὶ
1285 1505 1425 1564 αὐτοὶ
1455 1507 1687 1584 συνᾴδει
1727 1523 1840 1576 τοῖς

229 1587 336 1646 ἀπὸ
365 1592 478 1647 τῶν
497 1596 744 1663 Ψαλμῶν
766 1602 1184 1664 παρατεθεῖσιν,
1219 1589 1290 1648 δι’
1329 1584 1408 1648 ῶν
1439 1594 1653 1664 ἐλέγετο
1674 1588 1839 1664 “ε’βα·

229 1678 487 1731 σίλευσεν
515 1672 544 1730 ὁ
575 1672 707 1740 θεὸς
740 1677 828 1731 ἐπὶ
858 1675 922 1731 τὰ
955 1673 1152 1747 ἔθνη.”
1209 1677 1301 1732 καὶ
1331 1674 1498 1732 πάλιν
1518 1673 1756 1734 (ἐιῖπατε-
1780 1680 1840 1734 ἐν

228 1770 340 1824 τοῖς
372 1762 626 1830 ἔθνεσιν,
657 1757 685 1815 ὁ
719 1758 907 1833 κύριος
941 1756 1318 1831 ἐβασίλευσε.”
1394 1762 1566 1816 ταῦτα
1610 1761 1671 1816 δὲ
1700 1759 1839 1832 ὁμοῦ

1862 608 1884 642 5

1867 1030 1906 1061 10

1866 1447 1904 1479 15

229 1839 408 1898 πάντα
441 1845 500 1899 ἐν
529 1856 647 1909 ταῖς
671 1847 769 1899 τοῦ
800 1849 998 1916 κυρίου
1021 1839 1248 1917 ἡμέραις
1274 1849 1501 1899 ἔσεσθαι
1520 1843 1837 1915 προφητεύ-
1859 1866 1900 1899 20

231 1947 359 1982 εται.
428 1930 512 1983 52.
549 1929 609 1983 ἐν
649 1923 789 2000 ἀρχῇ
829 1929 967 1998 γοῦν
1010 1930 1106 1997 τῆς
1147 1923 1279 1998 ὅλης
1309 1932 1649 2000 προφητείας
1672 1925 1838 1985 “ἰδού

228 2003 423 2080 ἡμέραι
455 2009 677 2082 (φησὶν)
710 2015 961 2082 ἔρχονται
983 2013 1083 2067 τοῦ
1104 2015 1322 2085 κυρίου,
1354 2012 1446 2066 καὶ
1471 2015 1620 2067 ἔσται
1644 2008 1835 2069 τάδε.”

227 2097 351 2147 τίνα
392 2090 461 2162 δὴ
499 2096 671 2148 ταῦτα
711 2091 834 2150 ἀλλ’
878 2091 912 2165 ἢ
951 2091 985 2165 ἡ
1030 2099 1317 2166 πολιορκία
1354 2098 1448 2166 τῆς
1481 2093 1838 2168 Ἰερουσαλὴμ

229 2177 319 2230 καὶ
351 2170 383 2246 ἡ
412 2177 513 2231 τοῦ
542 2183 740 2247 κυρίου
769 2176 1092 2248 μετάστασις
1125 2179 1212 2234 ἐπὶ
1235 2175 1295 2234 τὸ
1319 2180 1431 2234 τῶν
1462 2181 1661 2234 ἐλαιῶν
1690 2175 1837 2250 ὄρος,

227 2255 364 2314 κατὰ
393 2257 453 2314 τὸ
478 2254 781 2330 “παρέσται
811 2257 1055 2333 κύριος,”
1090 2263 1182 2317 καὶ
1205 2259 1270 2316 τὰ
1300 2259 1686 2333 συμβεβηκότα
1709 2263 1836 2336 περὶ
1859 2283 1900 2315 25

227 2341 330 2413 τὴν
360 2338 570 2416 ἡμέραν
599 2346 700 2399 τοῦ
729 2341 945 2409 πάθους
977 2341 1178 2414 αὐτοῦ,
1220 2345 1311 2399 καὶ
1342 2341 1402 2400 τὸ
1434 2348 1541 2412 ζῶν
1570 2342 1745 2418 ὕδωρ,
1775 2343 1836 2401 τὸ

229 2427 316 2482 ε’πὶ
347 2427 531 2483 πᾶσαν
562 2430 769 2500 ῥεῦσαν
798 2426 900 2499 τὴν
930 2429 1289 2500 οἰκουμένην,
1321 2428 1412 2483 καὶ
1441 2429 1528 2483 ἐπὶ
1550 2431 1684 2484 πᾶσι
1712 2427 1836 2485 τού-

227 2533 338 2575 τοις
377 2508 410 2581 ἡ
451 2513 551 2567 τοῦ
589 2517 786 2585 κυρίου
828 2517 1080 2583 βασιλεία
1110 2509 1335 2567 πάντων
1372 2514 1484 2568 τῶν
1525 2515 1710 2569 ἐθνῶν
1739 2509 1834 2585 ἅρ-

226 2611 427 2665 χουσα,
454 2590 582 2650 “καὶ
613 2592 672 2651 τὸ
703 2593 875 2668 ὄνομα
907 2593 1078 2652 αὐτοῦ
1110 2599 1202 2666 ἓν,
1237 2597 1489 2669 πληροῦν
1519 2598 1703 2653 πᾶσαν
1732 2594 1833 2668 τὴν

276 2679 296 2690 ⁴
359 2674 456 2694 ”Pl
601 2674 614 2694 Ε

227 2700 350 2748 γην,
421 2700 560 2750 απερ
590 2684 785 2736 οποίου
814 2682 1003 2746 τέλους
1035 2684 1227 2752 ἔτυχεν
1251 2677 1324 2744 ῶς
1352 2681 1411 2735 ἐν
1443 2682 1668 2753 ἐπιτομῇ
1702 2684 1831 2735 διει-
1853 2700 1895 2732 30

339 2869 391 2907 10
420 2867 526 2910 Mic.
549 2870 591 2917 4,
615 2871 657 2909 2.
