1946 3158
211 131 279 183 26
879 132 1129 174 EUSEBII

215 254 321 322 δην
334 254 512 307 εἰπεῖν
531 246 769 315 ἅπαντες
792 247 858 306 τὰ
880 246 1041 349 ὅμοια
1056 247 1484 350 προεκήρυττον,
1505 248 1689 326 ῶσπερ
1713 242 1817 308 οὖν

211 331 240 389 ὁ
267 335 457 406 Δαβὶδ
496 331 764 406 md6umv‘
770 328 1153 405 κατάστησον,
1186 332 1360 408 κύριε,
1392 336 1703 408 νομοθέτην
1725 330 1812 392 ἐπ’

213 415 442 488 αὐτοὺς,
475 416 780 490 γνώτωσαν
811 423 951 490 ἔθνη
982 415 1066 474 ὅτι
1096 414 1393 492 ἄνθρωποί
1419 417 1597 477 εἰσινῖ

339 506 387 559 2.
408 500 546 574 Ὀρα
577 501 650 569 ὡς
683 505 947 576 δευτέρου
976 505 1245 575 μέμνηται
1275 504 1366 559 καὶ
1395 495 1554 570 οὗτος
1585 506 1816 577 νομοθέ-

212 610 311 643 του
344 589 542 644 ἐθνῶν.
615 583 701 644 διὸ
742 587 834 643 καὶ
875 590 936 644 ἐν
981 588 1147 663 ἑτέρῳ
1192 600 1305 653 τοῖς
1337 592 1528 644 ἔθνεσι
1557 607 1815 661 προσφω-
1841 611 1861 644 5

214 683 304 728 νεῖ
330 669 490 746 ᾄδειν
525 669 592 727 οὐ
633 670 692 728 τὸ
741 670 980 728 παλαιὸν
1010 674 1102 728 καὶ
1134 671 1442 729 Μωσαϊκόν
1473 663 1652 747 ᾆσμα,
1693 669 1815 729 ἄλλ

213 757 404 828 ἕτερον
433 753 654 828 καινὸν,
687 754 901 827 λέγων”
927 775 1094 813 ασατε
1117 759 1192 833 τῷ
1226 761 1401 832 κυρίῳ
1435 749 1583 830 ἆσμα
1606 755 1820 829 καινὸν,

213 857 380 896 ασατε
431 843 506 916 τῷ
558 846 735 917 κυρίῳ
780 844 930 898 πᾶσα
968 836 1002 913 ἡ
1043 847 1136 913 γῆ
1200 836 1561 913 ἀναγγείλατε
1600 844 1662 898 ἐν
1707 855 1820 908 τοῖς

143 945 188 986 [7]
216 928 406 981 ἔθνεσι
435 923 540 996 τὴν
572 923 739 993 δόξαν
769 921 969 997 αὐτοῦ,
1003 928 1064 982 ἐν
1093 928 1227 981 πᾶσι
1256 938 1370 991 τοῖς
1401 933 1554 991 λαοῖς
1583 923 1650 982 τὰ
1678 935 1820 983 θαυ-

212 1006 382 1081 μάσια
414 1005 600 1067 αὐτοῦ.
669 1008 751 1066 ὅτι
789 1012 957 1082 μέγας
988 1009 1175 1084 κύριος
1206 1011 1297 1067 καὶ
1337 1008 1551 1076 αἰνετὸς
1581 1008 1819 1084 σφόδρα,
1846 1032 1884 1064 ιο

166 1117 188 1149 d
213 1091 452 1166 φοβερός
491 1096 640 1151 ἐστιν
681 1095 771 1151 ἐπὶ
816 1116 1024 1160 παντας
1064 1117 1194 1160 τους
1233 1093 1419 1160 θεούς.
1489 1091 1574 1150 ὅτι
1618 1115 1821 1161 παντες

213 1182 270 1234 οἰ
288 1179 412 1234 θεοὶ
446 1181 557 1235 τῶν
590 1181 776 1236 ἐθνῶν
809 1176 1086 1251 δαιμόνια,
1117 1174 1143 1235 ὁ
1183 1178 1244 1235 δε
1273 1176 1462 1251 κύριος
1492 1202 1619 1244 τους
1651 1202 1822 1252 ουρα-

130 1332 135 1338 ᾔ
213 1260 345 1328 νούς
386 1265 664 1335 ἐποίησεν,
740 1265 996 1335 ἐνέγκατε
1036 1266 1113 1340 τῷ
1153 1268 1327 1340 κυρίῳ
1369 1267 1431 1319 αἱ
1456 1265 1680 1336 πατριαὶ
1709 1267 1822 1320 τῶν

1738 1343 1818 1366 v„

215 1348 431 1419 ἐθνῶν,
475 1349 732 1419 ἐνέγκατε
772 1351 848 1424 τῷ
891 1354 1067 1425 κυρίῳ
1110 1346 1278 1416 δόξαν
1317 1345 1545 1420 ὀνόματι
1588 1371 1775 1404 αυτου.

340 1449 387 1501 3.
421 1447 532 1502 Καὶ
563 1441 766 1503 παλιν
769 1443 980 1503 Μείπατε
1018 1449 1077 1503 ἐν
1109 1459 1222 1511 τοῖς
1248 1451 1476 1504 ἔθνεσιν
1513 1469 1598 1502 οτι
1628 1443 1818 1520 κύριος
1844 1466 1884 1499 15

216 1531 564 1600 ἐβασίλευσε·
627 1532 718 1586 καὶ
767 1529 901 1632 γὰρ’,
927 1528 1269 1604 κατώρθωσε
1325 1528 1427 1602 τὴν
1466 1532 1818 1603 οἰκουμένην,

213 1611 329 1684 η’τις
349 1637 416 1671 ου
439 1611 901 1687 6ockevfflq'6ewcf
945 1619 994 1674 4.
1023 1617 1115 1672 καὶ
1136 1611 1333 1673 πάλιν
1358 1632 1524 1672 ασατε
1546 1616 1624 1689 τῶ
1643 1619 1819 1690 κυρίῳ

213 1699 360 1773 ᾆσμα
405 1696 622 1771 καινὸν,
678 1723 761 1756 οτι
806 1699 1105 1772 θαυμαστὰ
1160 1703 1431 1772 ἐποίησεν.
1519 1696 1821 1772 ἐγνώρισεν

213 1780 403 1855 κύριος
433 1782 492 1839 τὸ
524 1781 798 1856 σωτήριον
822 1781 1012 1841 αὐτοῦ.
1062 1787 1317 1840 ἐναντίον
1338 1786 1449 1839 τῶν
1475 1784 1661 1840 ἐθνῶν
1690 1782 1822 1841 ἀπε-

213 1865 428 1935 κοὲλυψε
465 1866 567 1938 τὴν
614 1865 979 1939 δικαιοσύνην
1023 1864 1210 1925 αὐτοῦ.
1289 1871 1515 1924 εἰ’δοσαν
1545 1865 1725 1924 πάντα
1755 1867 1821 1924 τὰ
1843 1889 1885 1921 20

1345 1950 1424 1970 ω(
1499 1953 1520 1965 ¹⁸
1577 1948 1608 1971 θ’

214 1953 422 2022 πέρατα
451 1953 546 2022 τῆς
575 1954 676 2023 γῆς
705 1949 766 2007 τὸ
798 1950 1072 2023 σωτήριον
1101 1955 1198 2008 τοῦ
1228 1962 1368 2009 θεον
1397 1976 1569 2025 ημων.

340 2052 388 2105 5.
423 2050 532 2105 Καὶ
557 2045 658 2122 ὅρα
682 2054 807 2106 τίνα
830 2047 1035 2122 τρόπον
1061 2051 1120 2106 ἐν
1145 2048 1357 2116 τούτοις
1380 2049 1438 2106 τὸ
1464 2048 1658 2107 καινὸν
1674 2042 1821 2126 ᾆσμα

214 2131 280 2190 οὐ
304 2135 379 2210 τῷ
408 2130 693 2190 Ἰουδαίων
717 2138 891 2204 ἔθνει,
916 2131 1054 2190 ἄλλα
1077 2147 1190 2200 τοῖς
1214 2137 1383 2192 πᾶσιν
1407 2139 1599 2192 ἔθνεσι
1617 2158 1820 2207 καταγ-

215 2218 426 2289 γέλλει,
464 2220 563 2275 τοῦ
608 2217 699 2273 διὰ
739 2218 990 2283 ΝΙωσέως
1034 2222 1273 2275 παλαιοῦ
1309 2217 1498 2290 μόνοις
1534 2215 1821 2286 Ἰουδαίοις

216 2300 602 2374 προσήκοντος.
664 2301 829 2359 τοῦτο’
859 2326 942 2359 τοι
972 2302 1031 2359 τὸ
1065 2301 1258 2360 καινὸν
1289 2295 1435 2378 ᾆσμα
1466 2301 1665 2375 καινὴν
1698 2308 1819 2359 δια-
1842 2323 1883 2357 25

146 2398 192 2437 (8)
219 2385 405 2459 θήκην
418 2385 700 2460 Ἱερεμίας,
728 2389 908 2460 ἕτερος
930 2385 1205 2461 Ἑβραίων
1227 2386 1530 2461 προφήτης,
1555 2384 1827 2443 ἀποκαλεῖ

216 2472 393 2542 λέγων
415 2467 581 2528 “ἰδοὺ
612 2466 806 2544 ἡμέραι
839 2477 1116 2543 ἔρχονται,
1149 2474 1296 2542 λέγει
1325 2469 1547 2543 κύριος,
1581 2473 1672 2527 καὶ
1705 2475 1822 2526 δια-

215 2554 459 2629 θήσομαι
489 2559 564 2632 τῷ
594 2565 728 2632 οἴκῳ
752 2553 969 2627 Ἰσραὴλ
1010 2557 1101 2612 καὶ
1131 2559 1206 2631 τῷ
1247 2564 1381 2631 οἴκῳ
1405 2553 1586 2613 Ἰούδα
1619 2553 1823 2627 διαθή-

217 2663 319 2711 κην
350 2640 577 2713 καινὴν,
610 2637 675 2698 οὐ
700 2639 835 2697 κατὰ
865 2639 966 2712 τὴν
1000 2638 1280 2712 διαθήκην
1313 2637 1384 2712 ἣν
1410 2642 1677 2712 διεθέμην
1705 2651 1821 2706 τοῖς

329 2836 353 2873 2
375 2834 546 2873 Psalm.
570 2836 610 2886 9,
635 2836 702 2875 20.
879 2837 902 2875 7
925 2834 1091 2874 Psalm.
1116 2835 1184 2885 95,
1213 2835 1247 2873 1.
1425 2834 1475 2873 18
1496 2832 1662 2873 Psalm.
1685 2833 1754 2884 98,
1780 2834 1817 2874 1.

218 2891 271 2930 28
302 2890 395 2932 Jer.
419 2893 485 2938 31,
510 2892 576 2931 31.
