1992 3186
250 127 359 180 470
931 126 1186 169 'EUSEBH

249 247 415 311 7τοῦτο
460 249 758 318 παρίστησι
802 238 878 300 δι’
927 233 1008 299 οἷν
1057 259 1230 315 φησιν
1261 238 1491 301 ’Ἕνεκεν
1529 246 1717 316 Δαβὶδ
1762 247 1860 302 τοῦ

258 327 464 387 δούλου
488 346 610 399 σου,
634 324 708 400 μὴ
731 324 1080 400 ἀποστρέψῃς
1101 325 1173 383 τὰ
1189 325 1488 400 πρόσωπον
1510 330 1609 386 τοῦ
1620 331 1863 402 Χριστοῦ

251 409 418 469 σου.”
493 413 588 468 καὶ
617 409 786 468 πάλιν
809 406 963 468 “gnei
1001 412 1305 478 ἐξανατελῶ
1344 412 1506 485 κέρας
1543 418 1619 489 τῷ
1651 414 1858 485 Δαβὶδ,

255 495 527 568 ἡτοίμασα
548 492 753 568 λύχνον
774 498 850 572 τῷ
872 498 1096 572 Χριστῷ
1120 519 1248 568 μου,
1271 492 1400 561 τούς
1426 495 1658 569 ἐχθροὺς
1691 493 1862 553 αὐτοῦ

255 578 471 637 ἐνδύσω
502 578 796 653 αἰσχύνην,
828 581 919 636 ἐπὶ
946 580 1007 635 δὲ
1030 576 1200 636 αὐτὸν
1224 578 1518 652 ἐξανθήσει
1541 578 1600 636 τὸ
1617 578 1860 654 ἁγίασμά
1884 602 1904 635 5
1944 636 1948 641 ,

247 687 374 737 μου.
384 662 415 684 ''
486 667 572 720 41.
605 667 716 721 ποῦ
771 666 835 720 δέ
861 682 1037 736 φησιν
1087 667 1203 721 ἐκεῖ
1242 665 1546 731 ἐξανατελῶ
1588 665 1749 737 κέρας
1787 668 1862 741 τῷ

253 749 444 820 Δαβὶδ
472 743 508 820 ἢ
543 750 603 804 ἐν
630 752 698 821 τῇ
729 749 993 821 Βηθλεεμ
1017 751 1085 822 τῇ
1106 746 1387 822 Ἐφραθάς
1430 750 1698 804 ἐντεῦθεν
1726 751 1864 820 γοῦν

202 856 225 887 1
249 832 311 888 τό
342 834 505 906 κέρας
535 834 636 888 τοῦ
665 830 906 903 Δαβὶδ
881 856 911 888 ο
945 830 1178 905 Χριστὸς
1205 829 1267 889 τὸ
1297 829 1434 889 κατὰ
1465 849 1642 904 σαρκα
1663 828 1784 890 οἶόν
1813 854 1865 888 τι

250 917 390 988 μέγα
420 939 538 989 φως
571 918 926 988 ἐξανέτειλεν,
957 915 1206 974 ἐνταῦθά
1234 939 1294 973 τε
1323 922 1725 988 προητοίμαστο
1754 913 1864 972 υπὸ

249 1003 350 1057 τοῦ
379 1004 519 1058 θεοῦ
557 1003 670 1057 τῶν
708 997 920 1057 ὅλων
896 1024 925 1064 ο
948 1027 953 1050 1
967 1004 1065 1057 τοῦ
1097 1002 1341 1074 Χριστοῦ
1369 999 1584 1073 λύχνος.
1657 1003 1742 1057 42.
1776 1007 1863 1072 εἴη
1888 1023 1927 1054 10

252 1081 306 1139 δ’
335 1080 413 1141 ’ἂν
451 1083 653 1157 λύχνος
695 1082 900 1155 αὐτοῦ,
943 1080 1032 1140 οἷα
1062 1087 1263 1157 νοερού
1292 1083 1503 1157 φωτὸς,
1546 1082 1606 1140 τὸ
1636 1081 1866 1157 ἀνθρώ-

250 1189 411 1225 πειον
429 1171 648 1240 σκῆνος,
675 1165 752 1223 δι’
776 1159 847 1224 οὗ
867 1173 1031 1240 δίκην
1051 1164 1385 1242 ὀστρακίνου
1406 1165 1659 1239 σκεύους,
1677 1165 1863 1238 ὥσπερ

254 1249 343 1308 διὰ
375 1250 615 1324 λύχνου,
656 1249 753 1317 τοὶς
791 1254 892 1309 τοῦ
933 1257 1080 1309 ἰδίου
1120 1251 1301 1324 φωτὸς
1332 1248 1556 1317 ἀκτῖνας
1585 1255 1719 1307 πᾶσι
1748 1265 1864 1318 τοῖς

251 1338 313 1392 ἐν
342 1334 543 1410 ἀγνοίᾳ
571 1341 715 1392 ’θεοῦ
747 1338 839 1392 καὶ
871 1334 1047 1411 σκότῳ
1080 1338 1253 1407 βαθεῖ
1280 1338 1614 1408 πιεζομένοις
1646 1337 1864 1408 ἐξέλαμ-

249 1433 370 1487 ψεν.
431 1423 514 1475 43.
547 1417 688 1475 ἀλλὰ
723 1418 830 1494 γὰρ
877 1422 968 1476 καὶ
1001 1422 1062 1476 ἐν
1085 1418 1305 1487 ’τούτοις
1336 1417 1738 1493 ἀποδεδεῖχθαι
1768 1438 1863 1476 σα·
1887 1441 1927 1474 15

249 1504 369 1575 φῶς
408 1499 648 1575 ἡγοῦμαι
689 1502 832 1561 θεὸν
855 1501 1049 1575 Ἰακώβ
1089 1500 1189 1561 ἀπ’
1223 1501 1393 1579 ἀρχῆς
1434 1505 1526 1561 καὶ
1559 1506 1611 1571 ἐξ
1643 1501 1864 1576 ἡμερῶν

249 1586 593 1660 τυγχάνοντα
624 1590 826 1654 αἰῶνος
855 1585 1176 1662 ἀνθρώποις
1209 1587 1588 1661 ἐπιδημήσειν,
1619 1589 1711 1644 καὶ
1742 1610 1864 1659 γεν-

247 1669 604 1744 νηθ-ήσεσθαι
655 1668 759 1729 οὐκ
808 1670 1081 1746 ἀλλαχόθι
1130 1676 1229 1745 γῆς
1276 1669 1398 1729 ἀλλ’
1442 1669 1476 1744 ἢ
1519 1674 1580 1729 ἐν
1618 1673 1698 1747 τῷ
1727 1671 1863 1727 κατὰ

248 1756 507 1828 Βηθλεὲμ
529 1754 699 1832 τόπῳ,
733 1756 870 1830 πρὸς
891 1771 1005 1823 τοῖς
1029 1753 1424 1830 Ἱεροσολύμοις
1453 1755 1618 1812 εἰσέτι
1642 1757 1733 1810 καὶ
1755 1756 1863 1810 νῦν

251 1841 687 1915 ἐπιδεικνυμένῳ
726 1847 940 1916 χωρίῳ,
988 1847 1136 1898 ἔνθα
1186 1837 1310 1896 οὐδ’
1350 1837 1517 1904 ἄλλος
1557 1837 1692 1910 μετὰ
1735 1837 1862 1904 τούς
1885 1862 1925 1894 20

248 1926 370 1980 τῶν
388 1928 696 1996 προφητῶν
718 1923 957 1996 ,χρόνους
977 1922 1383 1995 ῑέπιφανὴςκαὶ
1417 1927 1494 1987 εἰς
1525 1920 1731 1988 πάντας
1763 1918 1862 1978 ἆν-

138 2030 226 2071 (349)
250 2003 515 2079 θρώπους
556 2009 806 2073 ἐπίδοξος
856 2002 907 2077 ἢ
933 2004 1102 2078 μόνος
1134 2004 1342 2078 Ἰησοῦς
1381 2004 1409 2062 ὁ
1453 2004 1685 2079 Χριστὸς
1727 2002 1863 2079 πρὸς

244 2094 362 2146 τῶν
387 2088 748 2163 ἐπιχωρίων
720 2087 983 2146 απάντων
1005 2087 1329 2156 ἀκολούθως
1345 2103 1464 2156 ταῖς
1483 2088 1864 2162 εὐαγγελικαῖς

248 2187 468 2245 φωναις
507 2196 749 2245 γεγονως
779 2187 1152 2248 μαρτυρεῖται.
1223 2178 1307 2232 44
1344 2172 1704 2246 ἑρμηνεύεται
1737 2173 1798 2228 δὲ
1827 2169 1861 2243 ἡ

250 2258 507 2357 Βηθλεέμ
552 2257 700 2323 οἶκος
739 2281 937 2331 αρτου,
980 2256 1311 2331 φερώνυμος
1345 2258 1485 2314 οὐσα
1524 2259 1623 2313 τοῦ
1662 2263 1862 2329 προελ-
1883 2278 1925 2311 25

249 2339 452 2407 θόντος
506 2344 559 2408 ἐξ
603 2337 772 2413 αὐτῆς
814 2344 1057 2415 σωτῆρος
1095 2340 1254 2413 ἡμῶν
1292 2339 1448 2407 ὄντος
1490 2345 1628 2397 θεοῦ
1673 2338 1860 2411 λόγου,

250 2428 447 2498 ψυχων
476 2427 716 2496 λογικων
743 2430 1086 2498 θρεπτικοῦ.
1135 2420 1164 2481 ὃ
1195 2427 1286 2481 καὶ
1327 2430 1659 2498 παρίστησιν
1698 2421 1862 2489 αὐτὸς

250 2504 485 2580 λέγων“
492 2508 601 2581 ἐγώ
631 2515 742 2582 εἰμι
771 2507 800 2565 ὁ
831 2507 993 2582 ἄρτος
1023 2505 1052 2565 ὁ
1080 2511 1146 2565 ἐκ
1173 2512 1272 2565 τοῦ
1295 2507 1540 2582 ουρανοῦ
1569 2503 1857 2579 καταβάςΫ

249 2595 335 2648 45.
369 2588 492 2648 ἀλλ’
527 2593 716 2666 ἐπειδὴ
745 2594 841 2650 καὶ
871 2595 972 2650 τοῦ
993 2594 1186 2665 Δαβὶδ
1214 2594 1445 2664 γέγονεν
1475 2590 1614 2663 αὕτη
1644 2593 1859 2662 πατρὶς,

252 2673 475 2742 εἰκότως
506 2678 597 2734 καὶ
625 2673 657 2733 ὁ
687 2675 1037 2750 κατᾶσοῖρκα
1065 2675 1360 2750 γενόμενος
1389 2674 1510 2743 υίὸς
1541 2676 1729 2746 Λαβὶδ
1759 2673 1861 2746 τὴν
1883 2697 1923 2730 30

364 2866 417 2906 28
447 2866 520 2909 σο.
545 2868 586 2920 6,
609 2869 677 2908 41.
