<?xml version="1.0" encoding="UTF-8"?>
<!DOCTYPE html PUBLIC "-//W3C//DTD XHTML 1.0 Transitional//EN"
    "http://www.w3.org/TR/xhtml1/DTD/xhtml1-transitional.dtd">
<html xmlns="http://www.w3.org/1999/xhtml" xml:lang="en" lang="en">
 <head>
  <title>
</title>
<meta http-equiv="Content-Type" content="text/html;charset=utf-8" />
  <meta name='ocr-system' content='tesseract 3.04.00' />
  <meta name='ocr-capabilities' content='ocr_page ocr_carea ocr_par ocr_line ocrx_word'/>
</head>
<body>
  <div class='ocr_page' id='page_1' title='image "./operaeusebius03euseuoft_0137.png"; bbox 0 0 1946 3158; ppageno 0'>
   <div class='ocr_carea' id='block_1_1' title="bbox 591 141 1761 194">
    <p class='ocr_par' dir='ltr' id='par_1_1' title="bbox 591 141 1761 194">
     <span class='ocr_line' id='line_1_1' title="bbox 591 141 1761 194; baseline 0.009 -11"><span class='ocrx_word' id='word_1_1' title='bbox 591 141 902 185; x_wconf 82' lang='lat' dir='ltr'><strong>DEMONST.</strong></span> <span class='ocrx_word' id='word_1_2' title='bbox 935 141 1155 184; x_wconf 75' lang='lat' dir='ltr'>EVANG.</span> <span class='ocrx_word' id='word_1_3' title='bbox 1190 143 1251 184; x_wconf 92' lang='lat'><em>11.</em></span> <span class='ocrx_word' id='word_1_4' title='bbox 1274 142 1313 184; x_wconf 84' lang='lat'><em>3.</em></span> <span class='ocrx_word' id='word_1_5' title='bbox 1661 142 1761 194; x_wconf 84' lang='lat'><em>113</em></span> 
     </span>
    </p>
   </div>
   <div class='ocr_carea' id='block_1_2' title="bbox 12 256 1848 2785">
    <p class='ocr_par' dir='ltr' id='par_1_2' title="bbox 12 256 1848 2785">
     <span class='ocr_line' id='line_1_2' title="bbox 148 256 1756 332; baseline 0 -15"><span class='ocrx_word' id='word_1_6' title='bbox 148 258 257 317; x_wconf 86' lang='grc' dir='ltr'><em>άπὸ</em></span> <span class='ocrx_word' id='word_1_7' title='bbox 296 262 398 317; x_wconf 82' lang='grc' dir='ltr'><em>τοῦ</em></span> <span class='ocrx_word' id='word_1_8' title='bbox 435 266 695 317; x_wconf 78' lang='grc' dir='ltr'><em>πλεῖστον</em></span> <span class='ocrx_word' id='word_1_9' title='bbox 736 270 917 316; x_wconf 75' lang='grc' dir='ltr'><em>ποιεῖν</em></span> <span class='ocrx_word' id='word_1_10' title='bbox 948 256 1116 330; x_wconf 92' lang='grc' dir='ltr'><em>γάλα,</em></span> <span class='ocrx_word' id='word_1_11' title='bbox 1166 256 1403 330; x_wconf 90' lang='grc' dir='ltr'><em>φάγεται</em></span> <span class='ocrx_word' id='word_1_12' title='bbox 1455 256 1756 332; x_wconf 74' lang='grc' dir='ltr'><em>βούτυρον,</em></span> 
     </span>
     <span class='ocr_line' id='line_1_3' title="bbox 149 341 1701 418; baseline -0.001 -16"><span class='ocrx_word' id='word_1_13' title='bbox 149 346 242 402; x_wconf 82' lang='grc' dir='ltr'><em>καὶ</em></span> <span class='ocrx_word' id='word_1_14' title='bbox 272 346 395 418; x_wconf 83' lang='grc' dir='ltr'><strong><em>μέλι</em></strong></span> <span class='ocrx_word' id='word_1_15' title='bbox 417 341 651 416; x_wconf 76' lang='grc' dir='ltr'><em>φάγεται</em></span> <span class='ocrx_word' id='word_1_16' title='bbox 681 346 787 410; x_wconf 81' lang='grc' dir='ltr'><em>πᾶς</em></span> <span class='ocrx_word' id='word_1_17' title='bbox 817 341 845 399; x_wconf 88' lang='grc' dir='ltr'>ὁ</span> <span class='ocrx_word' id='word_1_18' title='bbox 879 345 1274 414; x_wconf 87' lang='grc' dir='ltr'><em>καταλειφθεὶς</em></span> <span class='ocrx_word' id='word_1_19' title='bbox 1306 345 1395 399; x_wconf 88' lang='grc' dir='ltr'><em>ἐπὶ</em></span> <span class='ocrx_word' id='word_1_20' title='bbox 1425 346 1521 415; x_wconf 85' lang='grc' dir='ltr'><em>τῆς</em></span> <span class='ocrx_word' id='word_1_21' title='bbox 1551 342 1701 415; x_wconf 80' lang='grc' dir='ltr'><em>γῆς.”</em></span> 
     </span>
     <span class='ocr_line' id='line_1_4' title="bbox 277 421 1804 530; baseline 0 -45"><span class='ocrx_word' id='word_1_22' title='bbox 277 433 360 486; x_wconf 80' lang='grc'><em>88.</em></span> <span class='ocrx_word' id='word_1_23' title='bbox 403 425 682 486; x_wconf 79' lang='grc' dir='ltr'><em>Ἐνταῦθα</em></span> <span class='ocrx_word' id='word_1_24' title='bbox 723 425 826 500; x_wconf 87' lang='grc' dir='ltr'><em>τὴν</em></span> <span class='ocrx_word' id='word_1_25' title='bbox 867 428 1218 500; x_wconf 80' lang='grc' dir='ltr'><em>δηλουμένην</em></span> <span class='ocrx_word' id='word_1_26' title='bbox 1258 421 1469 501; x_wconf 78' lang='grc' dir='ltr'><em>ἡμέραν</em></span> <span class='ocrx_word' id='word_1_27' title='bbox 1510 427 1804 530; x_wconf 66' lang='grc' dir='ltr'><em>ἐπιζητη-ι)</em></span> 
     </span>
     <span class='ocr_line' id='line_1_5' title="bbox 149 509 1757 587; baseline 0 -17"><span class='ocrx_word' id='word_1_28' title='bbox 149 532 249 580; x_wconf 89' lang='grc' dir='ltr'><em>σας</em></span> <span class='ocrx_word' id='word_1_29' title='bbox 281 510 463 587; x_wconf 79' lang='grc' dir='ltr'><em>εὕροις</em></span> <span class='ocrx_word' id='word_1_30' title='bbox 485 537 557 570; x_wconf 89' lang='grc' dir='ltr'><em>αν</em></span> <span class='ocrx_word' id='word_1_31' title='bbox 579 509 750 570; x_wconf 81' lang='grc' dir='ltr'><em>αὐτὸν</em></span> <span class='ocrx_word' id='word_1_32' title='bbox 779 509 876 568; x_wconf 86' lang='grc' dir='ltr'><em>τὸν</em></span> <span class='ocrx_word' id='word_1_33' title='bbox 907 509 1214 584; x_wconf 87' lang='grc' dir='ltr'><em>χρόνοντῆς</em></span> <span class='ocrx_word' id='word_1_34' title='bbox 1226 514 1326 569; x_wconf 84' lang='grc' dir='ltr'><em>τοῦ</em></span> <span class='ocrx_word' id='word_1_35' title='bbox 1337 516 1583 585; x_wconf 87' lang='grc' dir='ltr'><em>σωτῆρος</em></span> <span class='ocrx_word' id='word_1_36' title='bbox 1600 511 1757 586; x_wconf 83' lang='grc' dir='ltr'><em>ἡμων</em></span> 
     </span>
     <span class='ocr_line' id='line_1_6' title="bbox 103 591 1756 671; baseline 0.001 -17"><span class='ocrx_word' id='word_1_37' title='bbox 103 623 127 654; x_wconf 80' lang='lat'>5</span> <span class='ocrx_word' id='word_1_38' title='bbox 152 601 492 671; x_wconf 84' lang='grc' dir='ltr'><em>ἐπιφανείας.</em></span> <span class='ocrx_word' id='word_1_39' title='bbox 548 596 721 654; x_wconf 77' lang='grc' dir='ltr'><em>εἰπών</em></span> <span class='ocrx_word' id='word_1_40' title='bbox 744 595 848 668; x_wconf 81' lang='grc' dir='ltr'><em>γὰρ</em></span> <span class='ocrx_word' id='word_1_41' title='bbox 878 591 906 653; x_wconf 84' lang='grc' dir='ltr'>ὁ</span> <span class='ocrx_word' id='word_1_42' title='bbox 938 594 1223 669; x_wconf 80' lang='grc' dir='ltr'><em>προφήτης</em></span> <span class='ocrx_word' id='word_1_43' title='bbox 1258 591 1438 653; x_wconf 78' lang='grc' dir='ltr'><em>“ι’δοῦ</em></span> <span class='ocrx_word' id='word_1_44' title='bbox 1472 595 1505 669; x_wconf 80' lang='grc' dir='ltr'><em>ἡ</em></span> <span class='ocrx_word' id='word_1_45' title='bbox 1547 601 1756 671; x_wconf 87' lang='grc' dir='ltr'><em>παρθέ-</em></span> 
     </span>
     <span class='ocr_line' id='line_1_7' title="bbox 148 678 1756 756; baseline -0.001 -16"><span class='ocrx_word' id='word_1_46' title='bbox 148 706 242 749; x_wconf 93' lang='grc' dir='ltr'><em>νος</em></span> <span class='ocrx_word' id='word_1_47' title='bbox 285 685 343 739; x_wconf 89' lang='grc' dir='ltr'><em>ἐν</em></span> <span class='ocrx_word' id='word_1_48' title='bbox 382 683 577 756; x_wconf 85' lang='grc' dir='ltr'><em>γαστρὶ</em></span> <span class='ocrx_word' id='word_1_49' title='bbox 631 680 892 754; x_wconf 83' lang='grc' dir='ltr'><em>λήψεται,</em></span> <span class='ocrx_word' id='word_1_50' title='bbox 934 681 1026 736; x_wconf 86' lang='grc' dir='ltr'><em>καὶ</em></span> <span class='ocrx_word' id='word_1_51' title='bbox 1068 683 1275 747; x_wconf 84' lang='grc' dir='ltr'><em>τέξεται</em></span> <span class='ocrx_word' id='word_1_52' title='bbox 1314 678 1488 738; x_wconf 88' lang='grc' dir='ltr'><em>υιόν”</em></span> <span class='ocrx_word' id='word_1_53' title='bbox 1524 689 1756 740; x_wconf 89' lang='grc' dir='ltr'><em>πλειστα</em></span> 
     </span>
     <span class='ocr_line' id='line_1_8' title="bbox 151 763 1756 840; baseline 0 -16"><span class='ocrx_word' id='word_1_54' title='bbox 151 767 244 823; x_wconf 81' lang='grc' dir='ltr'><em>διὰ</em></span> <span class='ocrx_word' id='word_1_55' title='bbox 273 770 446 840; x_wconf 84' lang='grc' dir='ltr'><em>μέσου</em></span> <span class='ocrx_word' id='word_1_56' title='bbox 477 772 729 835; x_wconf 80' lang='grc' dir='ltr'><em>θεσπίζει</em></span> <span class='ocrx_word' id='word_1_57' title='bbox 762 767 890 838; x_wconf 89' lang='grc' dir='ltr'><em>περὶ</em></span> <span class='ocrx_word' id='word_1_58' title='bbox 931 766 1044 821; x_wconf 76' lang='grc' dir='ltr'><em>τῶν</em></span> <span class='ocrx_word' id='word_1_59' title='bbox 1085 765 1221 821; x_wconf 78' lang='grc' dir='ltr'><em>κατὰ</em></span> <span class='ocrx_word' id='word_1_60' title='bbox 1261 764 1363 837; x_wconf 86' lang='grc' dir='ltr'><em>τὴν</em></span> <span class='ocrx_word' id='word_1_61' title='bbox 1405 763 1582 838; x_wconf 78' lang='grc' dir='ltr'><em>αὐτὴν</em></span> <span class='ocrx_word' id='word_1_62' title='bbox 1626 765 1756 840; x_wconf 82' lang='grc' dir='ltr'><em>ἡμέ-</em></span> 
     </span>
     <span class='ocr_line' id='line_1_9' title="bbox 147 847 1756 924; baseline 0 -16"><span class='ocrx_word' id='word_1_63' title='bbox 147 876 272 923; x_wconf 88' lang='grc' dir='ltr'><em>ραν,</em></span> <span class='ocrx_word' id='word_1_64' title='bbox 305 847 455 909; x_wconf 83' lang='grc' dir='ltr'><em>τοῦτ’</em></span> <span class='ocrx_word' id='word_1_65' title='bbox 500 858 650 908; x_wconf 84' lang='grc' dir='ltr'><em>ἔστιν</em></span> <span class='ocrx_word' id='word_1_66' title='bbox 689 847 830 923; x_wconf 86' lang='grc' dir='ltr'><em>άμφὶ</em></span> <span class='ocrx_word' id='word_1_67' title='bbox 863 847 961 906; x_wconf 90' lang='grc' dir='ltr'><em>τὸν</em></span> <span class='ocrx_word' id='word_1_68' title='bbox 990 847 1193 923; x_wconf 91' lang='grc' dir='ltr'><em>χρόνον</em></span> <span class='ocrx_word' id='word_1_69' title='bbox 1231 853 1326 922; x_wconf 86' lang='grc' dir='ltr'><em>τῆς</em></span> <span class='ocrx_word' id='word_1_70' title='bbox 1367 855 1468 907; x_wconf 84' lang='grc' dir='ltr'><em>τοῦ</em></span> <span class='ocrx_word' id='word_1_71' title='bbox 1511 854 1756 924; x_wconf 85' lang='grc' dir='ltr'><em>σωτῆρος</em></span> 
     </span>
     <span class='ocr_line' id='line_1_10' title="bbox 146 931 1757 1009; baseline -0.001 -16"><span class='ocrx_word' id='word_1_72' title='bbox 146 931 305 1008; x_wconf 79' lang='grc' dir='ltr'><em>ἡμῶν</em></span> <span class='ocrx_word' id='word_1_73' title='bbox 337 939 680 1009; x_wconf 83' lang='grc' dir='ltr'><em>ἐπιφανείας,</em></span> <span class='ocrx_word' id='word_1_74' title='bbox 704 937 1108 1007; x_wconf 85' lang='grc' dir='ltr'><em>γενησομένων.</em></span> <span class='ocrx_word' id='word_1_75' title='bbox 1154 938 1236 991; x_wconf 79' lang='grc'><em>89.</em></span> <span class='ocrx_word' id='word_1_76' title='bbox 1265 932 1528 1007; x_wconf 87' lang='grc' dir='ltr'><em>δυνάμεις</em></span> <span class='ocrx_word' id='word_1_77' title='bbox 1541 933 1646 1008; x_wconf 78' lang='grc' dir='ltr'><em>γάρ</em></span> <span class='ocrx_word' id='word_1_78' title='bbox 1666 933 1757 993; x_wconf 83' lang='grc' dir='ltr'><em>άο-</em></span> 
     </span>
     <span class='ocr_line' id='line_1_11' title="bbox 84 1017 1757 1093; baseline 0 -17"><span class='ocrx_word' id='word_1_79' title='bbox 84 1046 126 1078; x_wconf 86' lang='grc' dir='ltr'><em>ιο</em></span> <span class='ocrx_word' id='word_1_80' title='bbox 148 1018 348 1093; x_wconf 88' lang='grc' dir='ltr'><em>ράτους</em></span> <span class='ocrx_word' id='word_1_81' title='bbox 379 1026 478 1077; x_wconf 81' lang='grc' dir='ltr'><em>καί</em></span> <span class='ocrx_word' id='word_1_82' title='bbox 502 1043 654 1086; x_wconf 89' lang='grc' dir='ltr'><em>τινας</em></span> <span class='ocrx_word' id='word_1_83' title='bbox 689 1017 927 1092; x_wconf 84' lang='grc' dir='ltr'><em>ἐχθροὺς</em></span> <span class='ocrx_word' id='word_1_84' title='bbox 959 1020 1052 1075; x_wconf 81' lang='grc' dir='ltr'><em>καὶ</em></span> <span class='ocrx_word' id='word_1_85' title='bbox 1091 1024 1416 1092; x_wconf 87' lang='grc' dir='ltr'><em>πολεμίους,</em></span> <span class='ocrx_word' id='word_1_86' title='bbox 1459 1026 1624 1092; x_wconf 86' lang='grc' dir='ltr'><em>μυίας</em></span> <span class='ocrx_word' id='word_1_87' title='bbox 1664 1022 1757 1078; x_wconf 82' lang='grc' dir='ltr'><em>καὶ</em></span> 
     </span>
     <span class='ocr_line' id='line_1_12' title="bbox 146 1099 1756 1178; baseline 0 -17"><span class='ocrx_word' id='word_1_88' title='bbox 146 1110 409 1178; x_wconf 85' lang='grc' dir='ltr'><em>μελίσσας</em></span> <span class='ocrx_word' id='word_1_89' title='bbox 449 1102 638 1177; x_wconf 85' lang='grc' dir='ltr'><em>νόμοις</em></span> <span class='ocrx_word' id='word_1_90' title='bbox 689 1100 1021 1177; x_wconf 76' lang='grc' dir='ltr'><em>ἀλληγορίας</em></span> <span class='ocrx_word' id='word_1_91' title='bbox 1055 1099 1521 1176; x_wconf 78' lang='grc' dir='ltr'><em>ὀνομαζομένους,</em></span> <span class='ocrx_word' id='word_1_92' title='bbox 1566 1103 1756 1176; x_wconf 84' lang='grc' dir='ltr'><em>ἐπιβή-</em></span> 
     </span>
     <span class='ocr_line' id='line_1_13' title="bbox 148 1185 1758 1264; baseline 0.001 -19"><span class='ocrx_word' id='word_1_93' title='bbox 148 1199 350 1247; x_wconf 82' lang='grc' dir='ltr'><em>σεσθαι</em></span> <span class='ocrx_word' id='word_1_94' title='bbox 379 1192 447 1264; x_wconf 80' lang='grc' dir='ltr'><em>τῇ</em></span> <span class='ocrx_word' id='word_1_95' title='bbox 476 1192 588 1246; x_wconf 78' lang='grc' dir='ltr'><em>τῶν</em></span> <span class='ocrx_word' id='word_1_96' title='bbox 614 1186 901 1252; x_wconf 82' lang='grc' dir='ltr'><em>Ἰουδαίων</em></span> <span class='ocrx_word' id='word_1_97' title='bbox 940 1185 1093 1263; x_wconf 72' lang='grc' dir='ltr'><em>χώρᾳ</em></span> <span class='ocrx_word' id='word_1_98' title='bbox 1138 1190 1341 1261; x_wconf 86' lang='grc' dir='ltr'><em>φησὶν,</em></span> <span class='ocrx_word' id='word_1_99' title='bbox 1384 1190 1476 1244; x_wconf 81' lang='grc' dir='ltr'><em>καὶ</em></span> <span class='ocrx_word' id='word_1_100' title='bbox 1507 1186 1604 1245; x_wconf 83' lang='grc' dir='ltr'><em>τὸν</em></span> <span class='ocrx_word' id='word_1_101' title='bbox 1657 1187 1758 1247; x_wconf 80' lang='grc' dir='ltr'><em>κύ-</em></span> 
     </span>
     <span class='ocr_line' id='line_1_14' title="bbox 148 1267 1754 1350; baseline 0 -19"><span class='ocrx_word' id='word_1_102' title='bbox 148 1297 270 1347; x_wconf 90' lang='grc' dir='ltr'><em>ριον</em></span> <span class='ocrx_word' id='word_1_103' title='bbox 299 1277 448 1350; x_wconf 72' lang='grc' dir='ltr'><em>ξυρῷ</em></span> <span class='ocrx_word' id='word_1_104' title='bbox 477 1278 588 1330; x_wconf 80' lang='grc' dir='ltr'><em>τῶν</em></span> <span class='ocrx_word' id='word_1_105' title='bbox 627 1279 935 1346; x_wconf 86' lang='grc' dir='ltr'><em>πολεμίων,</em></span> <span class='ocrx_word' id='word_1_106' title='bbox 979 1267 1052 1338; x_wconf 78' lang='grc' dir='ltr'><em>ὦς</em></span> <span class='ocrx_word' id='word_1_107' title='bbox 1093 1268 1163 1329; x_wconf 74' lang='grc' dir='ltr'><em>ἂν</em></span> <span class='ocrx_word' id='word_1_108' title='bbox 1201 1271 1445 1346; x_wconf 76' lang='grc' dir='ltr'><em>μεγάλου</em></span> <span class='ocrx_word' id='word_1_109' title='bbox 1487 1272 1754 1346; x_wconf 77' lang='grc' dir='ltr'><em>σώματος,</em></span> 
     </span>
     <span class='ocr_line' id='line_1_15' title="bbox 149 1354 1799 1432; baseline 0.001 -19"><span class='ocrx_word' id='word_1_110' title='bbox 149 1362 248 1414; x_wconf 86' lang='grc' dir='ltr'><em>τοῦ</em></span> <span class='ocrx_word' id='word_1_111' title='bbox 293 1356 581 1415; x_wconf 85' lang='grc' dir='ltr'><em>Ἰουδαίων</em></span> <span class='ocrx_word' id='word_1_112' title='bbox 635 1364 839 1424; x_wconf 82' lang='grc' dir='ltr'><em>ἔθνους</em></span> <span class='ocrx_word' id='word_1_113' title='bbox 889 1354 991 1429; x_wconf 80' lang='grc' dir='ltr'><em>τὴν</em></span> <span class='ocrx_word' id='word_1_114' title='bbox 1051 1355 1303 1430; x_wconf 84' lang='grc' dir='ltr'><em>κεφαλὴν</em></span> <span class='ocrx_word' id='word_1_115' title='bbox 1357 1359 1449 1414; x_wconf 85' lang='grc' dir='ltr'><em>καὶ</em></span> <span class='ocrx_word' id='word_1_116' title='bbox 1501 1355 1595 1424; x_wconf 80' lang='grc' dir='ltr'><em>τάς</em></span> <span class='ocrx_word' id='word_1_117' title='bbox 1645 1363 1756 1432; x_wconf 89' lang='grc' dir='ltr'><em>τρί-</em></span> <span class='ocrx_word' id='word_1_118' title='bbox 1782 1393 1799 1414; x_wconf 69' lang='lat' dir='ltr'>c</span> 
     </span>
     <span class='ocr_line' id='line_1_16' title="bbox 87 1439 1757 1522; baseline 0.001 -24"><span class='ocrx_word' id='word_1_119' title='bbox 87 1466 129 1499; x_wconf 90' lang='lat'><em>15</em></span> <span class='ocrx_word' id='word_1_120' title='bbox 153 1465 251 1514; x_wconf 89' lang='grc' dir='ltr'><em>χας</em></span> <span class='ocrx_word' id='word_1_121' title='bbox 325 1445 438 1498; x_wconf 80' lang='grc' dir='ltr'><em>τῶν</em></span> <span class='ocrx_word' id='word_1_122' title='bbox 510 1444 702 1499; x_wconf 74' lang='grc' dir='ltr'><em>ποδῶν</em></span> <span class='ocrx_word' id='word_1_123' title='bbox 770 1443 864 1498; x_wconf 87' lang='grc' dir='ltr'><em>καὶ</em></span> <span class='ocrx_word' id='word_1_124' title='bbox 929 1439 1027 1499; x_wconf 84' lang='grc' dir='ltr'><em>τὸν</em></span> <span class='ocrx_word' id='word_1_125' title='bbox 1099 1441 1341 1514; x_wconf 73' lang='grc' dir='ltr'><em>πώγωνα</em></span> <span class='ocrx_word' id='word_1_126' title='bbox 1413 1443 1507 1522; x_wconf 79' lang='grc' dir='ltr'><em>καὶ</em></span> <span class='ocrx_word' id='word_1_127' title='bbox 1575 1440 1757 1500; x_wconf 89' lang='grc' dir='ltr'><em>πάντα</em></span> 
     </span>
     <span class='ocr_line' id='line_1_17' title="bbox 149 1523 1755 1601; baseline 0.001 -19"><span class='ocrx_word' id='word_1_128' title='bbox 149 1523 473 1598; x_wconf 88' lang='grc' dir='ltr'><em>συλλήβδην</em></span> <span class='ocrx_word' id='word_1_129' title='bbox 543 1532 721 1583; x_wconf 83' lang='grc' dir='ltr'><em>εἰπεῖν</em></span> <span class='ocrx_word' id='word_1_130' title='bbox 786 1524 884 1583; x_wconf 87' lang='grc' dir='ltr'><em>τὸν</em></span> <span class='ocrx_word' id='word_1_131' title='bbox 953 1524 1163 1598; x_wconf 86' lang='grc' dir='ltr'><em>κόσμον</em></span> <span class='ocrx_word' id='word_1_132' title='bbox 1231 1523 1418 1582; x_wconf 77' lang='grc' dir='ltr'><em>αὐτῶν</em></span> <span class='ocrx_word' id='word_1_133' title='bbox 1478 1525 1755 1601; x_wconf 84' lang='grc' dir='ltr'><em>ξυρήσειν.</em></span> 
     </span>
     <span class='ocr_line' id='line_1_18' title="bbox 149 1606 1757 1686; baseline 0.001 -20"><span class='ocrx_word' id='word_1_134' title='bbox 149 1614 232 1666; x_wconf 85' lang='grc'><em>90.</em></span> <span class='ocrx_word' id='word_1_135' title='bbox 282 1608 494 1668; x_wconf 88' lang='grc' dir='ltr'><em>τούτων</em></span> <span class='ocrx_word' id='word_1_136' title='bbox 536 1609 584 1666; x_wconf 86' lang='grc' dir='ltr'><em>δ’</em></span> <span class='ocrx_word' id='word_1_137' title='bbox 636 1612 914 1683; x_wconf 86' lang='grc' dir='ltr'><em>ἐσομένων</em></span> <span class='ocrx_word' id='word_1_138' title='bbox 958 1612 1019 1667; x_wconf 89' lang='grc' dir='ltr'><em>ἐν</em></span> <span class='ocrx_word' id='word_1_139' title='bbox 1060 1612 1130 1685; x_wconf 83' lang='grc' dir='ltr'><em>τῇ</em></span> <span class='ocrx_word' id='word_1_140' title='bbox 1168 1612 1540 1684; x_wconf 80' lang='grc' dir='ltr'><em>θεσπιζομένῃ</em></span> <span class='ocrx_word' id='word_1_141' title='bbox 1580 1606 1757 1686; x_wconf 77' lang='grc' dir='ltr'><em>ἡμέρα</em></span> 
     </span>
     <span class='ocr_line' id='line_1_19' title="bbox 147 1692 1757 1769; baseline 0.001 -18"><span class='ocrx_word' id='word_1_142' title='bbox 147 1698 246 1751; x_wconf 83' lang='grc' dir='ltr'><em>τοῦ</em></span> <span class='ocrx_word' id='word_1_143' title='bbox 290 1697 350 1751; x_wconf 87' lang='grc' dir='ltr'><em>ἐκ</em></span> <span class='ocrx_word' id='word_1_144' title='bbox 399 1699 495 1767; x_wconf 88' lang='grc' dir='ltr'><em>τῆς</em></span> <span class='ocrx_word' id='word_1_145' title='bbox 554 1696 843 1769; x_wconf 85' lang='grc' dir='ltr'><em>παρθένου</em></span> <span class='ocrx_word' id='word_1_146' title='bbox 901 1695 1296 1768; x_wconf 87' lang='grc' dir='ltr'><em>γενησομένου,</em></span> <span class='ocrx_word' id='word_1_147' title='bbox 1355 1692 1452 1751; x_wconf 86' lang='grc' dir='ltr'><em>τὸν</em></span> <span class='ocrx_word' id='word_1_148' title='bbox 1509 1703 1757 1753; x_wconf 82' lang='grc' dir='ltr'><em>καταλει-</em></span> 
     </span>
     <span class='ocr_line' id='line_1_20' title="bbox 149 1776 1756 1853; baseline 0.001 -17"><span class='ocrx_word' id='word_1_149' title='bbox 149 1779 367 1852; x_wconf 85' lang='grc' dir='ltr'><em>φθέντα</em></span> <span class='ocrx_word' id='word_1_150' title='bbox 398 1777 705 1853; x_wconf 74' lang='grc' dir='ltr'><em>ἄνθρωπον</em></span> <span class='ocrx_word' id='word_1_151' title='bbox 746 1782 806 1836; x_wconf 82' lang='grc' dir='ltr'><em>ἐκ</em></span> <span class='ocrx_word' id='word_1_152' title='bbox 843 1785 941 1851; x_wconf 84' lang='grc' dir='ltr'><em>τῆς</em></span> <span class='ocrx_word' id='word_1_153' title='bbox 973 1781 1074 1836; x_wconf 81' lang='grc' dir='ltr'><em>τοῦ</em></span> <span class='ocrx_word' id='word_1_154' title='bbox 1113 1776 1318 1846; x_wconf 82' lang='grc' dir='ltr'><em>παντὸς</em></span> <span class='ocrx_word' id='word_1_155' title='bbox 1360 1785 1564 1845; x_wconf 80' lang='grc' dir='ltr'><em>ἔθνους</em></span> <span class='ocrx_word' id='word_1_156' title='bbox 1607 1778 1756 1838; x_wconf 79' lang='grc' dir='ltr'><em>ἀπω-</em></span> 
     </span>
     <span class='ocr_line' id='line_1_21' title="bbox 82 1860 1757 1935; baseline 0.002 -16"><span class='ocrx_word' id='word_1_157' title='bbox 82 1887 126 1920; x_wconf 83' lang='lat'><em>20</em></span> <span class='ocrx_word' id='word_1_158' title='bbox 151 1869 320 1935; x_wconf 89' lang='grc' dir='ltr'><em>λείας,</em></span> <span class='ocrx_word' id='word_1_159' title='bbox 372 1861 521 1921; x_wconf 81' lang='grc' dir='ltr'><em>τοῦτ’</em></span> <span class='ocrx_word' id='word_1_160' title='bbox 568 1870 718 1922; x_wconf 79' lang='grc' dir='ltr'><em>ἔστιν</em></span> <span class='ocrx_word' id='word_1_161' title='bbox 766 1860 986 1921; x_wconf 73' lang='grc' dir='ltr'><em>ἅπαντα</em></span> <span class='ocrx_word' id='word_1_162' title='bbox 1035 1861 1132 1920; x_wconf 83' lang='grc' dir='ltr'><em>τὸν</em></span> <span class='ocrx_word' id='word_1_163' title='bbox 1192 1865 1244 1931; x_wconf 84' lang='grc' dir='ltr'><em>ἐξ</em></span> <span class='ocrx_word' id='word_1_164' title='bbox 1305 1861 1490 1921; x_wconf 72' lang='grc' dir='ltr'><em>αὐτῶν</em></span> <span class='ocrx_word' id='word_1_165' title='bbox 1532 1870 1609 1931; x_wconf 87' lang='grc' dir='ltr'><em>είς</em></span> <span class='ocrx_word' id='word_1_166' title='bbox 1660 1863 1757 1922; x_wconf 83' lang='grc' dir='ltr'><em>τὸν</em></span> 
     </span>
     <span class='ocr_line' id='line_1_22' title="bbox 147 1946 1758 2022; baseline 0.001 -17"><span class='ocrx_word' id='word_1_167' title='bbox 147 1946 389 2022; x_wconf 87' lang='grc' dir='ltr'><em>Χριστὸν</em></span> <span class='ocrx_word' id='word_1_168' title='bbox 418 1951 516 2006; x_wconf 87' lang='grc' dir='ltr'><em>τοῦ</em></span> <span class='ocrx_word' id='word_1_169' title='bbox 555 1953 694 2008; x_wconf 87' lang='grc' dir='ltr'><em>θεοῦ</em></span> <span class='ocrx_word' id='word_1_170' title='bbox 733 1946 1167 2020; x_wconf 85' lang='grc' dir='ltr'><em>πεπιστευκότα,</em></span> <span class='ocrx_word' id='word_1_171' title='bbox 1225 1950 1464 2021; x_wconf 83' lang='grc' dir='ltr'><em>θρέψειν</em></span> <span class='ocrx_word' id='word_1_172' title='bbox 1519 1947 1758 2021; x_wconf 87' lang='grc' dir='ltr'><em>δάμαλιν</em></span> 
     </span>
     <span class='ocr_line' id='line_1_23' title="bbox 147 2029 1755 2107; baseline 0.001 -17"><span class='ocrx_word' id='word_1_173' title='bbox 147 2037 298 2105; x_wconf 76' lang='grc' dir='ltr'><em>βοῶν</em></span> <span class='ocrx_word' id='word_1_174' title='bbox 322 2036 413 2090; x_wconf 85' lang='grc' dir='ltr'><em>καὶ</em></span> <span class='ocrx_word' id='word_1_175' title='bbox 445 2032 549 2091; x_wconf 89' lang='grc' dir='ltr'><em>δύο</em></span> <span class='ocrx_word' id='word_1_176' title='bbox 580 2032 831 2107; x_wconf 89' lang='grc' dir='ltr'><em>πρόβατα</em></span> <span class='ocrx_word' id='word_1_177' title='bbox 861 2031 1220 2107; x_wconf 84' lang='grc' dir='ltr'><em>προφητεύει,</em></span> <span class='ocrx_word' id='word_1_178' title='bbox 1251 2029 1361 2090; x_wconf 82' lang='grc' dir='ltr'><em>άπό</em></span> <span class='ocrx_word' id='word_1_179' title='bbox 1390 2056 1450 2090; x_wconf 91' lang='grc' dir='ltr'><em>τε</em></span> <span class='ocrx_word' id='word_1_180' title='bbox 1473 2038 1572 2090; x_wconf 85' lang='grc' dir='ltr'><em>τοῦ</em></span> <span class='ocrx_word' id='word_1_181' title='bbox 1603 2041 1755 2092; x_wconf 81' lang='grc' dir='ltr'><em>πλεῖ-</em></span> 
     </span>
     <span class='ocr_line' id='line_1_24' title="bbox 147 2116 1755 2192; baseline 0.001 -18"><span class='ocrx_word' id='word_1_182' title='bbox 147 2134 281 2175; x_wconf 89' lang='grc' dir='ltr'><em>στον</em></span> <span class='ocrx_word' id='word_1_183' title='bbox 311 2131 493 2176; x_wconf 83' lang='grc' dir='ltr'><em>ποιεῖν</em></span> <span class='ocrx_word' id='word_1_184' title='bbox 523 2117 664 2192; x_wconf 86' lang='grc' dir='ltr'><em>γάλα</em></span> <span class='ocrx_word' id='word_1_185' title='bbox 694 2117 976 2192; x_wconf 86' lang='grc' dir='ltr'><em>φάγεσθαι</em></span> <span class='ocrx_word' id='word_1_186' title='bbox 1007 2117 1289 2191; x_wconf 82' lang='grc' dir='ltr'><em>βούτυρον</em></span> <span class='ocrx_word' id='word_1_187' title='bbox 1319 2119 1411 2175; x_wconf 81' lang='grc' dir='ltr'><em>καὶ</em></span> <span class='ocrx_word' id='word_1_188' title='bbox 1440 2120 1594 2191; x_wconf 81' lang='grc' dir='ltr'><em>μέλι</em></span> <span class='ocrx_word' id='word_1_189' title='bbox 1629 2116 1755 2191; x_wconf 88' lang='grc' dir='ltr'><em>νοή-</em></span> 
     </span>
     <span class='ocr_line' id='line_1_25' title="bbox 146 2199 1848 2277; baseline 0 -18"><span class='ocrx_word' id='word_1_190' title='bbox 146 2219 263 2268; x_wconf 88' lang='grc' dir='ltr'><em>σεις</em></span> <span class='ocrx_word' id='word_1_191' title='bbox 297 2203 358 2260; x_wconf 93' lang='grc' dir='ltr'><em>δε</em></span> <span class='ocrx_word' id='word_1_192' title='bbox 397 2204 490 2260; x_wconf 86' lang='grc' dir='ltr'><em>καὶ</em></span> <span class='ocrx_word' id='word_1_193' title='bbox 531 2208 702 2262; x_wconf 81' lang='grc' dir='ltr'><em>ταῦτα</em></span> <span class='ocrx_word' id='word_1_194' title='bbox 735 2228 871 2261; x_wconf 80' lang='grc' dir='ltr'><em>κατα</em></span> <span class='ocrx_word' id='word_1_195' title='bbox 911 2199 1185 2277; x_wconf 83' lang='grc' dir='ltr'><em>μυστικὴν</em></span> <span class='ocrx_word' id='word_1_196' title='bbox 1223 2209 1475 2276; x_wconf 88' lang='grc' dir='ltr'><em>θεωρίαν</em></span> <span class='ocrx_word' id='word_1_197' title='bbox 1515 2204 1605 2260; x_wconf 88' lang='grc' dir='ltr'><em>ἐπὶ</em></span> <span class='ocrx_word' id='word_1_198' title='bbox 1644 2227 1756 2260; x_wconf 88' lang='grc' dir='ltr'><em>των</em></span> <span class='ocrx_word' id='word_1_199' title='bbox 1781 2228 1848 2269; x_wconf 73' lang='grc' dir='ltr'><em>μη</em></span> 
     </span>
     <span class='ocr_line' id='line_1_26' title="bbox 12 2285 1803 2362; baseline 0 -21"><span class='ocrx_word' id='word_1_200' title='bbox 12 2358 14 2362; x_wconf 89' lang='lat'>.</span> <span class='ocrx_word' id='word_1_201' title='bbox 81 2307 125 2342; x_wconf 83' lang='lat'><em>25</em></span> <span class='ocrx_word' id='word_1_202' title='bbox 146 2290 244 2344; x_wconf 90' lang='grc' dir='ltr'><em>τοῦ</em></span> <span class='ocrx_word' id='word_1_203' title='bbox 276 2291 520 2362; x_wconf 84' lang='grc' dir='ltr'><em>σωτῆρος</em></span> <span class='ocrx_word' id='word_1_204' title='bbox 544 2286 703 2361; x_wconf 80' lang='grc' dir='ltr'><em>ἡμῶν</em></span> <span class='ocrx_word' id='word_1_205' title='bbox 733 2285 1056 2346; x_wconf 78' lang='grc' dir='ltr'><em>ἀποστόλων</em></span> <span class='ocrx_word' id='word_1_206' title='bbox 1085 2290 1458 2361; x_wconf 87' lang='grc' dir='ltr'><em>τετελεσμένα.</em></span> <span class='ocrx_word' id='word_1_207' title='bbox 1550 2292 1642 2344; x_wconf 85' lang='grc'><em>91.</em></span> <span class='ocrx_word' id='word_1_208' title='bbox 1678 2312 1757 2345; x_wconf 86' lang='grc' dir='ltr'><em>ων</em></span> <span class='ocrx_word' id='word_1_209' title='bbox 1782 2311 1803 2341; x_wconf 76' lang='lat'><em>-1</em></span> 
     </span>
     <span class='ocr_line' id='line_1_27' title="bbox 146 2370 1754 2447; baseline -0.001 -19"><span class='ocrx_word' id='word_1_210' title='bbox 146 2374 372 2439; x_wconf 88' lang='grc' dir='ltr'><em>ε’καστος</em></span> <span class='ocrx_word' id='word_1_211' title='bbox 433 2375 494 2429; x_wconf 89' lang='grc' dir='ltr'><em>ἐν</em></span> <span class='ocrx_word' id='word_1_212' title='bbox 534 2379 621 2439; x_wconf 88' lang='grc' dir='ltr'><em>αἱς</em></span> <span class='ocrx_word' id='word_1_213' title='bbox 661 2371 769 2430; x_wconf 76' lang='grc' dir='ltr'><em>σὺν</em></span> <span class='ocrx_word' id='word_1_214' title='bbox 825 2377 893 2447; x_wconf 82' lang='grc' dir='ltr'><em>τῇ</em></span> <span class='ocrx_word' id='word_1_215' title='bbox 932 2377 1031 2431; x_wconf 82' lang='grc' dir='ltr'><em>τοῦ</em></span> <span class='ocrx_word' id='word_1_216' title='bbox 1073 2376 1323 2445; x_wconf 90' lang='grc' dir='ltr'><em>Χριστου</em></span> <span class='ocrx_word' id='word_1_217' title='bbox 1355 2370 1592 2445; x_wconf 87' lang='grc' dir='ltr'><em>δυνάμει</em></span> <span class='ocrx_word' id='word_1_218' title='bbox 1622 2389 1754 2428; x_wconf 85' lang='grc' dir='ltr'><em>συν-</em></span> 
     </span>
     <span class='ocr_line' id='line_1_28' title="bbox 148 2453 1755 2531; baseline 0 -19"><span class='ocrx_word' id='word_1_219' title='bbox 148 2455 411 2528; x_wconf 84' lang='grc' dir='ltr'><em>εστήσατο</em></span> <span class='ocrx_word' id='word_1_220' title='bbox 444 2461 786 2530; x_wconf 83' lang='grc' dir='ltr'><em>ἐκκλησίαις,</em></span> <span class='ocrx_word' id='word_1_221' title='bbox 819 2457 922 2515; x_wconf 86' lang='grc' dir='ltr'><em>δύο</em></span> <span class='ocrx_word' id='word_1_222' title='bbox 951 2456 1220 2531; x_wconf 90' lang='grc' dir='ltr'><em>πρόβατα,</em></span> <span class='ocrx_word' id='word_1_223' title='bbox 1255 2455 1411 2514; x_wconf 83' lang='grc' dir='ltr'><em>τοῦτ’</em></span> <span class='ocrx_word' id='word_1_224' title='bbox 1459 2463 1610 2514; x_wconf 86' lang='grc' dir='ltr'><em>ἔστιν</em></span> <span class='ocrx_word' id='word_1_225' title='bbox 1653 2453 1755 2513; x_wconf 89' lang='grc' dir='ltr'><em>δύο</em></span> 
     </span>
     <span class='ocr_line' id='line_1_29' title="bbox 146 2538 1755 2616; baseline 0.001 -21"><span class='ocrx_word' id='word_1_226' title='bbox 146 2538 390 2613; x_wconf 86' lang='grc' dir='ltr'><em>τάγματα</em></span> <span class='ocrx_word' id='word_1_227' title='bbox 424 2546 587 2615; x_wconf 85' lang='grc' dir='ltr'><em>δίκην</em></span> <span class='ocrx_word' id='word_1_228' title='bbox 617 2541 914 2616; x_wconf 88' lang='grc' dir='ltr'><em>προβάτων</em></span> <span class='ocrx_word' id='word_1_229' title='bbox 946 2545 1035 2600; x_wconf 84' lang='grc' dir='ltr'><em>ἐπὶ</em></span> <span class='ocrx_word' id='word_1_230' title='bbox 1064 2539 1167 2614; x_wconf 78' lang='grc' dir='ltr'><em>τὴν</em></span> <span class='ocrx_word' id='word_1_231' title='bbox 1209 2546 1309 2599; x_wconf 82' lang='grc' dir='ltr'><em>τοῦ</em></span> <span class='ocrx_word' id='word_1_232' title='bbox 1351 2543 1596 2613; x_wconf 77' lang='grc' dir='ltr'><em>Χριστοῦ</em></span> <span class='ocrx_word' id='word_1_233' title='bbox 1636 2545 1755 2597; x_wconf 91' lang='grc' dir='ltr'><em>ποί-</em></span> 
     </span>
     <span class='ocr_line' id='line_1_30' title="bbox 14 2621 1751 2703; baseline 0.001 -23"><span class='ocrx_word' id='word_1_234' title='bbox 14 2691 26 2703; x_wconf 36' lang='grc' dir='ltr'>ι</span> <span class='ocrx_word' id='word_1_235' title='bbox 145 2648 292 2697; x_wconf 90' lang='grc' dir='ltr'><em>μνην</em></span> <span class='ocrx_word' id='word_1_236' title='bbox 322 2624 617 2698; x_wconf 90' lang='grc' dir='ltr'><em>συνιόντα,</em></span> <span class='ocrx_word' id='word_1_237' title='bbox 641 2626 702 2684; x_wconf 85' lang='grc' dir='ltr'><em>τὸ</em></span> <span class='ocrx_word' id='word_1_238' title='bbox 733 2628 836 2700; x_wconf 73' lang='grc' dir='ltr'><em>μὲν</em></span> <span class='ocrx_word' id='word_1_239' title='bbox 877 2630 1044 2685; x_wconf 85' lang='grc' dir='ltr'><em>εἰσέτι</em></span> <span class='ocrx_word' id='word_1_240' title='bbox 1076 2624 1550 2699; x_wconf 88' lang='grc' dir='ltr'><em>στοιχειούμενον,</em></span> <span class='ocrx_word' id='word_1_241' title='bbox 1595 2622 1653 2681; x_wconf 84' lang='grc' dir='ltr'><em>τὸ</em></span> <span class='ocrx_word' id='word_1_242' title='bbox 1698 2621 1751 2681; x_wconf 87' lang='grc' dir='ltr'><em>δ’</em></span> 
     </span>
     <span class='ocr_line' id='line_1_31' title="bbox 12 2705 1755 2785; baseline 0.001 -21"><span class='ocrx_word' id='word_1_243' title='bbox 12 2708 15 2717; x_wconf 78' lang='grc'><strong>’</strong></span> <span class='ocrx_word' id='word_1_244' title='bbox 78 2732 124 2765; x_wconf 80' lang='grc' dir='ltr'><em>3ο</em></span> <span class='ocrx_word' id='word_1_245' title='bbox 147 2705 255 2781; x_wconf 80' lang='grc' dir='ltr'><em>ἤδη</em></span> <span class='ocrx_word' id='word_1_246' title='bbox 289 2708 379 2766; x_wconf 81' lang='grc' dir='ltr'><em>διά</em></span> <span class='ocrx_word' id='word_1_247' title='bbox 409 2715 506 2767; x_wconf 87' lang='grc' dir='ltr'><em>τοῦ</em></span> <span class='ocrx_word' id='word_1_248' title='bbox 538 2716 775 2784; x_wconf 86' lang='grc' dir='ltr'><em>λουτροῦ</em></span> <span class='ocrx_word' id='word_1_249' title='bbox 805 2714 1254 2785; x_wconf 85' lang='grc' dir='ltr'><em>πεφωτισμένον,</em></span> <span class='ocrx_word' id='word_1_250' title='bbox 1289 2711 1381 2767; x_wconf 86' lang='grc' dir='ltr'><em>καὶ</em></span> <span class='ocrx_word' id='word_1_251' title='bbox 1424 2712 1514 2767; x_wconf 86' lang='grc' dir='ltr'><em>ἐπὶ</em></span> <span class='ocrx_word' id='word_1_252' title='bbox 1543 2708 1755 2776; x_wconf 88' lang='grc' dir='ltr'><em>τούτοις</em></span> 
     </span>
    </p>
   </div>
   <div class='ocr_carea' id='block_1_3' title="bbox 231 2904 1499 3026">
    <p class='ocr_par' dir='ltr' id='par_1_3' title="bbox 231 2904 1499 3026">
     <span class='ocr_line' id='line_1_32' title="bbox 260 2904 567 2955; baseline 0.013 -12"><span class='ocrx_word' id='word_1_253' title='bbox 260 2906 286 2943; x_wconf 81' lang='lat'>5</span> <span class='ocrx_word' id='word_1_254' title='bbox 317 2904 391 2943; x_wconf 85' lang='lat' dir='ltr'><em>Es.</em></span> <span class='ocrx_word' id='word_1_255' title='bbox 424 2906 464 2955; x_wconf 85' lang='lat'><em>7,</em></span> <span class='ocrx_word' id='word_1_256' title='bbox 501 2906 567 2948; x_wconf 80' lang='lat'><em>14.</em></span> 
     </span>
     <span class='ocr_line' id='line_1_33' title="bbox 231 2975 1499 3026; baseline 0.011 -14"><span class='ocrx_word' id='word_1_257' title='bbox 231 2985 464 3014; x_wconf 67' lang='lat' dir='ltr'><strong>Evsmncs</strong></span> <span class='ocrx_word' id='word_1_258' title='bbox 499 2987 573 3015; x_wconf 89' lang='lat'>111.</span> <span class='ocrx_word' id='word_1_259' title='bbox 1468 2975 1499 3026; x_wconf 75' lang='grc'>8</span> 
     </span>
    </p>
   </div>
   <div class='ocr_carea' id='block_1_4' title="bbox 0 2147 3 3134">
    <p class='ocr_par' dir='ltr' id='par_1_4' title="bbox 0 2147 3 3134">
     <span class='ocr_line' id='line_1_34' title="bbox 0 2147 3 3134; baseline 0 0"><span class='ocrx_word' id='word_1_260' title='bbox 0 2147 3 3134; x_wconf 95' lang='lat' dir='ltr'><em> </em></span> 
     </span>
    </p>
   </div>
  </div>
 </body>
</html>
