1992 3186
244 129 348 182 396
744 126 754 130 “
925 127 1171 167 EUSEBH

245 247 424 318 λέγων
447 241 575 301 “nal
606 245 871 314 παρέσται
901 239 1091 314 κύριος
1129 236 1157 297 ὃ
1188 239 1319 308 θεός
1349 265 1485 314 μου,
1525 243 1617 298 καὶ
1650 240 1850 308 πάντες

246 334 304 387 οὗ
328 325 472 401 ἅγιοι
502 323 621 400 μετ’
665 323 899 397 αὐτοῦ,”
941 328 1025 381 43.
1060 334 1168 381 εἴτε
1207 324 1336 392 τοὺς
1377 322 1714 391 ἀποστόλους
1754 323 1851 382 αὖ·

245 416 347 470 τοῦ
376 413 467 468 καὶ
498 409 749 484 μαθητὰς
787 406 1070 481 ὀνομάζων
1109 406 1303 480 ἁγίους
1335 406 1508 467 αὐτοῦ
1540 419 1650 466 εἴτε
1683 409 1850 466 δυνά-

245 519 363 569 μεις
391 493 543 560 τινας
573 492 841 568 ἀοράτους
881 495 973 549 καὶ
1003 490 1289 563 πνεύματα
1319 493 1694 602 λειτουργικὰ,
1726 495 1853 568 περὶ

248 603 327 635 ων
359 588 579 681 εἰρηται
601 573 732 634 “nal
771 579 1096 651 προσῆλθον
1135 573 1386 648 άγγελοι,
1428 580 1521 633 καὶ
1552 576 1852 650 διηκόνουν
1875 592 1897 626 5

246 658 429 738 aiz-93?
527 661 644 718 εἶτα
685 662 774 718 ἐπὶ
814 664 909 733 τῆς
948 666 1255 734 παρουσίας
1293 664 1390 718 τοῦ
1431 665 1630 735 κυρίου
1661 659 1854 717 ’Ἔσται

247 745 470 819 (φησὶν)
510 741 716 818 ἡμέρα,
759 747 851 801 καὶ
892 741 996 801 οὐκ
1036 749 1188 801 ἔσται
1233 748 1380 817 φῶς,
1421 746 1513 800 καὶ
1558 747 1732 817 ψῦχος
1762 746 1856 801 καὶ

201 857 222 888 d
245 829 417 902 πάγος
449 835 599 886 ἔσται
629 837 765 901 μίαν
793 824 1059 902 ἡμέραν.”
1119 831 1203 885 44.
1230 827 1362 886 ἀνθ’
1400 819 1469 885 οὗ
1496 823 1524 885 ὁ
1556 827 1855 901 Σύμμαχος

242 910 558 987 ἡρμήνευσε
589 908 718 969 “uoci
761 917 822 970 ἐν
850 915 915 985 τῇ
959 911 1135 987 ἡμέρᾳ
1174 915 1358 986 ἐκείνῃ
1390 909 1494 969 οὐκ
1532 917 1685 970 ἔσται
1715 916 1853 984 φῶς,

245 997 384 1054 ἀλλὰ
414 1001 586 1070 ψῦχος
617 998 708 1053 καὶ
740 995 912 1068 πάγος
944 1002 1094 1053 ἔσται
1123 1003 1258 1069 μίαν
1279 992 1508 1070 ἡμέραν,
1540 993 1656 1068 ἥτις
1681 1003 1855 1068 ἔγνω-
1878 1011 1920 1042 10

246 1099 369 1138 σται
399 1087 475 1156 τῷ
507 1087 713 1157 κυρίῳ,
753 1079 855 1152 οὐχ
894 1078 1070 1152 ἡμέρα
1111 1077 1244 1136 οὐδὲ
1275 1078 1403 1151 νύξ,
1447 1077 1567 1136 ἀλλ’
1615 1086 1766 1137 ἔσται
1794 1077 1855 1136 τὸ

247 1163 382 1266 πρὸς
416 1166 655 1236 ἑσπέραν
685 1167 819 1237 φῶς.
922 1166 1013 1220 καὶ
1044 1162 1147 1235 ὅρα
1180 1169 1232 1220 εί
1257 1162 1331 1236 μὴ
1363 1163 1455 1220 διὰ
1485 1162 1697 1220 τούτων
1728 1171 1858 1220 λευ-

246 1248 448 1305 κότατα
486 1247 589 1320 τὴν
628 1246 840 1321 ἡμέραν
879 1250 978 1303 τοῦ
1000 1246 1238 1350 πάθους
1277 1250 1377 1304 τοῦ
1417 1250 1662 1319 σωτῆρος
1699 1243 1856 1319 ἡμων

249 1337 425 1405 δηλοι,
460 1335 519 1388 ἐν
542 1333 576 1405 ᾑ
599 1330 776 1406 ἡμέρα
799 1329 858 1388 τὸ
882 1329 1012 1403 μὲν
1038 1355 1142 1387 ουκ
1167 1336 1316 1387 ἔσται
1340 1328 1480 1404 φως’
1485 1328 1855 1403 ’έπληροῦτο,

245 1412 409 1489 ἡνίκα
439 1412 547 1472 ἀπὸ
579 1418 736 1487 ἕκτης
769 1413 914 1487 ὥρας
944 1413 1135 1480 σκότος
1177 1417 1391 1486 ἐγένετο
1424 1417 1512 1471 ἐπὶ
1541 1418 1727 1472 πᾶσαν
1755 1412 1856 1487 τὴν
1877 1427 1920 1460 15

247 1504 351 1572 γῆν
382 1502 484 1564 ἕως
516 1497 661 1571 ὥρας
689 1497 908 1572 ἐνάτης,
939 1497 999 1576 τὸ
1026 1499 1088 1555 δὲ
1109 1497 1288 1555 ((άλλά
1311 1502 1484 1572 ψῦχος
1509 1501 1599 1555 καὶ
1623 1497 1853 1570 πάγος,”

245 1582 334 1640 ὅτε
365 1582 502 1639 κατὰ
524 1581 621 1640 τὸν
646 1589 872 1641 Λουκᾶν
893 1579 1347 1656 “παραλαβόντες
1370 1582 1467 1639 τὸν
1491 1579 1703 1655 Ἰησοῦν
1725 1580 1857 1655 ἤγα-

246 1692 347 1740 γον
380 1673 458 1734 εἰς
487 1664 589 1738 τὴν
619 1673 802 1725 οἰκίαν
831 1668 931 1724 τοῦ
958 1665 1268 1741 ἀρχιερέως.
1331 1665 1359 1723 ὁ
1394 1667 1454 1723 δὲ
1485 1669 1695 1740 Πέτρος
1724 1665 1857 1738 ἠκο-

247 1750 443 1809 λούθει
466 1749 804 1823 μακρόθεν.”
859 1755 943 1807 45.
972 1748 1364 1825 περιαψάντων
1389 1751 1448 1806 δὲ
1472 1753 1584 1822 πῦρ
1616 1753 1678 1807 έν
1705 1752 1854 1824 μέσῳ

245 1838 340 1907 τῆς
372 1834 543 1907 αὐλῆς
586 1834 823 1907 ἐκάθητο
864 1833 1001 1891 κατά
1030 1832 1127 1890 τὸν
1158 1832 1396 1905 Μάρκον
1423 1831 1559 1905 μετὰ
1595 1836 1707 1890 τῶν
1739 1841 1855 1890 λοι-
1877 1849 1919 1880 20

137 1944 228 1986 (293)
253 1922 376 1975 πεόν
405 1917 857 1991 θερμαινόμενος.
918 1916 946 1974 ὃ
980 1917 1043 1973 δὲ
1066 1914 1323 1988 Ἰωάννης
1346 1914 1605 1990 ἄντικρυς·
1637 1919 1726 1974 καὶ
1758 1920 1856 1974 τοῦ

247 2002 459 2074 ψύχους
502 1999 912 2074 ἐμνημόνευσεν
953 1998 1175 2057 είπων“
1179 1997 1550 2073 ‘8t6mffx8t6av
1580 2024 1633 2057 οι
1665 2004 1856 2058 δοῦλοι

247 2087 339 2141 καὶ
382 2109 434 2140 οι
477 2080 749 2156 υπηρέται
788 2082 1105 2156 ἀνθρακιὰν
1135 2082 1518 2157 πεποιηκότες,
1565 2083 1648 2141 ὅτι
1679 2088 1855 2157 ψῦχος

248 2161 348 2240 ἦν,
381 2169 473 2224 καὶ
504 2163 941 2240 ‹s'nffwualvovtof

375 2246 498 2307 46.‘
501 2249 752 2324 Τνωστὴ
785 2251 846 2307 δε
878 2242 1168 2323 (φησὶν)τ
1132 2274 1203 2322 ην
1233 2247 1372 2323 αὕτη
1395 2274 1429 2321 η
1452 2246 1628 2352 ημέρα
1650 2274 1726 2307 τω
1757 2275 1850 2308 κυ
1875 2266 1916 2299 25

248 2342 380 2412 ρίῳ,
412 2337 504 2391 καὶ
535 2331 638 2392 οὐκ
661 2337 730 2408 ἠν
759 2333 962 2407 ἡμέρα,
995 2337 1085 2390 καὶ
1108 2357 1211 2390 ουκ
1233 2358 1304 2405 ην
1333 2331 1500 2400 νύξ·”
1535 2331 1649 2437 οὐχ
1678 2330 1853 2407 ἡμέρα

246 2443 377 2492 μεν,
425 2422 516 2475 διὰ
560 2417 620 2475 τὸ
666 2421 1032 2492 προειρῆσθαι
1074 2416 1217 2474 “ofin
1269 2424 1418 2474 ἔσται
1470 2416 1626 2524 φως,’
1631 2415 1719 2474 ’ὃ
1759 2420 1852 2474 καὶ

250 2506 587 2575 ἐπληροῦτο,
632 2502 722 2561 ότε
761 2499 868 2559 ἀπὸ
913 2505 1070 2573 ε’κτης
1111 2499 1253 2573 ω’ρας
1294 2499 1484 2569 σκότος
1517 2504 1731 2573 ἐγένετο
1764 2503 1854 2558 ἐπὶ

248 2590 433 2643 πᾶσαν
463 2584 564 2658 τὴν
602 2590 708 2659 γῆν
749 2590 849 2653 ἕως
881 2583 1025 2658 ω’ρας
1058 2584 1276 2657 ἐνάτης·
1331 2579 1464 2642 οὐδὲ
1505 2583 1604 2653 νύξ,
1638 2586 1726 2658 δὲ,
1762 2582 1854 2642 διὰ

362 2807 387 2844 5
418 2805 580 2844 Matth.
603 2808 644 2856 4,
670 2808 735 2848 11.
888 2808 940 2846 15
971 2805 1132 2846 Matth.
1154 2806 1222 2857 27,
1243 2807 1311 2846 45.
1468 2808 1518 2845 17
1549 2807 1662 2848 Luc.
1688 2807 1756 2857 22,
1780 2807 1848 2847 54.

250 2862 303 2900 ΞΟ
335 2861 478 2899 Marc.
506 2862 570 2910 14,
597 2863 663 2903 54.
838 2864 889 2901 21
921 2862 994 2901 Jo.
1018 2862 1084 2912 18,
1109 2862 1173 2901 18.
