1946 3158
629 117 940 160 DEMONST.
971 117 1195 161 EVANG.
1223 118 1259 158 1.
1293 120 1330 159 7.
1687 117 1756 170 53

147 236 237 291 ε’πὶ
267 237 738 307 παραδείγματος,
771 231 805 306 ἡ
837 233 939 306 μὲν
968 230 1117 308 παρά
1147 241 1350 291 Μωσεῑ
1376 251 1514 306 φησι
1543 256 1756 336 προφη-

145 323 263 376 τεία
303 317 619 392 προφήτην
648 314 785 391 ὑμῖν
815 315 1114 389 ἀναστήσει
1136 315 1326 392 κύριος
1355 313 1384 375 ὃ
1415 317 1547 386 θεὸς
1577 317 1756 392 ὑμῶν,

148 401 222 469 ὡς
255 403 370 476 ἐμέ
427 402 602 460 αὐτοῦ
638 399 954 460 ἀκούσεσθε
995 402 1132 460 κατὰ
1164 401 1353 460 πάντα
1392 399 1495 460 ὅσα
1524 427 1596 460 αν
1629 411 1756 477 εἴπῃ

145 483 282 561 υμῖν
311 482 340 544 ὁ
372 485 659 561 προφήτης
692 484 954 554 ἐκεῖνος.”
1776 512 1799 545 d

102 595 123 628 5
274 576 321 628 8.
363 575 536 630 Τοῦτο
569 570 638 645 δὴ
661 570 721 629 τὸ
745 580 939 630 λεῖπον
972 569 1294 646 ἀπεπλήρου
1337 569 1593 647 δεύτερος
1623 571 1759 645 μετὰ

144 658 358 714 Μωσέα
404 659 711 729 νομοθέτης
753 655 1060 728 ἀναφανεὶς
1106 653 1428 730 ἀνθρώπων
1477 660 1572 729 τῆς
1622 655 1759 729 ἀλη-

93 765 105 770 ’
144 744 284 807 θοῦς
315 739 602 813 εὐσεβείας
633 743 733 799 τοῦ
753 747 864 798 τῶν
888 739 1034 799 ὅλων
1055 744 1211 798 θεοῦ.
1255 739 1314 798 τὸ
1339 739 1443 815 γὰρ
1466 739 1540 815 μὴ
1572 736 1760 808 ἁπλῶς

146 823 384 899 φάσκειν
414 828 626 883 Μωσεά
657 824 950 900 προφήτην
980 822 1423 899 ἀναστήσεσθαι,
1457 822 1597 882 ἀλλὰ
1625 824 1761 899 μετά

146 909 469 985 προσθήκης
499 914 594 983 τῆς
635 906 708 978 ὥς
749 906 1272 984 αύτόν“προφήτην
1316 908 1422 986 γάρ
1459 906 1596 983 ὑμῖν
1626 907 1757 967 ἀνα-

83 1020 123 1052 10
147 993 365 1068 στήσει,
406 997 609 1069 φησὶν,
650 993 839 1068 κύριος
879 993 908 1053 ὃ
938 995 1071 1062 θεὸς
1099 991 1286 1068 ὑμῶν,
1320 993 1393 1061 ὡς
1426 996 1542 1068 ἐμέ’
1588 992 1761 1053 αὐτοῦ

145 1076 521 1153 ἀκούσεσθε,”
576 1086 635 1137 τί
682 1084 872 1154 ε’τερου
925 1078 1130 1153 έὸήλου
1169 1075 1203 1152 ἢ
1245 1077 1327 1136 ὅτι
1367 1078 1521 1155 αὐτῷ
1558 1088 1762 1137 Μωσεῑ

145 1168 527 1238 παρισωμένος
557 1190 638 1234 τις
670 1172 898 1239 ἔμελλεν
927 1164 956 1222 ὁ
987 1163 1414 1237 θεσπιζόμενος;
1462 1168 1511 1221 9.
1545 1167 1759 1236 Μωσης

148 1250 208 1306 δε
238 1251 543 1323 νομοθέτης
597 1246 886 1322 εὐσεβείας
938 1251 1010 1323 ἦν
1054 1253 1152 1308 τοῦ
1207 1251 1296 1306 ἐπὶ
1335 1247 1564 1306 πάντων
1602 1251 1759 1306 θεοῦ.

147 1332 354 1390 οὐκοῦν
375 1336 465 1391 καὶ
488 1333 585 1391 τὸν
609 1331 1303 1409 προφητευόμενον,οσπερ
1328 1330 1606 1407 ἑώμελλεν
1577 1357 1761 1406 ομοιος

87 1441 127 1474 15
149 1416 488 1490 γενήσεσθαι
517 1427 746 1492 Μωσεῖ,
786 1421 1100 1492 νομοθέτην
1142 1422 1337 1495 ἐκείνω
1374 1415 1761 1492 παραπλήσιον

149 1506 325 1575 φῆναι
358 1500 500 1569 εἰκὸς
532 1494 617 1575 ἦν.
664 1507 744 1561 10.
778 1509 996 1576 μυρίων
1025 1507 1165 1576 γοῦν
1193 1500 1329 1576 μετὰ
1350 1506 1523 1560 ταῦτα
1547 1525 1760 1577 προφη-

147 1590 260 1644 τῶν
296 1586 432 1660 μετὰ
474 1588 686 1644 Μωσέα
731 1585 1070 1660 γεγονότων,
1111 1584 1298 1653 οὐδεὶς
1336 1610 1521 1660 ομοιος
1562 1594 1763 1644 Μωσεῑ

148 1669 584 1744 μεμαρτύρηται·
642 1670 844 1738 πάντες
887 1697 993 1746 γαρ
1045 1678 1122 1738 εἰς
1174 1674 1388 1729 ε’κεινον
1437 1667 1758 1744 ἀνέπεμπον
1783 1692 1851 1736 (27)

148 1753 276 1822 τούς
329 1753 731 1829 ἀκροωμένους
808 1771 1082 1830 μαρτυρει
1121 1754 1173 1813 δ’
1228 1747 1331 1814 οὖν
1379 1753 1414 1828 ἡ
1452 1753 1640 1830 γραφὴ
1677 1751 1762 1812 ὅτι

86 1865 127 1897 20
150 1837 253 1898 οὐκ
285 1839 572 1913 ἐγήγερται
615 1839 902 1915 προφήτης
937 1840 1122 1914 ὅμοιος
1163 1842 1445 1907 Μωσέως
1501 1838 1629 1897 οὔτε
1659 1864 1762 1897 ουν

142 1919 402 1997 Ἱερεμίας
433 1923 559 1982 ου’τε
583 1921 810 1992 Ἡσαῖας
841 1924 969 1983 οὔτε
997 1950 1078 1992 τις
1109 1929 1293 1999 ε’τερος
1318 1948 1430 1981 των
1460 1947 1763 1999 προφητων

149 2006 334 2082 ὅμοιος
375 2008 528 2086 αὐτῷ
565 2007 635 2068 ἂν
678 2021 793 2084 εἴη,
839 2009 1030 2083 ἐπειδὴ
1070 2011 1210 2084 μηδὲ
1252 2006 1330 2076 εἷς
1358 2008 1572 2067 τούτων
1601 2033 1762 2082 νομο-

149 2095 317 2166 θέτης
347 2092 750 2152 ἀναδέδεικται.
827 2100 908 2152 11.
942 2097 1411 2169 προσδοκωμένου
1440 2101 1636 2152 τοίνυν
1665 2096 1765 2151 τοῦ

151 2176 290 2235 κατὰ
332 2181 546 2236 Μωσέα
585 2185 879 2253 μέλλοντος
919 2178 1335 2252 ἀναστήσεσθαι
1375 2177 1663 2254 προφήτου
1703 2202 1762 2235 τε

87 2286 130 2319 25
153 2264 243 2320 καὶ
294 2266 605 2336 νομοθέτου
655 2268 841 2338 παρῆν
893 2255 1051 2332 οὗτος
1085 2265 1294 2339 Ἰησοῦς
1332 2262 1361 2320 ὁ
1401 2260 1636 2336 Χριστὸς
1665 2266 1762 2320 τοῦ

149 2349 310 2419 θεοῦ,
341 2351 663 2422 νομοθετῶν
685 2353 819 2406 πᾶσι
837 2363 953 2417 τοῖς
983 2355 1176 2408 ἔθνεσι
1205 2351 1298 2406 καὶ
1327 2346 1394 2406 τά
1419 2347 1559 2422 ὑπὲρ
1590 2346 1763 2420 νόμον

154 2431 633 2506 διαπραττόμενος.
708 2439 788 2491 12.
821 2435 882 2492 τὸ
921 2433 1026 2510 γάρ
1058 2430 1297 2508 “ε’λέχθη
1341 2446 1454 2500 τοῖς
1494 2429 1760 2505 ἀρχαίοις,
1785 2457 1807 2489 b

151 2514 218 2574 οὐ
247 2515 585 2590 μοιχεύσεις·
643 2516 749 2592 ἐγω
792 2519 854 2576 δὲ
884 2521 1026 2592 λέγω
1055 2517 1192 2593 ὑμῖν
1231 2518 1371 2591 μηδὲ
1403 2513 1755 2589 ἐπιθυμεῖν.”

152 2603 245 2657 καὶ
273 2596 597 2677 τό“ε’λέχθη
638 2617 753 2671 τοῖς
792 2600 1040 2676 ἀρχαίοις
1080 2600 1145 2661 οὗ
1185 2600 1506 2675 φονεύσεις,
1553 2599 1658 2672 ἐγω
1698 2600 1760 2656 δὲ

88 2710 129 2741 30
153 2688 294 2757 λέγω
340 2682 475 2759 ὑμῖν
524 2689 663 2762 μηδὲ
712 2682 1086 2763 ὀργίζεσθαι.”
1176 2689 1267 2744 καὶ
1317 2684 1378 2743 τὸ
1421 2681 1650 2758 “μηκέτι
1702 2687 1761 2742 ἐν

267 2882 292 2920 2
323 2882 461 2921 Deut.
486 2882 552 2931 18,
578 2883 630 2922 15
653 2884 698 2921 et
719 2881 820 2922 Act.
845 2883 886 2932 7,
909 2883 978 2923 37.
1152 2882 1205 2922 27
1235 2879 1400 2924 Matth.
1419 2881 1462 2933 5,
1484 2881 1552 2921 27.
