1992 3186
562 146 869 187 DEMONST.
899 145 1121 188 EVANG.
1148 146 1225 187 IV.
1259 146 1324 188 16.
1643 142 1747 195 259

138 259 388 334 κῶμενον
429 258 615 327 αὐτοῖς
655 258 896 333 Χριστὸν
950 256 1529 331 ἐπιβουλευθήσεσθαι
1582 251 1748 324 αὖθις

135 344 454 418 ὁμολογεῖν,
485 342 623 401 κατά
654 343 714 400 τὸ
746 342 926 415 παρὸν
954 342 1161 416 λόγιον,
1194 341 1415 416 φοὲσκον
1436 339 1749 417 “παρε’στη-

137 447 242 487 σαν
273 433 329 486 οἱ
354 436 602 501 βασιλεῖς
625 431 721 500 τῆς
754 431 853 500 γῆς
883 430 975 484 καὶ
1001 432 1057 485 οἱ
1087 426 1347 501 ἄρχοντες
1379 425 1745 500 συνήχθησαν
1770 453 1859 494 (183)

138 515 227 571 ἐπὶ
265 510 326 570 τὸ
371 512 504 570 αὐτὸ
536 512 674 569 κατὰ
713 515 810 569 τοῦ
851 517 1048 584 κυρίου
1090 515 1181 569 καὶ
1212 511 1348 568 κατὰ
1377 515 1474 569 τοῦ
1506 515 1751 584 Χριστοῦ

93 620 113 653 5
137 593 363 656 αῦτοῦ.”
434 593 568 670 ὅπερ
611 595 713 654 οὐκ
749 592 819 654 ἀν
861 601 1042 667 δοῖεν,
1088 594 1372 668 δυνάστην
1410 595 1534 653 τινὰ
1575 599 1749 669 μέγαν

135 683 228 738 καὶ
269 683 498 753 βασιλέα
543 679 773 738 αἰῶνιον
814 682 906 736 καὶ
948 679 1233 753 λυτρωτὴν
1274 683 1489 737 ἑαυτῶν
1521 686 1752 737 ἔσεσθαι

134 763 232 823 τὸν
260 762 460 837 ἥξοντα
490 763 732 839 Χριστὸν
762 767 1194 838 προσδοκῶντες.
1250 768 1298 820 5.
1334 770 1385 821 εἰ
1414 763 1518 838 γὰρ
1552 762 1621 836 δὴ
1653 763 1755 820 κά-

135 861 321 914 κεῖνος
368 848 553 906 ε’λθῶν
593 848 658 905 τὰ
690 846 850 919 ὅμοια
881 846 1056 904 πάθοι
1094 851 1172 923 τῷ
1204 847 1532 920 ἐληλυθότι,
1578 850 1670 904 καὶ
1701 855 1756 904 τί

133 931 208 1006 μὴ
238 935 449 1005 μᾶλλον
482 935 676 1008 ε’κείνςο
707 927 741 1004 ἢ
771 929 947 1008 τούτῳ
971 934 1296 988 πιστευτέον
1327 929 1360 1003 ἢ
1392 929 1751 1004 ἀπιστητέον;

71 1039 112 1070 10
138 1022 189 1074 εἰ
218 1017 280 1074 δὲ
316 1019 588 1074 ἐντεῦθεν
621 1014 1085 1082 ἀποκλεισθέντες
1119 1018 1207 1072 ε’πὶ
1231 1016 1328 1072 τὸν
1355 1018 1547 1088 Δαβὶδ
1572 1015 1607 1087 ἤ
1630 1041 1755 1074 τινα

132 1104 244 1158 τῶν
276 1104 327 1169 ἐξ
359 1099 533 1180 αῦτοῦ
561 1104 880 1173 γενομένων
910 1101 1188 1172 βασιλέων
1211 1104 1313 1156 τοῦ
1335 1099 1624 1158 Ἰουδαίων
1657 1107 1756 1158 ἔθ-
1782 1123 1803 1153 b

134 1209 267 1251 νους
318 1182 656 1258 ἀναφέροιεν
701 1182 799 1241 τὸν
840 1183 1117 1257 χρησμὸν,
1172 1186 1265 1240 καὶ
1307 1182 1453 1241 οὕτω
1509 1186 1756 1241 δεικτέον

134 1267 206 1335 ῶς
256 1266 383 1325 οὔτε
426 1271 616 1340 Δαβὶδ
657 1266 787 1325 οὔθ’
834 1266 1014 1341 ἕτερός
1063 1292 1143 1334 τις
1194 1271 1309 1325 τῶν
1351 1267 1574 1325 πῶποτε
1618 1266 1752 1341 παρ’

126 1350 399 1424 Ἑβραίοις
433 1357 725 1424 διαφανῶν
759 1351 1036 1425 ἱστόρηται
1078 1350 1206 1409 οὔθ’
1257 1352 1379 1419 υίὸς
1414 1360 1756 1425 χρηματίσας

69 1456 111 1489 15
133 1439 232 1492 τοῦ
262 1439 402 1493 θεοῦ
442 1433 570 1492 οὔθ’
607 1434 717 1494 ὑπὸ
747 1439 849 1493 τοῦ
887 1439 1029 1494 θεοῦ
1057 1438 1457 1509 γεγενημένος,
1491 1435 1628 1494 κατὰ
1659 1435 1756 1494 τὸν

135 1522 195 1576 ἐν
223 1525 299 1596 τῶ
331 1523 542 1595 Ψαλμςὸ
571 1517 991 1592 θεσπιζόμενον,
1023 1518 1150 1576 οὐδ’
1185 1518 1352 1593 ἄρξας
1387 1519 1616 1578 πάντων
1647 1525 1758 1577 τῶν

135 1607 321 1661 ἐθνῶν
351 1605 443 1659 καὶ
474 1605 777 1675 βασιλέων,
825 1602 1112 1676 ἀρχόντων
1151 1628 1210 1660 τε
1258 1606 1348 1661 καὶ
1386 1607 1538 1661 λαῶν
1572 1609 1759 1676 ἐπιβε-

131 1690 528 1759 βουλευμένος·
579 1693 628 1743 εἰ
658 1683 713 1743 δ’
746 1684 932 1753 οὐδεὶς
966 1690 1197 1744 ἐκείνων
1231 1693 1538 1759 δείκνυται,
1572 1687 1759 1754 αὐτοῖς

134 1767 186 1826 δ’
237 1777 414 1845 ἔργοις
460 1777 784 1828 συνίσταται
830 1774 1002 1827 ταῦτα
1043 1769 1259 1843 πάντα,
1302 1774 1397 1828 καὶ
1445 1771 1616 1828 πάλαι
1657 1773 1759 1844 μὲν

68 1873 109 1906 20
133 1850 463 1928 ὑπομείνας,
497 1857 588 1911 καὶ
621 1859 726 1912 νῦν
760 1855 821 1911 δὲ
852 1861 931 1911 ἔτι
963 1857 1051 1911 καὶ
1089 1855 1337 1928 σήμερον
1369 1854 1481 1912 ὑπό
1513 1881 1572 1913 τε
1605 1863 1758 1927 βασι·
1786 1895 1802 1916 0

131 1939 272 1995 λέων
303 1941 394 1995 καὶ
426 1937 711 2012 ἀρχόντων
744 1943 930 1996 ἐθνῶν
951 1963 1009 1996 τε
1039 1942 1131 1996 καὶ
1163 1943 1319 1997 λαῶν
1345 1939 1758 2013 πολεμούμενος

129 2018 157 2078 ὁ
190 2021 423 2096 Χριστὸς
464 2026 565 2079 τοῦ
602 2026 774 2095 θεοῦ,
817 2029 875 2079 τί
910 2021 968 2079 τό
1014 2021 1277 2096 ἐμποδῶν
1324 2023 1398 2097 μὴ
1431 2023 1557 2097 οὐχὶ
1589 2022 1759 2081 αὐτὸν

132 2105 272 2163 εἶναι
313 2104 408 2163 τὸν
450 2106 941 2179 προφητευόμενον
986 2108 1078 2164 διὰ
1108 2111 1210 2165 τοῦ
1252 2107 1535 2181 φήσαντος
1568 2115 1758 2180 λογίου

120 2187 511 2263 “παρέστησαν
562 2195 619 2246 oc
655 2197 902 2262 βασιλεῖς
945 2195 1039 2263 τῆς
1079 2198 1210 2264 γῆς,
1271 2195 1364 2248 καὶ
1405 2198 1462 2249 oc
1499 2190 1759 2265 ἄρχοντες

65 2289 106 2322 25
129 2272 495 2347 συνήχθησαν
537 2276 624 2330 ἐπὶ
665 2274 725 2331 τὸ
771 2272 906 2332 αὐτὸ
939 2275 1076 2332 κατά
1116 2278 1214 2332 τοῦ
1266 2283 1466 2350 κυρίου
1499 2279 1589 2333 καὶ
1622 2277 1758 2333 κατὰ

127 2362 225 2415 τοῦ
256 2362 496 2431 Χριστοῦ
529 2355 766 2415 αὐτοῦ”’
843 2357 993 2435 μόνῳ
1030 2360 1092 2416 δὲ
1137 2357 1298 2436 αὐτῷ
1330 2363 1422 2416 καὶ
1461 2359 1527 2416 τὰ
1565 2364 1754 2432 ἐπιφε-

130 2440 333 2514 ρόμενα
364 2441 623 2514 ἆρμόττοι
654 2437 723 2498 ἀν
752 2448 852 2500 τοῦ
891 2448 1123 2516 Ψαλμοῦ
1152 2443 1235 2500 δι’
1277 2436 1356 2500 ῶν
1381 2454 1593 2515 εἴρηται
1616 2442 1761 2499 “nv'-

130 2547 244 2594 ριος
277 2526 394 2582 εἷπε
424 2524 561 2599 πρός
592 2549 690 2599 με,
732 2524 852 2593 υίός
883 2551 990 2599 μου
1027 2527 1077 2583 εἶ
1107 2527 1176 2583 σύ
1207 2571 1222 2598 ,
1262 2527 1367 2598 ε’γῶ
1399 2526 1641 2599 σήμερον
1672 2550 1758 2598 γε-

129 2606 370 2678 γέννηκά
401 2627 476 2666 σε.
541 2618 759 2683 αἴτησαι
790 2610 918 2684 παρ’
961 2614 1119 2683 ἐμοῦ,
1178 2613 1271 2666 καὶ
1304 2609 1464 2666 δώσω
1497 2628 1583 2667 σοι
1615 2617 1758 2682 ἔθνη

65 2688 233 2762 εοτὴν
272 2698 642 2765 κληρονομίαν
693 2713 826 2766 σου,
876 2697 968 2750 καὶ
1008 2692 1108 2766 τὴν
1164 2692 1495 2766 κατάσχεσίν
1540 2711 1643 2750 σου
1692 2692 1758 2750 τά

129 2777 336 2846 πέρατα
365 2779 459 2847 τῆς
489 2776 644 2847 γῆς.”
695 2783 740 2834 6.
770 2780 860 2834 καὶ
886 2776 990 2851 γάρ
1016 2780 1106 2834 καὶ
1146 2781 1320 2834 ταῦτα
1344 2778 1759 2850 ἀναμφίλεκτον
1786 2809 1807 2840 ⁴1

131 2859 218 2914 ἐπὶ
249 2856 422 2930 μόνου
467 2855 638 2916 αὐτοῦ
679 2861 780 2933 τὴν
823 2867 1052 2933 ἔκβασιν
1107 2866 1204 2933 τῆς
1236 2869 1573 2935 προφητείας
1603 2861 1756 2919 ἀνεί-

1438 2956 1498 3006 17
