1992 3186
581 127 888 170 DEMONST.
919 126 1140 170 EVANG.
1163 130 1242 172 1v.
1278 131 1343 170 15.
1657 127 1761 181 255

148 242 509 320 ἀπῳκισμένα
547 247 642 316 τῆς
687 239 929 317 ἀρρήτου
978 250 1408 317 γενεσιουργίας.
1479 249 1565 301 53.
1624 245 1760 303 κατὰ

150 328 210 385 δὲ
250 327 316 384 τά
357 327 613 402 πρόσθεν
652 327 787 401 ἡμῖν
827 330 1136 401 νενοημένα
1176 330 1269 385 καὶ
1298 326 1431 385 τάδε
1467 327 1570 402 χρὴ
1600 353 1760 402 μετα-

148 410 483 485 λαμβάνειν,
516 431 702 485 ωσπερ
732 436 795 484 γε
825 409 933 468 ἀπὸ
963 411 1197 486 γαστρὸς
1225 417 1323 470 τοῦ
1352 416 1493 470 θεοῦ
1530 416 1623 470 καὶ
1654 411 1760 486 πρὸ

150 494 443 570 ἑωσφόρον
487 499 699 569 ἐλέγετο
743 499 1149 569 γεγεννῆσθαι,
1202 520 1474 570 τροπικως
1522 495 1761 555 ἀκουόν-

104 607 124 640 5
147 603 260 638 των
288 577 446 653 ἡμων
475 606 541 638 τα
571 584 824 652 τοιαῦτα,
857 581 949 636 καὶ
973 604 1109 637 κατα
1132 578 1310 654 μόνην
1332 580 1435 654 τὴν
1459 585 1520 639 ἐν
1542 594 1758 655 νοητοῖς

146 671 397 739 θεωρίαν
437 662 496 722 τὸ
536 663 925 740 παραπλήσιον
963 661 1336 737 ἀποδέχεσθαι
1376 664 1496 739 χρή.
1566 669 1658 723 καὶ
1699 668 1758 722 ἐν

144 751 221 825 τῷ
255 745 614 822 “ε’ξηρεύξατο
652 748 686 821 ἡ
730 754 932 822 καρδία
971 772 1079 821 μου
1118 747 1282 820 λόγον
1323 747 1578 822 ἀγαθόν”
1619 748 1756 808 κατὰ
1775 770 1864 811 (180)

145 831 324 906 μόνην
354 831 610 891 διάνοιαν
638 836 737 890 τοῦ
764 838 928 890 θείου
957 830 1269 904 πνεύματος
1300 837 1392 891 καὶ
1415 837 1587 892 ταῦτα
1613 838 1758 903 διεξ-

145 915 352 989 ιόντος,
411 914 502 990 ἐφ’
544 914 627 983 οἷς
679 919 771 974 καὶ
811 919 922 974 νῦν
960 918 1095 990 ἡμῖν
1146 919 1329 988 λέγειν
1377 917 1644 992 προσήκει
1694 917 1755 975 τὸ

82 1030 122 1062 10
146 999 392 1074 σύνηθες
435 997 527 1073 ἐφ’
575 999 810 1058 ἑκάστου
849 1003 961 1057 τῶν
1000 1002 1129 1072 περὶ
1170 998 1341 1058 αὐτοῦ
1389 1005 1756 1076 θεολογουμέ-

143 1108 260 1142 νων
289 1088 382 1142 καὶ
413 1083 639 1157 εὐσεβὲς
671 1088 849 1143 ἐκεῖνο
889 1088 1038 1158 ῥῆμα
1070 1081 1211 1158 “τὴν
1241 1083 1443 1158 γενεάν
1473 1083 1643 1144 αὐτοῦ
1673 1093 1756 1154 τίς

147 1167 535 1242 διηγήσεται;”
583 1167 688 1227 κᾶν
727 1179 962 1241 θνηταῖς
1001 1170 1095 1226 καὶ
1125 1165 1511 1244 ἀνθρωπίναις
1542 1184 1757 1243 φωναῖς

145 1253 407 1327 συνήθως
449 1252 583 1327 ἡμῖν
624 1257 685 1310 αἱ
732 1264 887 1311 θεῖαι
935 1254 1147 1328 γραφαὶ
1197 1256 1289 1310 καὶ
1336 1253 1397 1311 τὸ
1443 1258 1756 1327 γεννᾶσθαι

146 1339 473 1410 έπιλέγωσιν
511 1340 603 1395 καὶ
643 1337 703 1438 τὸ
741 1336 974 1412 γαστρὸς
1014 1335 1188 1410 ὄνομα
1227 1339 1752 1412 παραλαμβάνωσιν.

81 1448 122 1480 15
144 1424 228 1478 54.
275 1425 449 1478 ταῦτα
477 1419 582 1495 γάρ
613 1419 784 1494 μόνης
816 1427 993 1495 ἔχεται
1021 1424 1118 1493 τῆς
1149 1421 1288 1479 κατὰ
1328 1421 1583 1481 διάνοιαν
1610 1433 1755 1480 θεω-

145 1510 297 1578 ρίας,
323 1502 449 1562 ουδ’
483 1503 663 1571 ἄλλως
686 1530 720 1577 η
743 1503 930 1578 νόμοις
953 1502 1283 1578 ἀλληγορίας
1305 1504 1754 1581 ὑποβεβλημένα,

146 1607 331 1691 ωσπερ
371 1614 474 1646 ουν
503 1591 597 1646 καὶ
625 1587 686 1646 τὸ
718 1585 1081 1663 “ε’ξηρεύξατο
1122 1584 1156 1660 ἡ
1197 1594 1399 1663 καρδία
1438 1615 1547 1663 μου
1588 1591 1754 1663 λόγον

142 1670 399 1745 ἀγαθόν”
432 1676 559 1747 περὶ
598 1676 694 1745 τῆς
723 1676 824 1730 τοῦ
862 1672 1087 1747 πρώτου
1125 1670 1293 1745 λόγου
1334 1673 1652 1741 συστάσεως
1692 1697 1751 1732 τε
1774 1703 1795 1735 b

142 1758 235 1813 καὶ
275 1755 590 1823 οὐσιτόσεως
639 1754 709 1814 ἂν
759 1763 900 1859 φαίη
947 1781 1030 1823 τις
1079 1759 1388 1831 εἰρημένον,
1443 1761 1562 1815 ἐπεὶ
1612 1757 1745 1832 μηδ’

78 1869 119 1902 20
142 1838 322 1908 ἄλλως
362 1846 621 1913 καρδίαν
643 1865 782 1898 κατα
819 1841 923 1914 τὴν
962 1837 1098 1914 παρ’
1140 1839 1276 1913 ἡμῖν
1316 1844 1628 1915 νοουμένην
1659 1845 1751 1900 καὶ

143 1927 232 1982 ε’πὶ
261 1928 362 1983 τοῦ
390 1929 502 1982 τῶν
531 1922 678 1982 ολων
716 1928 858 1983 θεοῦ
895 1922 1127 1999 θεμιτὸν
1168 1924 1550 1998 ἐκλαμβάνειν.
1611 1923 1751 1983 ἀλλὰ

138 2033 246 2083 γαρ
276 2007 305 2066 ὃ
335 2011 439 2082 μέν
467 2033 547 2076 τις
577 2012 774 2067 τοῦτον
806 2009 948 2067 εἶναι
974 2033 1071 2067 τον
1096 2011 1156 2067 ἐν
1179 2005 1322 2083 ἀρχῇ
1340 2009 1476 2084 πρὸς
1498 2007 1594 2068 τὸν
1613 2008 1751 2068 θεὸν

140 2091 307 2166 λόγον
336 2092 512 2167 φήσαι
543 2090 613 2151 ἂν
642 2092 738 2151 τὸν
776 2098 986 2170 Ψαλμῷ
1021 2090 1384 2166 δηλούμενον,
1408 2092 1574 2167 λόγον
1605 2092 1752 2152 εἰκό-

139 2201 246 2244 τως
286 2176 682 2251 ὠνομασμένον
726 2175 964 2251 ἀγαθὸν,
1022 2202 1095 2243 ως
1145 2172 1216 2234 ἀν
1265 2180 1366 2234 τοῦ
1416 2177 1749 2251 παναγάθου

78 2287 119 2321 25
142 2260 348 2334 πατρὸς
388 2260 527 2319 ὅντα
564 2264 825 2335 γέννημα.
897 2266 981 2320 55.
1039 2260 1197 2334 ἡμεῖς
1237 2264 1298 2318 δὲ
1346 2266 1525 2338 μικρῷ
1573 2265 1634 2320 ἐν
1673 2267 1748 2338 τῷ

148 2351 359 2422 Ψαλμῷ
390 2344 761 2420 προελθόντες
789 2344 886 2404 τὸν
915 2343 1426 2419 προφητευόμενον,
1468 2343 1639 2403 αὐτὸν
1680 2344 1748 2417 δὴ

140 2435 338 2487 τοῦτον
367 2428 464 2487 τὸν
493 2427 778 2502 ἀγαπητὸν
807 2434 906 2488 τοῦ
935 2433 1105 2501 θεοῦ,
1137 2439 1430 2502 κεχρῖσθαι
1460 2428 1629 2486 πάλιν
1648 2427 1749 2501 οὐχ

144 2503 255 2570 ὦδε
286 2512 471 2588 ὥσπερ
501 2510 610 2572 ὑπὸ
641 2515 923 2585 Μωσέως,
955 2511 1077 2571 οὐδ’
1115 2511 1188 2579 ὦς
1218 2509 1329 2569 ὑπό
1357 2536 1505 2578 τινος
1542 2517 1656 2570 τῶν
1688 2515 1748 2569 ἐν

141 2594 493 2670 ἀνθρώποις,
533 2595 656 2654 ἀλλ’
699 2594 797 2654 ὑπ’
846 2597 1020 2656 αὐτοῦ
1055 2599 1155 2654 τοῦ
1193 2594 1478 2653 ἀνωτάτου
1523 2599 1615 2653 καὶ
1658 2599 1786 2654 ἐπὶο

78 2708 119 2740 30
143 2678 369 2737 πάντων
397 2686 536 2737 θεοῦ
566 2705 624 2738 τε
655 2684 746 2739 καὶ
777 2680 980 2755 πατρὸς
1011 2680 1185 2738 αὐτοῦ
1213 2677 1535 2752 εὑρήσομεν.
1599 2681 1746 2752 λέγει

144 2761 197 2819 δ’
245 2755 348 2820 οὗν
387 2766 508 2835 ἑξῆς
547 2764 758 2837 προϊών
791 2761 922 2822 “dade
959 2767 1119 2822 τοῦτο
1160 2764 1347 2835 ἕχρισέ
1383 2785 1446 2820 σε
1484 2759 1513 2820 ὁ
1544 2762 1676 2830 θεὸς
1715 2763 1743 2820 ὁ

141 2845 273 2914 θεός
314 2864 417 2904 σου
457 2853 643 2905 ἔλαιον
688 2845 1061 2920 ἀγαλλιάσεως
1109 2844 1258 2920 παρὰ
1304 2845 1433 2914 τούς
1483 2846 1745 2920 μετόχους
