1992 3186
255 143 360 194 428
952 141 1198 182 EUSEBH

257 266 596 327 θεσπίζουσα
628 254 828 321 αὐτοὺς
857 257 960 328 μὲν
989 255 1117 322 τοὺς
1148 255 1265 313 κατ’
1305 259 1480 314 ἐκεῖνο
1511 259 1708 326 καιροῦ
1737 252 1866 315 'Iov-

260 349 451 409 δαίους
491 365 549 398 τε
590 343 682 397 καὶ
723 338 1107 412 ἀλλοφύλους,
1139 339 1274 397 κατὰ
1304 344 1402 398 τοῦ
1433 344 1570 398 λαοῦ
1598 345 1697 398 τοῦ
1727 344 1868 399 θεοῦ

263 426 439 494 δεξιὰς
471 423 725 497 ἀλλήλοις
759 423 1089 496 δεδωκότας,
1121 421 1319 482 αὐτίκα
1349 424 1493 498 μάλα
1527 425 1862 499 διαλυθήσε-

257 522 392 567 σθαι
431 511 523 565 καὶ
567 505 953 582 ἀποχωρήσειν
992 513 1091 565 τοῦ
1131 511 1373 582 πολέμου
1427 517 1588 581 φησί·
1649 509 1752 583 τήν
1803 535 1865 583 γε

255 593 365 666 μὴν
404 601 694 666 βασιλείαν
735 591 921 650 αὐτῶν
963 595 1054 650 καὶ
1095 592 1198 664 τὴν
1230 593 1496 667 διαδοχὴν
1527 600 1604 660 εἰς
1634 592 1694 650 τὸ
1724 618 1865 651 παν-
1889 619 1910 651 5

255 678 406 744 τελὲς
437 675 932 749 καταλυθήσεσθαι
963 680 1054 734 καὶ
1088 674 1623 749 ἆποσβεσθήσεσθαι
1655 681 1743 735 ἐπὶ
1773 682 1867 750 τῆς

256 769 354 819 τοῦ
414 765 906 836 προφητευομένου
965 758 1097 834 μεθ’
1168 761 1327 833 ἡμῶν
1385 765 1526 819 θεοῦ
1583 765 1866 834 γενέσεως.

217 882 232 903 c
255 851 338 903 44.
389 851 687 918 ἐπίστησον
717 854 910 904 τοίνυν
941 845 1071 903 πότε
1111 844 1143 918 ἡ
1176 851 1568 919 Δαμασκηνῶν
1597 845 1736 919 ὁμοῦ
1776 850 1869 904 καὶ

250 930 536 989 Ἰουδαίων
567 929 849 1002 κατελύθη
882 937 1163 1003 βασιλεία,
1206 932 1298 987 καὶ
1340 930 1476 987 κατὰ
1516 938 1709 997 ποίους
1740 930 1871 1005 χρό-

257 1039 388 1082 νους
434 1022 775 1087 κατελείφθη
815 1013 848 1086 ἡ
889 1019 958 1087 γῆ
1009 1020 1122 1071 τῶν
1162 1011 1446 1072 Ἰουδαίων
1485 1014 1867 1087 ἀβασίλευτος,
1892 1042 1932 1073 10

258 1102 349 1156 καὶ
394 1097 534 1171 αὐτή
576 1123 642 1173 γε
681 1098 715 1171 ἡ
758 1101 893 1172 πρὶν
932 1098 1107 1156 πολλὰ
1153 1102 1435 1171 δυναμένη
1477 1103 1869 1172 Δαμασκηνῶν

258 1182 436 1257 χώρα,
476 1184 686 1283 μεγάλῃ
727 1186 868 1257 χειρὶ
906 1182 966 1240 τὸ
1013 1181 1252 1239 παλαιὸν
1282 1186 1376 1254 τῆς
1409 1190 1622 1256 Συρίας
1654 1180 1868 1256 ἁπάσης

258 1266 648 1338 βασιλευουσα
723 1272 807 1324 45.
867 1270 954 1324 ἐπι
986 1292 1090 1340 γαρ
1121 1292 1217 1338 της
1247 1266 1460 1323 τούτων
1491 1271 1868 1340 καθαιρέσεως

257 1352 353 1409 τὸν
387 1349 732 1425 Ἐμμανουηλ
777 1374 995 1417 παντως
1035 1374 1144 1408 που
1194 1350 1652 1423 γεννηθήσεσθαι
1675 1351 1868 1451 nua'ndg,

212 1459 234 1490 d
259 1440 351 1492 καὶ
382 1436 478 1493 τὸν
509 1435 1001 1510 προφητευόμενον
1033 1439 1381 1509 ἐληλυθέναι.
1431 1456 1480 1493 ει·
1503 1460 1606 1508 μεν
1631 1429 1733 1493 οὗν
1755 1461 1868 1493 των
1891 1461 1932 1493 15

259 1523 619 1593 δηλουμένων
659 1526 843 1594 παρῆν
887 1519 1026 1593 ὁρᾶν
1056 1519 1408 1619 συνεστώσας
1437 1545 1533 1586 τας
1563 1527 1866 1592 βασιλείας,

257 1603 426 1662 οὐδε-ν
457 1610 597 1678 χρῆν
628 1607 931 1679 περαιτέρω
964 1612 1172 1677 ζητειν,
1218 1603 1390 1677 μόνον
1430 1605 1491 1661 δε
1533 1629 1610 1661 ετι
1641 1607 1733 1662 καὶ
1763 1609 1870 1662 νῦν

145 1714 231 1756 [197]
260 1697 337 1755 εις
389 1692 658 1761 μέλλοντα
712 1687 911 1762 χρόνον
965 1686 1211 1763 αναρτᾶν
1251 1714 1346 1754 τας
1394 1693 1643 1755 ε’λπιυδας
1714 1696 1764 1746 εί
1809 1691 1868 1746 ὁε

258 1780 401 1850 ἔργω
453 1771 742 1846 προφανὴς
789 1798 821 1844 η
867 1781 1191 1846 καθαίρεσις
1244 1798 1356 1830 των
1407 1776 1742 1845 εἰρημένων,
1796 1797 1868 1838 ως

255 1859 393 1958 μήτε
438 1860 496 1913 έν
547 1862 831 1932 Δαμασκω
876 1857 1013 1930 μήτε
1059 1862 1119 1914 ἐν
1161 1861 1228 1928 τῇ
1269 1853 1508 1914 Ιουδαία
1548 1854 1681 1913 καθ’
1727 1882 1866 1929 ημας
1890 1880 1932 1912 20

258 1940 457 2008 αὐτους
488 1949 794 2014 φαίνεσθαι
819 1944 1067 2011 βασιλέα,
1093 1939 1373 2013 προδηλον
1399 1964 1471 2006 ως
1495 1943 1683 2006 τέλους
1710 1947 1868 2014 ἔτυχε

257 2026 316 2081 τὸ
359 2024 547 2096 λόγιον
592 2043 778 2096 φησαν
833 2020 945 2080 καὶ
998 2023 1499 2126 καταλειφθήσεται
1551 2022 1585 2096 ἡ
1637 2030 1708 2097 γῆ
1761 2022 1867 2082 απὸ

257 2107 558 2181 προσώπου
581 2132 692 2164 των
720 2106 821 2163 δύο
842 2111 1135 2179 βασιλέων,
1170 2133 1247 2165 ων
1271 2128 1340 2164 συ
1365 2112 1533 2182 φοβῇ,
1559 2106 1667 2165 απὸ
1695 2128 1868 2181 προσ-

259 2192 414 2249 ώπου
464 2188 706 2263 αυτων,”
748 2215 861 2248 των
914 2195 1189 2262 βασιλέων
1240 2189 1363 2249 αντὶ
1403 2217 1515 2249 των
1571 2195 1867 2263 βασιλειων

158 2301 210 2332 31
212 2302 233 2341 ο)
261 2275 685 2349 ωνομασμεμνων
774 2280 857 2332 443
920 2275 949 2332 ὁ
980 2300 1117 2347 γουν
1149 2274 1449 2349 Σύμμαχος
1473 2296 1646 2347 φησιν
1667 2275 1863 2348 “ἐγκα-
1889 2300 1930 2332 25

257 2359 690 2458 ταλειφθησεται
730 2384 762 2431 η
794 2363 882 2434 γη,
915 2357 1016 2431 αφ’
1050 2361 1112 2431 ἡς
1144 2380 1213 2416 συ
1246 2365 1522 2431 ἐγκακεῐς,
1555 2358 1662 2416 ἀπὸ
1693 2381 1868 2431 προσ-

259 2444 412 2501 ω’που
464 2449 576 2500 τῶν
631 2444 733 2501 δύο
784 2447 1059 2516 βασιλέων
1113 2441 1297 2515 αὐτῆς.
1315 2441 1342 2461 ”
1417 2446 1508 2499 καὶ
1561 2439 1590 2499 ὁ
1637 2441 1866 2508 Ἀκύλας

250 2525 858 2627 ((ἐγκαταλειφθησεται
899 2527 931 2600 ἡ
965 2525 1149 2600 χθων,
1191 2523 1262 2599 ἣν
1292 2526 1361 2584 συ
1394 2534 1721 2600 σικχαίνεις,
1758 2526 1865 2584 ἀπὸ

259 2611 558 2684 προσώπου
610 2637 721 2669 των
774 2611 875 2669 δύο
927 2615 1202 2683 βασιλέων
1254 2609 1477 2683 αυτης”
1568 2617 1650 2668 47.
1714 2610 1864 2668 καὶὸ

261 2702 576 2752 Θεοδοτίων
610 2698 668 2752 δε
699 2700 896 2754 τοῦτον
914 2694 1239 2797 ἡρμήνευσε
1270 2695 1366 2752 τὸν
1409 2694 1615 2768 τρόπον
1665 2691 1928 2767 “ε’γκα-30

259 2778 688 2851 ταλειφθήσεται
720 2777 753 2851 ἡ
785 2784 874 2852 γῆ,
905 2805 976 2852 ην
1001 2801 1072 2836 συ
1095 2778 1400 2854 βδελύσσῃ,
1433 2777 1540 2835 ἀπὸ
1565 2797 1864 2851 προσωπου

260 2866 369 2919 τῶν
425 2862 524 2918 δύο
576 2867 851 2935 βασιλέων
904 2863 1087 2936 αυτῆς.
1098 2861 1125 2882 ”
1218 2871 1301 2920 48.
1374 2862 1506 2938 ὁρας
1558 2885 1705 2929 οπως
1763 2861 1864 2933 τὴν
