1992 3186
482 126 490 130 ’
580 129 888 171 DEMONST.
918 129 1140 171 EVANG.
1173 131 1226 171 V.
1261 132 1326 171 11.
1643 129 1747 181 329

138 243 284 313 εἶδος
302 248 462 317 θεοῦ,
489 247 758 317 ἐπιλέγων
779 241 972 302 “εἷδον
994 243 1098 319 γὰρ
1121 242 1261 302 θεὸν
1283 243 1584 319 πρόσωπον
1613 245 1748 318 πρὸς

136 326 494 404 πρόσωπον.”
566 326 706 385 ἀλλὰ
745 331 837 385 καὶ
876 333 952 406 τῷ
996 337 1201 386 Μωσεῑ·
1238 327 1317 385 ὅτ’
1364 327 1593 401 ἅγγελος
1634 333 1747 387 ἐπι-

136 419 423 487 φαίνεται,
453 411 600 470 τοῦτ’
639 410 771 470 αὐτὸ
804 415 895 469 καὶ
924 411 958 485 ἡ
990 420 1122 470 θεία
1151 413 1338 486 γραφὴ
1376 419 1632 486 σημαίνει
1663 416 1746 471 λέ-
1771 437 1858 479 (238)

134 516 311 571 γουσα
333 495 543 570 “ὠ’φθη
571 498 631 554 δὲ
656 495 885 569 ἅγγελος
910 502 1108 571 κυρίου
1133 495 1282 574 αὐτῷ
1301 501 1362 555 έν
1384 500 1550 570 φλογὶ
1573 497 1747 572 πυρὸς

92 605 113 638 5
135 579 368 656 βάτου.”
429 580 519 639 ὅτε
552 582 614 638 δὲ
643 581 740 638 τὸν
771 583 1079 654 αὐθέντην,
1112 579 1284 638 αὐτὸν
1316 582 1384 654 δὴ
1414 580 1512 639 τόν
1542 606 1747 655 χρημα-

133 673 378 738 τίζοντα,
412 671 600 738 δηλοῖ,
642 665 781 723 θεὸν
810 668 901 722 καὶ
934 664 1158 739 κύριον,
1200 663 1339 722 ἀλλὰ
1370 664 1552 724 οὐκέτι
1583 663 1749 739 ἅγγε-

136 759 236 809 λον
264 749 531 823 ὀνομάζει.
592 755 639 806 6.
671 748 872 823 ὁμοίως
903 752 994 806 καὶ
1021 752 1109 806 ἐπὶ
1131 752 1227 822 τῆς
1260 753 1502 825 ἐρυθρᾶς
1532 750 1749 807 θαλασ-

136 853 235 907 σης
267 840 491 908 διορίζει
522 837 715 907 σαφῶς
754 833 854 890 τὸν
890 830 1128 905 ἄγγελον
1167 835 1259 890 καὶ
1300 833 1403 935 τὸνε
1438 833 1633 907 κύριον
1664 831 1743 891 δι’

136 942 217 976 ων
245 936 420 992 φησιν
441 917 638 990 “έξῆρε
670 917 732 974 δὲ
762 916 790 973 ὁ
822 915 1051 989 ἅγγελος
1080 923 1178 974 τοῦ
1208 922 1350 974 θεοῦ
1379 914 1408 975 ὁ
1440 941 1746 993 προπορευ-

70 1026 112 1058 10
133 1001 330 1076 όμενος
373 1005 469 1074 τῆς
510 1004 862 1102 παρεμβολῆς
903 1006 1016 1058 τῶν
1045 1004 1188 1058 υίῶν
1214 998 1460 1075 Ἰσραὴλ,
1501 1004 1594 1059 καὶ
1626 1005 1747 1060 ε’πο-

135 1086 316 1162 ρεύθη
349 1088 408 1142 ἐκ
437 1089 550 1143 τῶν
577 1083 816 1143 όπισθεν
846 1081 1047 1142 αὐτῶν.
1111 1088 1267 1158 ἐξῆρε
1292 1087 1355 1143 δὲ
1377 1082 1516 1143 καὶ
1492 1110 1520 1142 o
1552 1089 1748 1152 στῦλος

133 1177 231 1244 τῆς
259 1171 499 1243 νεφέλης
528 1167 636 1227 ἀπὸ
667 1167 971 1244 προσώπου
1002 1167 1241 1227 αὐτῶν.”

264 1260 310 1312 7.
338 1252 553 1328 ἻΩσπερ
609 1255 670 1311 δὲ
724 1256 813 1311 ε’πὶ
863 1257 976 1310 τῶν
1014 1255 1300 1328 προτέρων
1339 1257 1400 1313 έν
1441 1250 1748 1327 ἀνθρώπου

137 1336 371 1412 σχήματι
399 1352 513 1405 τοῖς
545 1346 798 1405 παλαιοῖς
828 1334 856 1394 ὅ
887 1336 1077 1412 κύριος
1108 1344 1452 1413 χρηματίζων
1483 1344 1747 1412 εἰσῆκται,
1772 1360 1793 1392 b

71 1445 111 1476 15
137 1420 282 1479 οὕτω
313 1424 405 1478 καὶ
438 1425 684 1479 ἐνταῦθα
727 1420 818 1478 διὰ
846 1424 1098 1494 νεφέλης.
1169 1427 1416 1480 λέλεκται
1458 1426 1598 1495 γοῦν
1628 1426 1749 1496 ἑξῆς

126 1502 408 1579 “ε’γενήθη
441 1507 502 1563 δὲ
533 1509 594 1563 έν
623 1508 693 1579 τῇ
722 1510 946 1578 φυλακῇ
975 1509 1043 1580 τῇ
1083 1508 1322 1582 ἕωθινῇ,
1353 1509 1446 1563 καὶ
1480 1510 1749 1578 έπέβλεψε

135 1589 325 1664 κύριος
357 1597 434 1656 εἰς
462 1589 566 1662 τὴν
595 1587 952 1663 παρεμβολὴν
980 1592 1093 1646 τῶν
1123 1595 1453 1662 Αἰγυπτίων
1475 1593 1538 1647 έν
1566 1588 1748 1667 στύλω

135 1672 310 1747 πυρὸς
332 1676 424 1731 καὶ
448 1670 744 1746 νεφέλης,”
780 1673 855 1730 δι’
889 1670 1018 1746 ὅλης
1045 1674 1106 1730 δὲ
1127 1676 1224 1745 τῆς
1249 1671 1456 1748 ἐρήμου
1481 1677 1542 1731 ἐν
1564 1672 1748 1750 στύλῳ

138 1756 230 1815 διὰ
269 1761 364 1830 τῆς
407 1760 644 1830 νεφέλης
684 1756 713 1814 ὁ
754 1757 887 1823 θεὸς
927 1760 1006 1834 τῷ
1035 1766 1237 1815 Μωσεῑ
1274 1764 1634 1831 χρηματίζων.
1697 1763 1744 1817 8.

74 1864 115 1896 20
137 1838 381 1914 ἀκριβῶς
410 1840 518 1916 ἄρα
554 1839 645 1899 ὅτε
674 1842 776 1913 μὲν
805 1840 1043 1913 ἀγγέλου
1073 1839 1248 1914 φύσιν
1287 1840 1316 1899 ὃ
1348 1840 1506 1914 λόγος
1541 1848 1748 1915 δηλοῦν
1772 1864 1860 1906 [1501

139 1924 424 1998 βούλεται,
466 1924 600 1983 οὐδὲ
636 1923 776 1983 θεὸν
813 1922 945 1982 οὐδὲ
975 1923 1198 1998 κύριον,
1244 1919 1369 1982 ἀλλ’
1412 1923 1748 1983 ἆνεπικαλύ-

139 2031 286 2076 πτως
317 2008 553 2083 ἄγγελον
591 2007 870 2083 ὀνομάζει,
901 2007 991 2067 ὅτε
1023 2010 1085 2067 δὲ
1115 2008 1310 2083 κύριον
1340 2012 1432 2067 καὶ
1461 2009 1600 2068 θεὸν
1630 2011 1748 2068 οἶδε

137 2091 235 2151 τὸν
266 2092 724 2167 ἐπιφαινόμενον,
765 2092 991 2159 ταύταις
1032 2092 1224 2160 αὐταῖς
1263 2099 1454 2167 σαφῶς
1493 2097 1749 2169 κέχρηται
1774 2127 1790 2148 0

139 2191 258 2244 ταῖς
279 2177 620 2252 προσρήσεσι
635 2195 645 2204 ·
671 2177 867 2253 κύριον
887 2178 948 2235 δὲ
971 2180 1063 2235 καὶ
1085 2176 1224 2236 θεὸν
1244 2177 1327 2236 ὅτι
1355 2176 1429 2252 μὴ
1453 2178 1550 2236 τὸν
1573 2189 1750 2237 αἴτιον

75 2283 117 2316 25
141 2267 303 2334 δηλοῖ
329 2265 631 2336 προφανῶς
662 2259 957 2329 ἀπέδειξαν
995 2267 1090 2334 τῆς
1119 2268 1282 2329 θείας
1321 2267 1540 2336 γραφῆς
1571 2268 1631 2320 αἱ
1658 2265 1748 2320 λέ-

137 2348 244 2413 ξεις
275 2344 513 2419 ἄγγελον
549 2349 690 2404 θεοῦ
730 2350 1130 2420 προσειποῦσαι
1168 2346 1266 2404 τὸν
1300 2349 1387 2403 ἐπὶ
1428 2351 1530 2404 τοῦ
1552 2346 1748 2418 Ἰακώβ

138 2428 334 2502 κύριον
376 2433 469 2487 καὶ
509 2429 648 2489 θεὸν
687 2432 1208 2504 προωνομασμένον.
1291 2435 1338 2487 9.
1383 2436 1629 2487 λείπεταί
1664 2453 1748 2496 τις

138 2509 245 2585 ἄρα
276 2537 354 2570 ων
386 2516 446 2571 ἐν
474 2529 588 2580 τοῖς
618 2507 743 2571 οῦσι
783 2509 916 2580 θεος
946 2517 1039 2571 καὶ
1078 2512 1266 2588 κύριος
1310 2513 1446 2586 μετὰ
1475 2512 1573 2571 τόν
1602 2535 1748 2586 παμ-

141 2598 371 2666 βασιλέα
421 2601 513 2655 καὶ
562 2596 701 2656 θεὸν
751 2604 864 2655 τῶν
914 2597 1074 2655 όλων.
1168 2607 1252 2669 εἴη
1307 2594 1360 2653 δ’
1405 2594 1476 2653 ὂέν
1517 2588 1676 2663 οῦτος
1718 2621 1746 2653 ο

78 2701 119 2734 30
142 2677 248 2752 πρὸ
299 2678 520 2738 αἰώνων
569 2688 668 2739 τοῦ
719 2688 860 2740 θεοῦ
922 2680 1107 2754 λόγος,
1170 2679 1199 2737 ὁ
1253 2686 1518 2754 κρείττων
1565 2705 1667 2754 μεν
1712 2704 1747 2752 η

255 2874 279 2912 9
311 2873 393 2911 Ex
422 2875 486 2923 14,
514 2875 578 2913 19.
