1992 3186
231 131 336 182 214
914 135 1162 177 EUSEBH

134 271 198 313 [95]
227 246 411 321 όντος,
463 247 633 307 οὐδὲν
671 274 774 322 μεν
814 251 1120 324 προσφερες
1166 249 1313 326 αὐτῷ
1354 250 1480 310 οὐδ’
1523 260 1730 311 οἰκεῖον
1770 251 1840 311 ἂν

226 336 440 406 γένοιτο
472 333 849 406 παράδειγμα,
883 332 1029 406 πλὴν
1057 333 1190 391 όσον
1221 335 1352 392 αὐτὸ
1388 341 1548 394 τοῦτο
1579 337 1778 410 μόνον,
1810 335 1842 395 ὃ

229 418 297 491 δὴ
330 420 420 475 καὶ
453 417 626 489 φάναι
657 419 782 488 περὶ
808 421 935 474 υἱοῦ
957 415 1077 475 οἷόν
1101 435 1184 475 τε
1231 417 1567 518 ἀπαύγασμα
1590 421 1695 494 γάρ
1729 426 1841 479 ἐστι

225 501 408 575 φωτὸς
439 499 643 573 ἀιδίου,
678 504 770 558 καὶ
796 508 1075 605 ἔσοπτρον
1087 501 1431 575 ἀκηλίὸωτον
1456 509 1548 576 τῆς
1572 510 1671 563 τοῦ
1699 509 1842 564 θεοῦ

228 589 538 659 ἐνεργείας,
580 587 672 642 καὶ
715 585 879 643 εἰκὼν
922 590 1017 658 τῆς
1049 585 1389 660 ἀγαθότητος
1421 585 1605 646 αὐτοῦ.
1667 594 1715 646 4,
1754 590 1883 647 διό5

225 666 554 742 εἰ’ρηται“ὂς
597 666 675 726 ὧν
714 668 1052 743 ἀπαύγασμα
1092 676 1189 743 τῆς
1231 671 1390 779 δόξης
1431 674 1522 728 καὶ
1564 672 1842 748 χαρακτὴρ

223 757 319 825 τῆς
349 751 702 820 ὑποστάσεως
727 753 916 812 αὐτοῦ.
926 753 956 774 ”
1013 752 1150 811 ἄλλα
1175 760 1274 812 τοῦ
1298 757 1401 828 μὲν
1433 760 1707 829 αἰσθητοῦ
1728 781 1842 830 φω-

222 837 313 903 τὸς
343 835 642 911 άχώριστος
673 835 706 911 ἡ
741 837 966 911 αὐγὴ,
944 863 971 895 ο
1007 838 1057 896 δ’
1094 837 1214 907 υίὸς
1247 845 1402 907 ἰδίως
1434 841 1582 913 παρὰ
1611 840 1708 898 τὸν
1740 865 1842 898 πα-

222 924 352 994 τέρα
385 920 514 980 καθ’
552 922 751 980 ἑαυτὸν
781 923 1081 996 ὑφέστηκε·
1145 926 1237 980 καὶ
1268 923 1450 996 φωτὸς
1491 926 1592 998 μὲν
1628 922 1662 996 ἡ
1697 923 1840 998 αὐγὴ

179 1030 200 1062 d
222 1006 410 1080 χώραν
453 1011 731 1080 ἐνεργείας
773 1010 982 1080 ἐπέχει,
1024 1007 1052 1065 6
1088 1009 1147 1065 δὲ
1189 1009 1307 1073 υίὸς
1340 1008 1527 1083 ἕτερόν
1556 1033 1608 1066 τι
1637 1006 1670 1082 ἢ
1705 1007 1839 1066 κατὰ
1867 1034 1906 1065 10

225 1094 508 1194 ἐνέργειαν
539 1091 826 1165 τυγχάνει,
859 1091 992 1149 καθ’
1031 1090 1231 1149 ἑαυτὸν
1262 1091 1617 1166 οὐσιωμένος.
1673 1098 1722 1150 5,
1750 1096 1844 1150 καὶ

222 1174 391 1232 πάλιν
422 1175 454 1248 ἡ
487 1200 590 1248 μεν
621 1175 766 1248 αὐγὴ
812 1175 1157 1250 συνυπάρχει
1188 1183 1263 1253 τῷ
1295 1179 1467 1250 φωτὶ,
1510 1186 1842 1251 συμπληρω-

222 1259 346 1332 τική
376 1284 455 1326 τις
497 1261 637 1317 οὐσα
679 1258 880 1318 αυτοῦ·
939 1259 1099 1334 (άνευ
1131 1260 1233 1334 γὰρ
1267 1258 1439 1334 αυγῆς
1471 1258 1576 1317 οὐκ
1607 1257 1677 1318 ἂν
1706 1258 1842 1318 ὑπο-

223 1351 384 1417 σταίη
416 1344 588 1417 φῶς)
635 1341 776 1417 ὁμοῦ
818 1369 876 1402 τε
919 1348 1010 1401 καὶ
1054 1344 1184 1402 καθ’
1224 1342 1356 1402 αὐτὸ
1390 1349 1840 1417 συνυφέστηκεν·

223 1425 251 1485 6
287 1430 346 1485 δε
371 1429 573 1527 πατὴρ.
612 1428 956 1503 προϋπάρχει
997 1434 1094 1486 τοῦ
1135 1433 1264 1486 υιοῦ
1307 1432 1398 1486 καὶ
1439 1432 1556 1529 τῆς·
1573 1434 1842 1502 γενέσεως
1863 1453 1906 1486 15

224 1511 394 1570 αὐτοῦ
428 1518 644 1587 προῦφ
628 1515 876 1617 έστηκεν,
921 1538 954 1587 η
996 1512 1161 1586 μόνος
1193 1511 1491 1587 άγέννητος
1521 1514 1607 1587 ἠν.
1669 1519 1717 1570 6.
1752 1515 1842 1571 καὶ

227 1593 255 1653 ὁ
299 1621 402 1669 μεν
443 1595 575 1654 καθ’
621 1598 822 1655 εαυτὸν
863 1601 1066 1665 τέλειος
1109 1601 1200 1655 καὶ
1241 1603 1482 1671 πρῶτος,
1527 1595 1598 1665 ὡς
1643 1597 1842 1672 πατὴρ,

230 1684 322 1738 καὶ
352 1686 448 1754 τῆς
489 1685 586 1739 τοῦ
627 1686 755 1739 υἱοῦ
798 1681 1112 1748 συστάσεως
1153 1692 1351 1754 αἴτιος,
1397 1679 1564 1739 οὐδὲν
1595 1688 1672 1747 εἰς
1702 1699 1845 1754 συμ-

232 1764 520 1839 πλήρωσιν
560 1769 654 1838 τῆς
700 1770 902 1823 ἑαυτοῦ
931 1765 1191 1839 θεότητος
1232 1766 1379 1867 παρὰ
1419 1768 1518 1822 τοῦ
1545 1768 1677 1822 υἱοῦ
1707 1773 1844 1839 λαμ-

232 1849 449 1922 βάνων
499 1846 527 1908 6
570 1851 660 1923 δε,
705 1850 777 1916 ὦς
822 1854 874 1918 ἐξ
916 1857 1095 1907 αἰτίου
1125 1848 1365 1922 γεγονώς
1396 1849 1541 1921 υιὸς,
1587 1847 1842 1922 δεύτερος
1866 1872 1908 1904 20

235 1935 301 1991 οὐ
336 1939 484 1993 ἐστιν
514 1934 633 2000 υἱὸς
681 1937 1052 2005 καθέστηκεν,
1093 1956 1240 2006 παρα
1280 1938 1375 1991 τοῦ
1408 1931 1609 2006 πατρὸς
1651 1935 1740 1990 καὶ
1783 1931 1844 1991 τὸ

126 2043 218 2085 (148)
241 2017 386 2076 εἰναι
417 2016 599 2075 καὶτὸ
629 2017 845 2075 τοιόσδε
886 2018 1027 2074 εἶναι
1071 2017 1324 2090 εἰληφώς.
1401 2023 1444 2075 7.
1482 2020 1573 2074 καὶ
1614 2017 1781 2075 πάλιν
1811 2013 1844 2090 ἡ

225 2103 327 2175 μὲν
369 2100 513 2174 αὐγὴ
553 2099 620 2158 οὐ
663 2099 799 2158 κατά
839 2109 1164 2175 προαίρεσιν
1204 2106 1304 2159 τοῦ
1347 2096 1530 2175 φωτὸς
1564 2101 1844 2174 ἐκλάμπει,

223 2183 361 2242 κατά
391 2210 442 2242 τι
475 2187 534 2242 δὲ
573 2189 669 2257 τῆς
711 2182 906 2252 οὐσίας
939 2186 1287 2260 συμβεβηκὸς
1332 2185 1671 2260 ἀχώριστον,
1717 2182 1745 2242 6
1780 2186 1839 2242 δὲ

223 2269 343 2336 υίὸς
375 2268 512 2327 κατὰ
544 2268 773 2342 γνώμην
813 2272 904 2327 καὶ
936 2278 1261 2344 προαίρεσιν
1306 2270 1471 2328 εἰκῶν
1501 2269 1710 2342 ὑπέστη
1741 2274 1838 2326 τοῦ
1860 2292 1902 2324 25

225 2353 446 2429 πατρός.
510 2356 811 2426 βουληθεὶς
852 2353 956 2429 γὰρ
986 2353 1014 2411 6
1048 2353 1180 2422 θεὸς
1220 2357 1450 2427 γέγονεν
1481 2357 1608 2411 υἷού
1640 2351 1841 2427 πατὴρ,

226 2442 316 2495 καὶ
348 2442 467 2512 φῶς
501 2435 767 2512 δεύτερον
798 2437 933 2495 κατὰ
979 2438 1159 2495 πάντα
1194 2441 1373 2514 ἑαυτῷ
1403 2437 1843 2511 ἀφωμοιωμένον

223 2519 585 2596 υπεστήσατο.
642 2528 689 2580 8.
723 2520 1029 2595 αγεννήτου
1061 2526 1358 2595 τοιγαροῦν
1388 2525 1478 2579 καὶ
1505 2521 1692 2579 ἀϊδίου
1723 2546 1844 2594 φω-

225 2605 313 2674 τὸς
346 2606 504 2673 ὄντος
545 2605 695 2679 ἑνὸς,
739 2612 854 2672 πῶς
895 2631 965 2665 αν
1003 2609 1215 2679 γένοιτο
1257 2606 1389 2663 ἄλλο
1422 2603 1512 2664 οἶά
1542 2630 1622 2672 τις
1656 2604 1842 2677 είκων,

186 2719 207 2751 b
232 2690 358 2764 οὐχὶ
390 2693 450 2748 δε
481 2694 572 2748 καὶ
613 2690 758 2764 αὐγὴ
789 2683 930 2749 οὐσα
969 2715 1087 2764 φως
1133 2716 1268 2748 κατα
1308 2690 1487 2748 πάντα
1518 2690 1578 2747 τὸ
1611 2689 1841 2764 ἐμφερες
1866 2711 1909 2743 30

342 2885 366 2923 6
403 2884 521 2924 Heb.
549 2886 586 2932 1,
609 2887 649 2927 3.
