1992 3186
260 107 362 160 656
933 109 1184 151 EUSEBII

262 222 435 282 αὐτοῦ
466 229 542 290 εἰς
573 221 674 296 τὴν
717 221 1010 281 θάλασσαν
1047 222 1149 296 τὴν
1189 223 1446 298 πρωτην,
1486 227 1578 283 καὶ
1609 224 1667 283 τὸ
1698 223 1868 299 ἥμισυ

263 307 436 366 αὐτοῦ
467 314 542 375 είς
573 308 676 379 τὴν
705 306 1000 365 θάλασσαν
1040 307 1143 380 τὴν
1187 306 1434 382 ἐσχάτην.
1498 314 1558 368 ἐν
1586 314 1745 383 θέρει
1775 312 1868 368 καὶ

263 398 324 451 ἐν
369 398 681 465 ε’ἀριέ”σται
725 388 914 459 οὕτως.
985 394 1077 449 καὶ
1109 397 1258 450 ἔσται
1300 392 1489 466 κύριος
1532 400 1609 462 εἰς
1639 397 1870 468 βασιλέα

264 479 353 535 ε’πὶ
383 479 568 534 πᾶσαν
599 474 701 548 τὴν
730 479 851 550 γῆν.
897 479 956 534 ἐν
985 479 1054 551 τῇ
1081 473 1259 553 ἡμέρα
1291 481 1476 552 ἐκείνῃ
1502 485 1652 535 ἔσται
1681 478 1868 554 κύριος

264 558 368 634 εἷς,
402 562 494 618 καὶ
523 558 584 617 τὸ
614 558 787 634 ὄνομα
819 557 992 619 αὐτοῦ
1022 566 1112 635 ἓν,
1145 566 1389 620 κυκλοῦν
1418 565 1604 619 πᾶσαν
1633 561 1734 636 τὴν
1762 566 1870 637 γῆν
1893 588 1912 621 5

261 648 353 702 καὶ
382 644 486 718 τὴν
516 642 778 719 ἔρημον.”

386 734 435 787 2.
480 731 589 786 Καὶ
641 733 814 788 ταῦτα
862 731 949 787 ἐπὶ
993 733 1088 803 τῆς
1137 736 1444 804 παρουσίας
1484 733 1584 789 τοῦ
1627 735 1872 804 σωτῆρος

258 810 416 888 ἡμῶν
447 817 781 889 ἐπληροῦτο,
811 810 882 888 ἢν
913 814 1222 888 ἐποιήσατο,
1253 813 1373 887 ἤτοι
1402 814 1536 889 μετὰ
1565 818 1677 873 τῶν
1708 817 1874 924 ιἐρῶν

260 896 585 957 ἀποστόλων
625 898 797 956 αὑτοῦ
837 902 929 957 καὶ
971 904 1265 973 μαθητῶν,
1306 895 1340 972 ἦ
1370 923 1508 972 μετα
1545 904 1658 957 τῶν
1697 899 1872 972 ἁγίων

217 1008 238 1040 d
261 979 462 1056 αὑτοῦ,
494 990 673 1041 θείων
702 988 873 1042 τινῶν
905 983 1200 1058 ὃυναμεων
1231 987 1322 1042 καὶ
1362 983 1670 1057 ἀσωματων
1701 1007 1866 1042 πνευ-
1897 1009 1938 1042 10

260 1090 475 1141 ματων,
519 1065 770 1141 αγγέλων
804 1092 862 1126 τε
893 1071 986 1126 καὶ
1016 1073 1355 1142 λειτουργῶν
1396 1067 1596 1141 αὑτοῦ,
1637 1071 1762 1142 περὶ
1794 1093 1874 1127 ων

262 1163 473 1225 εἰρηται
516 1155 575 1210 ἐν
615 1167 730 1220 τοῖς
785 1159 951 1227 ἱεροῖς
997 1152 1339 1226 εὐαγγελίοις
1389 1178 1472 1211 οτι
1511 1149 1875 1226 “προσῆλθον

261 1235 410 1313 αὐτῷ
441 1234 663 1309 αγγελοι
694 1240 786 1295 καὶ
819 1236 1122 1310 διηκόνουν
1152 1235 1318 1314 αυτῷ.
1332 1235 1361 1257 ”
1420 1243 1469 1295 3.
1503 1238 1640 1294 κατὰ
1682 1239 1742 1294 δὲ
1771 1231 1874 1310 τὴν

260 1317 472 1395 ἡμέραν
516 1325 761 1395 ἐκείνην,
799 1320 968 1395 (οὕτω
1012 1323 1072 1380 δε
1114 1329 1283 1394 φίλον
1322 1321 1626 1380 ἀποκαλεῖν
1654 1327 1720 1397 τῇ
1753 1325 1874 1398 ἱερᾷ

259 1409 451 1479 γραφῇ
490 1404 669 1463 πάντα
709 1405 806 1463 τὸν
856 1405 1058 1480 χρόνον
1097 1410 1192 1479 τῆς
1244 1410 1304 1465 ἐν
1341 1405 1663 1479 ἀνθρώποις
1704 1403 1874 1465 αὐτοῦ
1897 1428 1938 1463 15

263 1490 573 1563 διατριβῆς)
617 1494 922 1564 ἐπληροῦτο
963 1489 1101 1564 μετὰ
1141 1495 1253 1550 τῶν
1292 1489 1478 1549 ἄλλων
1507 1490 1874 1566 προρρήσεων

260 1577 352 1631 καὶ
383 1599 448 1631 τα
480 1578 540 1632 ἐν
569 1578 724 1648 χερσὶ
753 1577 1183 1650 τεθεσπισμένα,
1214 1572 1456 1649 ὁπηνίκα
1485 1575 1634 1650 παρὰ
1656 1573 1753 1634 τὸν
1774 1578 1876 1634 τοῦ

261 1657 479 1725 παθους
520 1658 692 1717 αὐτοῦ
735 1658 930 1734 καιρὸν
950 1659 1097 1718 “οἰπο
1140 1658 1285 1736 ὥρας
1326 1685 1484 1735 εκτης
1523 1659 1716 1728 σκότος
1757 1662 1877 1733 ἐγέ-

260 1766 385 1800 νετο
441 1746 529 1801 ε’πὶ
580 1747 765 1802 πᾶσαν
804 1743 907 1817 τὴν
957 1751 1064 1820 γῆν
1114 1749 1216 1812 ε’ως
1268 1770 1412 1819 ωρας
1467 1743 1712 1817 ἐνατης.”
1787 1741 1875 1801 διό

261 1845 433 1901 φησιν
472 1827 506 1900 ἡ
549 1836 857 1902 προφητεία
909 1833 971 1887 ἐν
1021 1834 1087 1904 τῇ
1118 1828 1306 1935 e'575oech
1348 1833 1532 1901 ἐκείνῃ
1578 1826 1680 1886 οὐκ
1721 1833 1871 1885 ἔσται
1894 1851 1935 1884 20

261 1910 443 1985 φῶς.”
500 1915 594 1970 καὶ
617 1912 820 1971 παλιν
825 1912 938 1970 καὶ
971 1938 1071 1987 ουχ
1103 1910 1277 2014 ημέρα
1308 1915 1399 1969 καὶ
1423 1911 1489 1970 οὐ
1521 1910 1622 1980 νυξ,
1652 1911 1712 1970 τὸ
1736 1910 1874 1986 πρὸς

263 1998 503 2069 εσπεραν
535 2004 687 2054 ε’σται
718 2002 852 2070 φῶς.
866 1994 896 2016 ”
970 2001 1020 2054 4.
1055 1993 1136 2053 δι’
1171 2021 1250 2053 ων
1291 1995 1592 2054 λευκότατα
1630 1993 1868 2070 ἡγοῦμαι
1926 2065 1930 2070 ⁴

259 2080 362 2150 τὴν
391 2083 492 2136 τοῦ
522 2083 719 2154 καιροῦ
749 2078 1114 2152 καταστασιν,
1162 2083 1222 2138 ἐν
1255 2074 1298 2156 ᾧ
1330 2086 1428 2138 τοῦ
1460 2087 1701 2154 σωτῆρος
1734 2106 1874 2139 ανυ-

151 2187 239 2229 (488)
261 2165 548 2233 ψωθέντος
588 2166 682 2221 καὶ
724 2161 928 2238 ημέρας
968 2163 1139 2237 οὔσης
1169 2163 1269 2231 νυξ
1309 2162 1416 2222 απὸ
1449 2164 1592 2237 ω’ρας
1625 2169 1782 2238 ε’κτης
1811 2162 1871 2222 τὸ

261 2249 520 2349 περιέχον
555 2250 789 2322 συνέσχε
827 2252 984 2322 μέχρι
1023 2253 1117 2323 τῆς
1162 2248 1382 2322 ἐνατης,
1418 2246 1554 2358 μεθ’
1596 2274 1668 2321 ην
1708 2242 1871 2316 αὗθις
1893 2272 1935 2304 25

261 2337 359 2389 τοῦ
421 2330 650 2400 σκότους
693 2338 1073 2401 ὃιαλείποντος
1117 2332 1293 2407 ἡμέρα
1343 2336 1435 2390 καὶ
1477 2336 1594 2406 φώς
1641 2336 1869 2406 ἐγίνετο,

262 2414 397 2490 μεθ’
432 2413 466 2472 ἑέ
496 2416 665 2474 πάλιν
711 2417 975 2491 συνήθως
1013 2415 1046 2490 ἡ
1086 2417 1186 2485 νὺξ
1227 2416 1659 2492 κατελάμβανεν,
1730 2415 1871 2491 ἅπερ

262 2500 290 2558 ὁ
320 2506 416 2574 τῆς
447 2509 785 2575 προφητείας
810 2501 969 2576 λόγος
999 2500 1247 2578 ᾐνίττετο
1277 2522 1511 2576 φασκων
1534 2499 1665 2560 “nal
1695 2498 1872 2576 ἡμέρα

264 2588 447 2658 ἐκείνη
469 2586 689 2658 γνωστὴ
713 2591 790 2664 τῷ
812 2594 1009 2664 κυρίω,
1027 2589 1119 2645 καὶ
1143 2611 1245 2661 ουχ
1269 2586 1302 2660 ἡ
1327 2589 1465 2662 μέρα
1488 2589 1580 2644 καὶ
1603 2611 1669 2645 ου
1689 2586 1790 2654 νυξ
1811 2583 1871 2644 τὸ

951 2679 971 2689 υ

262 2667 397 2740 πρὸς
429 2673 669 2744 εσπέραν
701 2677 852 2730 ἔσται
883 2697 1016 2746 φως.
1024 2669 1054 2692 ”
1117 2675 1164 2730 5.
1199 2669 1300 2745 οὐχ
1329 2668 1505 2746 ἡμέρα
1534 2696 1636 2745 μεν
1665 2695 1770 2744 γαρ
1799 2662 1871 2742 ἦν
1893 2693 1935 2727 30

375 2865 399 2903 2
431 2864 596 2908 Matth.
619 2867 658 2918 4,
685 2867 751 2909 11.
