<?xml version="1.0" encoding="UTF-8"?>
<!DOCTYPE html PUBLIC "-//W3C//DTD XHTML 1.0 Transitional//EN"
    "http://www.w3.org/TR/xhtml1/DTD/xhtml1-transitional.dtd">
<html xmlns="http://www.w3.org/1999/xhtml" xml:lang="en" lang="en">
 <head>
  <title>
</title>
<meta http-equiv="Content-Type" content="text/html;charset=utf-8" />
  <meta name='ocr-system' content='tesseract 3.04.00' />
  <meta name='ocr-capabilities' content='ocr_page ocr_carea ocr_par ocr_line ocrx_word'/>
</head>
<body>
  <div class='ocr_page' id='page_1' title='image "./operaeusebius03euseuoft_0627.png"; bbox 0 0 1992 3186; ppageno 0'>
   <div class='ocr_carea' id='block_1_1' title="bbox 515 93 1754 146">
    <p class='ocr_par' dir='ltr' id='par_1_1' title="bbox 515 93 1754 146">
     <span class='ocr_line' id='line_1_1' title="bbox 515 93 1754 146; baseline 0.009 -11"><span class='ocrx_word' id='word_1_1' title='bbox 515 93 821 137; x_wconf 76' lang='lat' dir='ltr'>DEMONST.</span> <span class='ocrx_word' id='word_1_2' title='bbox 852 93 1074 137; x_wconf 79' lang='lat' dir='ltr'><strong>EVANG.</strong></span> <span class='ocrx_word' id='word_1_3' title='bbox 1097 95 1173 136; x_wconf 77' lang='lat' dir='ltr'><strong><em>lx.</em></strong></span> <span class='ocrx_word' id='word_1_4' title='bbox 1201 96 1267 138; x_wconf 83' lang='lat'><strong><em>12.</em></strong></span> <span class='ocrx_word' id='word_1_5' title='bbox 1293 97 1359 136; x_wconf 88' lang='lat'><strong><em>13.</em></strong></span> <span class='ocrx_word' id='word_1_6' title='bbox 1652 94 1754 146; x_wconf 83' lang='lat'><strong><em>603</em></strong></span> 
     </span>
    </p>
   </div>
   <div class='ocr_carea' id='block_1_2' title="bbox 679 263 1211 324">
    <p class='ocr_par' dir='ltr' id='par_1_2' title="bbox 679 263 1211 324">
     <span class='ocr_line' id='line_1_2' title="bbox 679 263 1211 324; baseline 0.002 -2"><span class='ocrx_word' id='word_1_7' title='bbox 679 263 811 322; x_wconf 86' lang='grc' dir='ltr'><strong><em>Ἀπό</em></strong></span> <span class='ocrx_word' id='word_1_8' title='bbox 842 268 946 323; x_wconf 74' lang='grc' dir='ltr'><strong><em>τοῦ</em></strong></span> <span class='ocrx_word' id='word_1_9' title='bbox 966 264 1211 324; x_wconf 60' lang='grc' dir='ltr'><strong><em>“Ησα’ίὀυ.</em></strong></span> 
     </span>
    </p>
   </div>
   <div class='ocr_carea' id='block_1_3' title="bbox 438 373 486 396">
    <p class='ocr_par' dir='ltr' id='par_1_3' title="bbox 438 373 486 396">
     <span class='ocr_line' id='line_1_3' title="bbox 438 373 486 396; baseline 0 -1"><span class='ocrx_word' id='word_1_10' title='bbox 438 373 486 396; x_wconf 67' lang='grc' dir='ltr'><strong><em>(θ’</em></strong></span> 
     </span>
    </p>
   </div>
   <div class='ocr_carea' id='block_1_4' title="bbox 72 375 1863 2725">
    <p class='ocr_par' dir='ltr' id='par_1_4' title="bbox 139 375 1791 624">
     <span class='ocr_line' id='line_1_4' title="bbox 270 375 1791 452; baseline -0.001 -14"><span class='ocrx_word' id='word_1_11' title='bbox 270 388 394 438; x_wconf 87' lang='lat' dir='ltr'>XIII</span> <span class='ocrx_word' id='word_1_12' title='bbox 483 375 748 451; x_wconf 85' lang='grc' dir='ltr'><strong><em>Ισχύσατε</em></strong></span> <span class='ocrx_word' id='word_1_13' title='bbox 797 391 977 451; x_wconf 85' lang='grc' dir='ltr'><strong><em>χεῖρες</em></strong></span> <span class='ocrx_word' id='word_1_14' title='bbox 1029 375 1337 452; x_wconf 81' lang='grc' dir='ltr'><strong><em>ἆνειμέναι,</em></strong></span> <span class='ocrx_word' id='word_1_15' title='bbox 1401 380 1492 436; x_wconf 86' lang='grc' dir='ltr'><strong><em>καὶ</em></strong></span> <span class='ocrx_word' id='word_1_16' title='bbox 1545 377 1750 451; x_wconf 87' lang='grc' dir='ltr'><strong><em>γόνατα</em></strong></span> <span class='ocrx_word' id='word_1_17' title='bbox 1775 414 1791 435; x_wconf 79' lang='lat' dir='ltr'>c</span> 
     </span>
     <span class='ocr_line' id='line_1_5' title="bbox 140 461 1753 538; baseline -0.001 -17"><span class='ocrx_word' id='word_1_18' title='bbox 140 464 596 535; x_wconf 78' lang='grc' dir='ltr'><strong><em>παραλελυμένοι,</em></strong></span> <span class='ocrx_word' id='word_1_19' title='bbox 637 463 1053 535; x_wconf 79' lang='grc' dir='ltr'><strong><em>παρακαλέσατε</em></strong></span> <span class='ocrx_word' id='word_1_20' title='bbox 1084 468 1140 520; x_wconf 82' lang='grc' dir='ltr'><strong><em>οἱ</em></strong></span> <span class='ocrx_word' id='word_1_21' title='bbox 1167 461 1490 536; x_wconf 81' lang='grc' dir='ltr'><strong><em>ὀλιγόψυχοι</em></strong></span> <span class='ocrx_word' id='word_1_22' title='bbox 1530 467 1596 538; x_wconf 83' lang='grc' dir='ltr'><strong><em>τῇ</em></strong></span> <span class='ocrx_word' id='word_1_23' title='bbox 1631 469 1753 520; x_wconf 86' lang='grc' dir='ltr'><strong><em>δια-</em></strong></span> 
     </span>
     <span class='ocr_line' id='line_1_6' title="bbox 139 543 1752 624; baseline 0 -19"><span class='ocrx_word' id='word_1_24' title='bbox 139 554 294 624; x_wconf 77' lang='grc' dir='ltr'><strong><em>νοίᾳ,</em></strong></span> <span class='ocrx_word' id='word_1_25' title='bbox 329 545 607 620; x_wconf 79' lang='grc' dir='ltr'><strong><em>ἰσχύσατε,</em></strong></span> <span class='ocrx_word' id='word_1_26' title='bbox 639 545 713 620; x_wconf 88' lang='grc' dir='ltr'><strong><em>μὴ</em></strong></span> <span class='ocrx_word' id='word_1_27' title='bbox 745 553 1039 619; x_wconf 80' lang='grc' dir='ltr'><strong><em>φοβεῖσθε,</em></strong></span> <span class='ocrx_word' id='word_1_28' title='bbox 1073 547 1198 604; x_wconf 80' lang='grc' dir='ltr'><strong><em>ἰδοὺ</em></strong></span> <span class='ocrx_word' id='word_1_29' title='bbox 1228 546 1256 604; x_wconf 87' lang='grc' dir='ltr'>ὁ</span> <span class='ocrx_word' id='word_1_30' title='bbox 1287 547 1420 614; x_wconf 89' lang='grc' dir='ltr'><strong><em>θεὸς</em></strong></span> <span class='ocrx_word' id='word_1_31' title='bbox 1450 543 1607 621; x_wconf 81' lang='grc' dir='ltr'><strong><em>ἡμῶν</em></strong></span> <span class='ocrx_word' id='word_1_32' title='bbox 1636 555 1752 621; x_wconf 89' lang='grc' dir='ltr'><strong><em>κρί-</em></strong></span> 
     </span>
    </p>

    <p class='ocr_par' dir='ltr' id='par_1_5' title="bbox 95 627 1752 959">
     <span class='ocr_line' id='line_1_7' title="bbox 95 627 1749 711; baseline 0 -23"><span class='ocrx_word' id='word_1_33' title='bbox 95 654 116 688; x_wconf 83' lang='lat'><em>5</em></span> <span class='ocrx_word' id='word_1_34' title='bbox 141 651 232 691; x_wconf 90' lang='grc' dir='ltr'><strong><em>σιν</em></strong></span> <span class='ocrx_word' id='word_1_35' title='bbox 271 629 684 711; x_wconf 75' lang='grc' dir='ltr'><strong><em>ᾆνταποδίδωσι</em></strong></span> <span class='ocrx_word' id='word_1_36' title='bbox 724 633 814 688; x_wconf 86' lang='grc' dir='ltr'><strong><em>καὶ</em></strong></span> <span class='ocrx_word' id='word_1_37' title='bbox 856 627 1268 704; x_wconf 76' lang='grc' dir='ltr'><strong><em>ἄνταποδῶσει,</em></strong></span> <span class='ocrx_word' id='word_1_38' title='bbox 1309 628 1473 698; x_wconf 77' lang='grc' dir='ltr'><strong><em>αὐτὸς</em></strong></span> <span class='ocrx_word' id='word_1_39' title='bbox 1512 629 1628 704; x_wconf 81' lang='grc' dir='ltr'><strong><em>ἥξει</em></strong></span> <span class='ocrx_word' id='word_1_40' title='bbox 1661 634 1749 689; x_wconf 85' lang='grc' dir='ltr'><strong><em>καὶ</em></strong></span> 
     </span>
     <span class='ocr_line' id='line_1_8' title="bbox 140 713 1752 789; baseline -0.001 -15"><span class='ocrx_word' id='word_1_41' title='bbox 140 715 308 774; x_wconf 90' lang='grc' dir='ltr'><strong><em>σωσει</em></strong></span> <span class='ocrx_word' id='word_1_42' title='bbox 348 714 504 789; x_wconf 76' lang='grc' dir='ltr'><strong><em>ἡμᾶς.</em></strong></span> <span class='ocrx_word' id='word_1_43' title='bbox 576 713 699 772; x_wconf 89' lang='grc' dir='ltr'><strong><em>τότε</em></strong></span> <span class='ocrx_word' id='word_1_44' title='bbox 729 714 1159 788; x_wconf 83' lang='grc' dir='ltr'><strong><em>ανοιχθήσονται</em></strong></span> <span class='ocrx_word' id='word_1_45' title='bbox 1199 714 1481 789; x_wconf 87' lang='grc' dir='ltr'><strong><em>ὀφθαλμοὶ</em></strong></span> <span class='ocrx_word' id='word_1_46' title='bbox 1520 720 1752 789; x_wconf 89' lang='grc' dir='ltr'><strong><em>τυφλῶν</em></strong></span> 
     </span>
     <span class='ocr_line' id='line_1_9' title="bbox 139 793 1751 874; baseline 0.001 -17"><span class='ocrx_word' id='word_1_47' title='bbox 139 803 230 857; x_wconf 89' lang='grc' dir='ltr'><strong><em>καὶ</em></strong></span> <span class='ocrx_word' id='word_1_48' title='bbox 264 793 374 857; x_wconf 82' lang='grc' dir='ltr'><strong><em>ῶτα</em></strong></span> <span class='ocrx_word' id='word_1_49' title='bbox 398 802 605 872; x_wconf 87' lang='grc' dir='ltr'><strong><em>κωφῶν</em></strong></span> <span class='ocrx_word' id='word_1_50' title='bbox 639 795 1000 871; x_wconf 77' lang='grc' dir='ltr'><strong><em>ἀκούσονται,</em></strong></span> <span class='ocrx_word' id='word_1_51' title='bbox 1040 798 1162 857; x_wconf 88' lang='grc' dir='ltr'><strong><em>τότε</em></strong></span> <span class='ocrx_word' id='word_1_52' title='bbox 1191 798 1405 857; x_wconf 75' lang='grc' dir='ltr'><strong><em>ἆλεῖται</em></strong></span> <span class='ocrx_word' id='word_1_53' title='bbox 1437 796 1509 867; x_wconf 85' lang='grc' dir='ltr'><strong><em>ῶς</em></strong></span> <span class='ocrx_word' id='word_1_54' title='bbox 1551 806 1751 874; x_wconf 79' lang='grc' dir='ltr'><strong><em>ἔλαφος</em></strong></span> 
     </span>
     <span class='ocr_line' id='line_1_10' title="bbox 137 881 1566 959; baseline 0 -17"><span class='ocrx_word' id='word_1_55' title='bbox 137 882 165 942; x_wconf 85' lang='grc' dir='ltr'>ὁ</span> <span class='ocrx_word' id='word_1_56' title='bbox 199 884 399 959; x_wconf 88' lang='grc' dir='ltr'><strong><em>χωλὸς,</em></strong></span> <span class='ocrx_word' id='word_1_57' title='bbox 431 886 522 940; x_wconf 85' lang='grc' dir='ltr'><strong><em>καὶ</em></strong></span> <span class='ocrx_word' id='word_1_58' title='bbox 554 881 727 956; x_wconf 82' lang='grc' dir='ltr'><strong><em>τρανή</em></strong></span> <span class='ocrx_word' id='word_1_59' title='bbox 761 891 913 941; x_wconf 93' lang='grc' dir='ltr'><strong><em>ε’σται</em></strong></span> <span class='ocrx_word' id='word_1_60' title='bbox 943 887 1166 955; x_wconf 88' lang='grc' dir='ltr'><strong><em>γλῶσσα</em></strong></span> <span class='ocrx_word' id='word_1_61' title='bbox 1195 881 1566 957; x_wconf 85' lang='grc' dir='ltr'><strong><em>μογιλαλων.”</em></strong></span> 
     </span>
    </p>

    <p class='ocr_par' dir='ltr' id='par_1_6' title="bbox 268 966 1752 1042">
     <span class='ocr_line' id='line_1_11' title="bbox 268 966 1752 1042; baseline 0.003 -18"><span class='ocrx_word' id='word_1_62' title='bbox 268 973 317 1025; x_wconf 75' lang='grc'><strong><em>2.</em></strong></span> <span class='ocrx_word' id='word_1_63' title='bbox 351 970 463 1026; x_wconf 87' lang='grc' dir='ltr'><strong><em>Καὶ</em></strong></span> <span class='ocrx_word' id='word_1_64' title='bbox 492 966 705 1026; x_wconf 88' lang='grc' dir='ltr'><strong><em>τούτων</em></strong></span> <span class='ocrx_word' id='word_1_65' title='bbox 737 974 874 1042; x_wconf 82' lang='grc' dir='ltr'><strong><em>ἔχεις</em></strong></span> <span class='ocrx_word' id='word_1_66' title='bbox 907 971 967 1025; x_wconf 87' lang='grc' dir='ltr'><strong><em>ἐν</em></strong></span> <span class='ocrx_word' id='word_1_67' title='bbox 995 982 1110 1035; x_wconf 90' lang='grc' dir='ltr'><strong><em>τοῖς</em></strong></span> <span class='ocrx_word' id='word_1_68' title='bbox 1144 968 1487 1040; x_wconf 78' lang='grc' dir='ltr'><strong><em>εὐαγγελίοις</em></strong></span> <span class='ocrx_word' id='word_1_69' title='bbox 1516 967 1583 1026; x_wconf 75' lang='grc' dir='ltr'><strong><em>τὰ</em></strong></span> <span class='ocrx_word' id='word_1_70' title='bbox 1612 967 1752 1029; x_wconf 67' lang='grc' dir='ltr'><strong><em>οἰπο-Δ</em></strong></span> 
     </span>
    </p>

    <p class='ocr_par' dir='ltr' id='par_1_7' title="bbox 75 1051 1800 1464">
     <span class='ocr_line' id='line_1_12' title="bbox 75 1051 1750 1130; baseline 0.002 -23"><span class='ocrx_word' id='word_1_71' title='bbox 75 1076 116 1108; x_wconf 80' lang='lat'><strong><em>10</em></strong></span> <span class='ocrx_word' id='word_1_72' title='bbox 138 1055 442 1126; x_wconf 88' lang='grc' dir='ltr'><strong><em>τελέσματα</em></strong></span> <span class='ocrx_word' id='word_1_73' title='bbox 482 1058 640 1110; x_wconf 87' lang='grc' dir='ltr'><strong><em>τοῦτο</em></strong></span> <span class='ocrx_word' id='word_1_74' title='bbox 679 1053 782 1126; x_wconf 75' lang='grc' dir='ltr'><strong><em>μὲν</em></strong></span> <span class='ocrx_word' id='word_1_75' title='bbox 820 1051 1059 1124; x_wconf 77' lang='grc' dir='ltr'><strong><em>ὁπηνίκα</em></strong></span> <span class='ocrx_word' id='word_1_76' title='bbox 1089 1057 1164 1129; x_wconf 78' lang='grc' dir='ltr'><strong><em>τῷ</em></strong></span> <span class='ocrx_word' id='word_1_77' title='bbox 1207 1055 1413 1125; x_wconf 82' lang='grc' dir='ltr'><strong><em>σωτῆρι</em></strong></span> <span class='ocrx_word' id='word_1_78' title='bbox 1452 1055 1543 1110; x_wconf 81' lang='grc' dir='ltr'><strong><em>καὶ</em></strong></span> <span class='ocrx_word' id='word_1_79' title='bbox 1574 1060 1750 1130; x_wconf 80' lang='grc' dir='ltr'><strong><em>κυρίῳ</em></strong></span> 
     </span>
     <span class='ocr_line' id='line_1_13' title="bbox 137 1135 1753 1212; baseline 0 -18"><span class='ocrx_word' id='word_1_80' title='bbox 137 1137 296 1212; x_wconf 80' lang='grc' dir='ltr'><strong><em>ἡμῶν</em></strong></span> <span class='ocrx_word' id='word_1_81' title='bbox 334 1138 682 1208; x_wconf 86' lang='grc' dir='ltr'><strong><em>προσέφερον</em></strong></span> <span class='ocrx_word' id='word_1_82' title='bbox 734 1135 1111 1210; x_wconf 82' lang='grc' dir='ltr'><strong><em>παραλυτικὸν</em></strong></span> <span class='ocrx_word' id='word_1_83' title='bbox 1163 1139 1253 1194; x_wconf 88' lang='grc' dir='ltr'><strong><em>ε’πὶ</em></strong></span> <span class='ocrx_word' id='word_1_84' title='bbox 1303 1143 1494 1210; x_wconf 82' lang='grc' dir='ltr'><strong><em>κλίνης</em></strong></span> <span class='ocrx_word' id='word_1_85' title='bbox 1546 1143 1753 1210; x_wconf 87' lang='grc' dir='ltr'><strong><em>βεβλη-</em></strong></span> 
     </span>
     <span class='ocr_line' id='line_1_14' title="bbox 137 1217 1778 1298; baseline -0.001 -18"><span class='ocrx_word' id='word_1_86' title='bbox 137 1224 338 1296; x_wconf 82' lang='grc' dir='ltr'><strong><em>μένον,</em></strong></span> <span class='ocrx_word' id='word_1_87' title='bbox 370 1217 436 1278; x_wconf 78' lang='grc' dir='ltr'><strong><em>ὂν</em></strong></span> <span class='ocrx_word' id='word_1_88' title='bbox 466 1223 558 1278; x_wconf 88' lang='grc' dir='ltr'><strong><em>καὶ</em></strong></span> <span class='ocrx_word' id='word_1_89' title='bbox 587 1220 716 1294; x_wconf 79' lang='grc' dir='ltr'><strong><em>ὑγιῆ</em></strong></span> <span class='ocrx_word' id='word_1_90' title='bbox 748 1219 892 1298; x_wconf 77' lang='grc' dir='ltr'><strong><em>λόγῳ</em></strong></span> <span class='ocrx_word' id='word_1_91' title='bbox 923 1220 1323 1294; x_wconf 82' lang='grc' dir='ltr'><strong><em>κατεστήσατο,</em></strong></span> <span class='ocrx_word' id='word_1_92' title='bbox 1365 1225 1526 1279; x_wconf 84' lang='grc' dir='ltr'><strong><em>τοῦτο</em></strong></span> <span class='ocrx_word' id='word_1_93' title='bbox 1570 1222 1631 1279; x_wconf 77' lang='grc' dir='ltr'><strong><em>δὲ</em></strong></span> <span class='ocrx_word' id='word_1_94' title='bbox 1662 1221 1778 1279; x_wconf 74' lang='grc' dir='ltr'><strong><em>’ὅτε</em></strong></span> 
     </span>
     <span class='ocr_line' id='line_1_15' title="bbox 137 1304 1800 1380; baseline 0 -17"><span class='ocrx_word' id='word_1_95' title='bbox 137 1312 325 1380; x_wconf 87' lang='grc' dir='ltr'><strong><em>μυρίοι</em></strong></span> <span class='ocrx_word' id='word_1_96' title='bbox 364 1307 565 1378; x_wconf 90' lang='grc' dir='ltr'><strong><em>τυφλοὶ</em></strong></span> <span class='ocrx_word' id='word_1_97' title='bbox 607 1309 696 1363; x_wconf 89' lang='grc' dir='ltr'><strong><em>καὶ</em></strong></span> <span class='ocrx_word' id='word_1_98' title='bbox 740 1308 1159 1379; x_wconf 82' lang='grc' dir='ltr'><strong><em>δαιμονιῶντες,</em></strong></span> <span class='ocrx_word' id='word_1_99' title='bbox 1202 1311 1281 1363; x_wconf 81' lang='grc' dir='ltr'><strong><em>ἔτι</em></strong></span> <span class='ocrx_word' id='word_1_100' title='bbox 1321 1304 1432 1379; x_wconf 85' lang='grc' dir='ltr'><strong><em>μὴν</em></strong></span> <span class='ocrx_word' id='word_1_101' title='bbox 1464 1305 1751 1380; x_wconf 82' lang='grc' dir='ltr'><strong><em>διαφόροις</em></strong></span> <span class='ocrx_word' id='word_1_102' title='bbox 1777 1331 1800 1363; x_wconf 87' lang='lat' dir='ltr'><strong>d</strong></span> 
     </span>
     <span class='ocr_line' id='line_1_16' title="bbox 137 1388 1753 1464; baseline -0.001 -16"><span class='ocrx_word' id='word_1_103' title='bbox 137 1390 321 1457; x_wconf 88' lang='grc' dir='ltr'><strong><em>νόσοις</em></strong></span> <span class='ocrx_word' id='word_1_104' title='bbox 351 1391 442 1447; x_wconf 89' lang='grc' dir='ltr'><strong><em>καὶ</em></strong></span> <span class='ocrx_word' id='word_1_105' title='bbox 474 1397 767 1463; x_wconf 85' lang='grc' dir='ltr'><strong><em>μαλακίαις</em></strong></span> <span class='ocrx_word' id='word_1_106' title='bbox 808 1388 1312 1464; x_wconf 83' lang='grc' dir='ltr'><strong><em>καταπονούμενοι,</em></strong></span> <span class='ocrx_word' id='word_1_107' title='bbox 1355 1389 1492 1462; x_wconf 87' lang='grc' dir='ltr'><strong><em>πρὸς</em></strong></span> <span class='ocrx_word' id='word_1_108' title='bbox 1522 1393 1617 1464; x_wconf 79' lang='grc' dir='ltr'><strong><em>τῆς</em></strong></span> <span class='ocrx_word' id='word_1_109' title='bbox 1649 1390 1753 1448; x_wconf 81' lang='grc' dir='ltr'><strong><em>αύ-</em></strong></span> 
     </span>
    </p>

    <p class='ocr_par' dir='ltr' id='par_1_8' title="bbox 74 1473 1751 1886">
     <span class='ocr_line' id='line_1_17' title="bbox 74 1473 1748 1548; baseline 0.002 -20"><span class='ocrx_word' id='word_1_110' title='bbox 74 1494 115 1528; x_wconf 89' lang='lat'><strong><em>15</em></strong></span> <span class='ocrx_word' id='word_1_111' title='bbox 138 1477 239 1533; x_wconf 79' lang='grc' dir='ltr'><strong><em>τοῦ</em></strong></span> <span class='ocrx_word' id='word_1_112' title='bbox 278 1480 554 1548; x_wconf 83' lang='grc' dir='ltr'><strong><em>σωτηρίου</em></strong></span> <span class='ocrx_word' id='word_1_113' title='bbox 596 1474 885 1547; x_wconf 90' lang='grc' dir='ltr'><strong><em>δυναμεως</em></strong></span> <span class='ocrx_word' id='word_1_114' title='bbox 915 1479 1028 1531; x_wconf 88' lang='grc' dir='ltr'><strong><em>τῶν</em></strong></span> <span class='ocrx_word' id='word_1_115' title='bbox 1066 1477 1269 1532; x_wconf 90' lang='grc' dir='ltr'><strong><em>παθῶν</em></strong></span> <span class='ocrx_word' id='word_1_116' title='bbox 1307 1473 1748 1546; x_wconf 80' lang='grc' dir='ltr'><strong><em>ἆπηλλαττοντο</em></strong></span> 
     </span>
     <span class='ocr_line' id='line_1_18' title="bbox 138 1551 1751 1631; baseline -0.001 -15"><span class='ocrx_word' id='word_1_117' title='bbox 138 1557 282 1616; x_wconf 83' lang='grc' dir='ltr'><strong><em>3.οὗ</em></strong></span> <span class='ocrx_word' id='word_1_118' title='bbox 315 1583 425 1631; x_wconf 90' lang='grc' dir='ltr'><strong><em>μην</em></strong></span> <span class='ocrx_word' id='word_1_119' title='bbox 464 1555 603 1614; x_wconf 79' lang='grc' dir='ltr'><strong><em>ἀλλὰ</em></strong></span> <span class='ocrx_word' id='word_1_120' title='bbox 634 1561 726 1615; x_wconf 87' lang='grc' dir='ltr'><strong><em>καὶ</em></strong></span> <span class='ocrx_word' id='word_1_121' title='bbox 768 1555 843 1615; x_wconf 88' lang='grc' dir='ltr'><strong><em>δι’</em></strong></span> <span class='ocrx_word' id='word_1_122' title='bbox 879 1551 958 1616; x_wconf 83' lang='grc' dir='ltr'><strong><em>ῶν</em></strong></span> <span class='ocrx_word' id='word_1_123' title='bbox 990 1561 1154 1616; x_wconf 84' lang='grc' dir='ltr'><strong><em>εἰσέτι</em></strong></span> <span class='ocrx_word' id='word_1_124' title='bbox 1186 1561 1292 1615; x_wconf 81' lang='grc' dir='ltr'><strong><em>νῦν</em></strong></span> <span class='ocrx_word' id='word_1_125' title='bbox 1322 1555 1456 1615; x_wconf 86' lang='grc' dir='ltr'><strong><em>καθ’</em></strong></span> <span class='ocrx_word' id='word_1_126' title='bbox 1488 1557 1618 1630; x_wconf 81' lang='grc' dir='ltr'><strong><em>ὅλης</em></strong></span> <span class='ocrx_word' id='word_1_127' title='bbox 1656 1563 1751 1630; x_wconf 84' lang='grc' dir='ltr'><strong><em>τῆς</em></strong></span> 
     </span>
     <span class='ocr_line' id='line_1_19' title="bbox 137 1641 1751 1716; baseline -0.001 -15"><span class='ocrx_word' id='word_1_128' title='bbox 137 1646 464 1716; x_wconf 82' lang='grc' dir='ltr'><strong><em>οἰκουμένης</em></strong></span> <span class='ocrx_word' id='word_1_129' title='bbox 506 1649 680 1716; x_wconf 92' lang='grc' dir='ltr'><strong><em>μυρία</em></strong></span> <span class='ocrx_word' id='word_1_130' title='bbox 719 1641 907 1716; x_wconf 82' lang='grc' dir='ltr'><strong><em>πλήθη</em></strong></span> <span class='ocrx_word' id='word_1_131' title='bbox 949 1641 1314 1713; x_wconf 88' lang='grc' dir='ltr'><strong><em>πολυτρόποις</em></strong></span> <span class='ocrx_word' id='word_1_132' title='bbox 1353 1648 1546 1709; x_wconf 84' lang='grc' dir='ltr'><strong><em>κακίας</em></strong></span> <span class='ocrx_word' id='word_1_133' title='bbox 1578 1648 1751 1700; x_wconf 76' lang='grc' dir='ltr'><strong><em>εἴδεσι</em></strong></span> 
     </span>
     <span class='ocr_line' id='line_1_20' title="bbox 140 1725 1750 1801; baseline -0.001 -16"><span class='ocrx_word' id='word_1_134' title='bbox 140 1729 440 1801; x_wconf 82' lang='grc' dir='ltr'><strong><em>δεδεμένα,</em></strong></span> <span class='ocrx_word' id='word_1_135' title='bbox 493 1725 771 1798; x_wconf 82' lang='grc' dir='ltr'><strong><em>ἀγνωσίας</em></strong></span> <span class='ocrx_word' id='word_1_136' title='bbox 822 1751 880 1784; x_wconf 86' lang='grc' dir='ltr'><strong><em>τε</em></strong></span> <span class='ocrx_word' id='word_1_137' title='bbox 932 1731 1029 1784; x_wconf 85' lang='grc' dir='ltr'><strong><em>τοῦ</em></strong></span> <span class='ocrx_word' id='word_1_138' title='bbox 1070 1729 1160 1784; x_wconf 84' lang='grc' dir='ltr'><strong><em>ἐπὶ</em></strong></span> <span class='ocrx_word' id='word_1_139' title='bbox 1203 1725 1428 1784; x_wconf 74' lang='grc' dir='ltr'><strong><em>πάντων</em></strong></span> <span class='ocrx_word' id='word_1_140' title='bbox 1467 1730 1608 1784; x_wconf 82' lang='grc' dir='ltr'><strong><em>θεοῦ</em></strong></span> <span class='ocrx_word' id='word_1_141' title='bbox 1654 1727 1750 1794; x_wconf 82' lang='grc' dir='ltr'><strong><em>τὰς</em></strong></span> 
     </span>
     <span class='ocr_line' id='line_1_21' title="bbox 136 1806 1750 1886; baseline 0 -18"><span class='ocrx_word' id='word_1_142' title='bbox 136 1812 318 1886; x_wconf 79' lang='grc' dir='ltr'><strong><em>ψυχὰς</em></strong></span> <span class='ocrx_word' id='word_1_143' title='bbox 368 1814 802 1885; x_wconf 86' lang='grc' dir='ltr'><strong><em>πεπληρωμένα,</em></strong></span> <span class='ocrx_word' id='word_1_144' title='bbox 855 1818 1188 1884; x_wconf 84' lang='grc' dir='ltr'><strong><em>θαυμασίως</em></strong></span> <span class='ocrx_word' id='word_1_145' title='bbox 1241 1813 1331 1868; x_wconf 87' lang='grc' dir='ltr'><strong><em>καὶ</em></strong></span> <span class='ocrx_word' id='word_1_146' title='bbox 1385 1806 1525 1884; x_wconf 72' lang='grc' dir='ltr'><strong><em>ὑπὲρ</em></strong></span> <span class='ocrx_word' id='word_1_147' title='bbox 1570 1811 1750 1868; x_wconf 76' lang='grc' dir='ltr'><strong><em>πάντα</em></strong></span> 
     </span>
    </p>

    <p class='ocr_par' dir='ltr' id='par_1_9' title="bbox 72 1891 1754 2307">
     <span class='ocr_line' id='line_1_22' title="bbox 72 1891 1750 1969; baseline 0.001 -19"><span class='ocrx_word' id='word_1_148' title='bbox 72 1917 112 1949; x_wconf 83' lang='lat'><strong><em>20</em></strong></span> <span class='ocrx_word' id='word_1_149' title='bbox 138 1895 304 1969; x_wconf 87' lang='grc' dir='ltr'><strong><em>λόγον</em></strong></span> <span class='ocrx_word' id='word_1_150' title='bbox 342 1910 456 1962; x_wconf 88' lang='grc' dir='ltr'><strong><em>τοῖς</em></strong></span> <span class='ocrx_word' id='word_1_151' title='bbox 494 1900 589 1968; x_wconf 80' lang='grc' dir='ltr'><strong><em>τῆς</em></strong></span> <span class='ocrx_word' id='word_1_152' title='bbox 633 1901 996 1963; x_wconf 85' lang='grc' dir='ltr'><strong><em>διδασκαλίας</em></strong></span> <span class='ocrx_word' id='word_1_153' title='bbox 1041 1891 1215 1953; x_wconf 78' lang='grc' dir='ltr'><strong><em>αὑτοῦ</em></strong></span> <span class='ocrx_word' id='word_1_154' title='bbox 1253 1894 1563 1968; x_wconf 76' lang='grc' dir='ltr'><strong><em>φαρμάκοις</em></strong></span> <span class='ocrx_word' id='word_1_155' title='bbox 1606 1901 1750 1953; x_wconf 80' lang='grc' dir='ltr'><strong><em>ἰᾶται</em></strong></span> 
     </span>
     <span class='ocr_line' id='line_1_23' title="bbox 137 1977 1751 2054; baseline 0 -16"><span class='ocrx_word' id='word_1_156' title='bbox 137 1982 230 2038; x_wconf 89' lang='grc' dir='ltr'><strong><em>καὶ</em></strong></span> <span class='ocrx_word' id='word_1_157' title='bbox 260 1979 590 2054; x_wconf 83' lang='grc' dir='ltr'><strong><em>θεραπεύει·</em></strong></span> <span class='ocrx_word' id='word_1_158' title='bbox 638 1980 784 2052; x_wconf 84' lang='grc' dir='ltr'><strong><em>πλὴν</em></strong></span> <span class='ocrx_word' id='word_1_159' title='bbox 812 1979 896 2037; x_wconf 79' lang='grc' dir='ltr'><strong><em>ὅτι</em></strong></span> <span class='ocrx_word' id='word_1_160' title='bbox 927 1982 1019 2036; x_wconf 90' lang='grc' dir='ltr'><strong><em>καὶ</em></strong></span> <span class='ocrx_word' id='word_1_161' title='bbox 1049 1978 1181 2046; x_wconf 86' lang='grc' dir='ltr'><strong><em>θεὸς</em></strong></span> <span class='ocrx_word' id='word_1_162' title='bbox 1214 1982 1274 2037; x_wconf 84' lang='grc' dir='ltr'><strong><em>ἐν</em></strong></span> <span class='ocrx_word' id='word_1_163' title='bbox 1302 1979 1516 2047; x_wconf 86' lang='grc' dir='ltr'><strong><em>τούτοις</em></strong></span> <span class='ocrx_word' id='word_1_164' title='bbox 1547 1977 1751 2052; x_wconf 71' lang='grc' dir='ltr'><strong><em>ἀνηγό-</em></strong></span> 
     </span>
     <span class='ocr_line' id='line_1_24' title="bbox 138 2060 1750 2138; baseline 0.001 -17"><span class='ocrx_word' id='word_1_165' title='bbox 138 2088 328 2138; x_wconf 91' lang='grc' dir='ltr'><strong><em>ρευται</em></strong></span> <span class='ocrx_word' id='word_1_166' title='bbox 367 2063 503 2122; x_wconf 74' lang='grc' dir='ltr'><strong><em>κατὰ</em></strong></span> <span class='ocrx_word' id='word_1_167' title='bbox 543 2064 767 2137; x_wconf 84' lang='grc' dir='ltr'><strong><em>καιρὸν,</em></strong></span> <span class='ocrx_word' id='word_1_168' title='bbox 822 2063 895 2131; x_wconf 82' lang='grc' dir='ltr'><strong><em>ῶς</em></strong></span> <span class='ocrx_word' id='word_1_169' title='bbox 937 2060 1008 2122; x_wconf 70' lang='grc' dir='ltr'><strong><em>ἂν</em></strong></span> <span class='ocrx_word' id='word_1_170' title='bbox 1058 2070 1283 2122; x_wconf 83' lang='grc' dir='ltr'><strong><em>τοιαῦτα</em></strong></span> <span class='ocrx_word' id='word_1_171' title='bbox 1324 2068 1597 2138; x_wconf 78' lang='grc' dir='ltr'><strong><em>ἐνεργῶν,</em></strong></span> <span class='ocrx_word' id='word_1_172' title='bbox 1643 2062 1750 2137; x_wconf 76' lang='grc' dir='ltr'><strong><em>ἤδη</em></strong></span> 
     </span>
     <span class='ocr_line' id='line_1_25' title="bbox 137 2147 1752 2223; baseline 0 -17"><span class='ocrx_word' id='word_1_173' title='bbox 137 2147 408 2222; x_wconf 90' lang='grc' dir='ltr'><strong><em>πρότερον</em></strong></span> <span class='ocrx_word' id='word_1_174' title='bbox 438 2147 573 2222; x_wconf 79' lang='grc' dir='ltr'><strong><em>ἡμῖν</em></strong></span> <span class='ocrx_word' id='word_1_175' title='bbox 605 2153 666 2207; x_wconf 85' lang='grc' dir='ltr'><strong><em>έν</em></strong></span> <span class='ocrx_word' id='word_1_176' title='bbox 695 2163 813 2216; x_wconf 88' lang='grc' dir='ltr'><strong><em>ταῖς</em></strong></span> <span class='ocrx_word' id='word_1_177' title='bbox 843 2151 969 2223; x_wconf 85' lang='grc' dir='ltr'><strong><em>περὶ</em></strong></span> <span class='ocrx_word' id='word_1_178' title='bbox 1002 2154 1097 2221; x_wconf 84' lang='grc' dir='ltr'><strong><em>τῆς</em></strong></span> <span class='ocrx_word' id='word_1_179' title='bbox 1120 2147 1383 2222; x_wconf 86' lang='grc' dir='ltr'><strong><em>θεότητος</em></strong></span> <span class='ocrx_word' id='word_1_180' title='bbox 1415 2147 1588 2206; x_wconf 77' lang='grc' dir='ltr'><strong><em>αὐτοῦ</em></strong></span> <span class='ocrx_word' id='word_1_181' title='bbox 1616 2173 1752 2223; x_wconf 87' lang='grc' dir='ltr'><strong><em>μαρ·</em></strong></span> 
     </span>
     <span class='ocr_line' id='line_1_26' title="bbox 135 2229 1754 2307; baseline -0.001 -16"><span class='ocrx_word' id='word_1_182' title='bbox 135 2240 351 2307; x_wconf 87' lang='grc' dir='ltr'><strong><em>τυρίαις</em></strong></span> <span class='ocrx_word' id='word_1_183' title='bbox 381 2229 782 2291; x_wconf 70' lang='grc' dir='ltr'><strong><em>ἀποδέδεικται.</em></strong></span> <span class='ocrx_word' id='word_1_184' title='bbox 844 2238 891 2291; x_wconf 89' lang='lat'><strong><em>4.</em></strong></span> <span class='ocrx_word' id='word_1_185' title='bbox 927 2236 1020 2291; x_wconf 89' lang='grc' dir='ltr'><strong><em>καὶ</em></strong></span> <span class='ocrx_word' id='word_1_186' title='bbox 1051 2234 1261 2304; x_wconf 80' lang='grc' dir='ltr'><strong><em>ἔπρεπέ</em></strong></span> <span class='ocrx_word' id='word_1_187' title='bbox 1284 2256 1347 2306; x_wconf 93' lang='grc' dir='ltr'><strong><em>γε</em></strong></span> <span class='ocrx_word' id='word_1_188' title='bbox 1377 2237 1486 2290; x_wconf 85' lang='grc' dir='ltr'><strong><em>νῦν</em></strong></span> <span class='ocrx_word' id='word_1_189' title='bbox 1514 2237 1670 2306; x_wconf 79' lang='grc' dir='ltr'><strong><em>γοῦν,</em></strong></span> <span class='ocrx_word' id='word_1_190' title='bbox 1704 2238 1754 2290; x_wconf 89' lang='grc' dir='ltr'><strong><em>εἰ</em></strong></span> 
     </span>
    </p>

    <p class='ocr_par' dir='ltr' id='par_1_10' title="bbox 73 2314 1863 2725">
     <span class='ocr_line' id='line_1_27' title="bbox 73 2314 1863 2390; baseline 0.002 -18"><span class='ocrx_word' id='word_1_191' title='bbox 73 2337 113 2371; x_wconf 81' lang='lat'><strong><em>25</em></strong></span> <span class='ocrx_word' id='word_1_192' title='bbox 137 2320 229 2374; x_wconf 84' lang='grc' dir='ltr'><strong><em>καὶ</em></strong></span> <span class='ocrx_word' id='word_1_193' title='bbox 260 2315 453 2376; x_wconf 71' lang='grc' dir='ltr'><strong><em>ἄλλοτε</em></strong></span> <span class='ocrx_word' id='word_1_194' title='bbox 472 2363 485 2389; x_wconf 91' lang='grc'><strong><em>,</em></strong></span> <span class='ocrx_word' id='word_1_195' title='bbox 528 2318 667 2375; x_wconf 86' lang='grc' dir='ltr'><strong><em>θεὸν</em></strong></span> <span class='ocrx_word' id='word_1_196' title='bbox 707 2315 878 2375; x_wconf 82' lang='grc' dir='ltr'><strong><em>αὐτὸν</em></strong></span> <span class='ocrx_word' id='word_1_197' title='bbox 906 2317 1330 2390; x_wconf 85' lang='grc' dir='ltr'><strong><em>ὁμολογεῖσθαι,</em></strong></span> <span class='ocrx_word' id='word_1_198' title='bbox 1371 2314 1462 2374; x_wconf 78' lang='grc' dir='ltr'><strong><em>ὅτε</em></strong></span> <span class='ocrx_word' id='word_1_199' title='bbox 1492 2319 1582 2374; x_wconf 89' lang='grc' dir='ltr'><strong><em>καὶ</em></strong></span> <span class='ocrx_word' id='word_1_200' title='bbox 1615 2323 1748 2389; x_wconf 83' lang='grc' dir='ltr'><strong><em>ἔργα</em></strong></span> <span class='ocrx_word' id='word_1_201' title='bbox 1773 2341 1863 2381; x_wconf 83' lang='lat'>(448)</span> 
     </span>
     <span class='ocr_line' id='line_1_28' title="bbox 136 2397 1749 2475; baseline -0.001 -17"><span class='ocrx_word' id='word_1_202' title='bbox 136 2407 297 2468; x_wconf 86' lang='grc' dir='ltr'><strong><em>θείας</em></strong></span> <span class='ocrx_word' id='word_1_203' title='bbox 327 2404 419 2458; x_wconf 86' lang='grc' dir='ltr'><strong><em>καὶ</em></strong></span> <span class='ocrx_word' id='word_1_204' title='bbox 453 2397 525 2468; x_wconf 85' lang='grc' dir='ltr'><strong><em>ῶς</em></strong></span> <span class='ocrx_word' id='word_1_205' title='bbox 555 2401 780 2475; x_wconf 78' lang='grc' dir='ltr'><strong><em>ἀληθῶς</em></strong></span> <span class='ocrx_word' id='word_1_206' title='bbox 814 2404 1014 2459; x_wconf 83' lang='grc' dir='ltr'><strong><em>ἐνθέου</em></strong></span> <span class='ocrx_word' id='word_1_207' title='bbox 1047 2399 1336 2474; x_wconf 73' lang='grc' dir='ltr'><strong><em>δυνάμεως</em></strong></span> <span class='ocrx_word' id='word_1_208' title='bbox 1378 2402 1749 2458; x_wconf 82' lang='grc' dir='ltr'><strong><em>ἐπεδείκνυτο.</em></strong></span> 
     </span>
     <span class='ocr_line' id='line_1_29' title="bbox 136 2477 1752 2557; baseline -0.001 -15"><span class='ocrx_word' id='word_1_209' title='bbox 136 2491 276 2542; x_wconf 88' lang='grc' dir='ltr'><strong><em>θεοῦ</em></strong></span> <span class='ocrx_word' id='word_1_210' title='bbox 322 2483 428 2555; x_wconf 77' lang='grc' dir='ltr'><strong><em>γαρ</em></strong></span> <span class='ocrx_word' id='word_1_211' title='bbox 473 2484 648 2556; x_wconf 89' lang='grc' dir='ltr'><strong><em>μόνου</em></strong></span> <span class='ocrx_word' id='word_1_212' title='bbox 693 2477 764 2556; x_wconf 81' lang='grc' dir='ltr'><strong><em>ἦν</em></strong></span> <span class='ocrx_word' id='word_1_213' title='bbox 809 2487 901 2542; x_wconf 88' lang='grc' dir='ltr'><strong><em>καὶ</em></strong></span> <span class='ocrx_word' id='word_1_214' title='bbox 943 2481 1080 2542; x_wconf 74' lang='grc' dir='ltr'><strong><em>οὐδὲ</em></strong></span> <span class='ocrx_word' id='word_1_215' title='bbox 1121 2482 1294 2540; x_wconf 77' lang='grc' dir='ltr'><strong><em>ἄλλου</em></strong></span> <span class='ocrx_word' id='word_1_216' title='bbox 1336 2482 1620 2556; x_wconf 80' lang='grc' dir='ltr'><strong><em>ρωννύναι</em></strong></span> <span class='ocrx_word' id='word_1_217' title='bbox 1649 2484 1752 2557; x_wconf 77' lang='grc' dir='ltr'><strong><em>μὲν</em></strong></span> 
     </span>
     <span class='ocr_line' id='line_1_30' title="bbox 136 2565 1750 2640; baseline 0 -16"><span class='ocrx_word' id='word_1_218' title='bbox 136 2570 530 2640; x_wconf 89' lang='grc' dir='ltr'><strong><em>παρειμένους,</em></strong></span> <span class='ocrx_word' id='word_1_219' title='bbox 586 2575 879 2639; x_wconf 80' lang='grc' dir='ltr'><strong><em>ζωογονεῖν</em></strong></span> <span class='ocrx_word' id='word_1_220' title='bbox 934 2569 995 2624; x_wconf 76' lang='grc' dir='ltr'><strong><em>δὲ</em></strong></span> <span class='ocrx_word' id='word_1_221' title='bbox 1046 2565 1307 2640; x_wconf 74' lang='grc' dir='ltr'><strong><em>νεκρούς,</em></strong></span> <span class='ocrx_word' id='word_1_222' title='bbox 1361 2573 1642 2640; x_wconf 88' lang='grc' dir='ltr'><strong><em>σωτηρίαν</em></strong></span> <span class='ocrx_word' id='word_1_223' title='bbox 1693 2592 1750 2625; x_wconf 92' lang='grc' dir='ltr'><strong><em>τε</em></strong></span> 
     </span>
     <span class='ocr_line' id='line_1_31' title="bbox 137 2650 1749 2725; baseline 0.001 -18"><span class='ocrx_word' id='word_1_224' title='bbox 137 2652 443 2709; x_wconf 82' lang='grc' dir='ltr'><strong><em>ἀσθενοῦσι</em></strong></span> <span class='ocrx_word' id='word_1_225' title='bbox 474 2655 763 2725; x_wconf 87' lang='grc' dir='ltr'><strong><em>παρέχειν,</em></strong></span> <span class='ocrx_word' id='word_1_226' title='bbox 795 2650 1042 2724; x_wconf 80' lang='grc' dir='ltr'><strong><em>ἀνοίγειν</em></strong></span> <span class='ocrx_word' id='word_1_227' title='bbox 1064 2676 1122 2709; x_wconf 90' lang='grc' dir='ltr'><strong><em>τε</em></strong></span> <span class='ocrx_word' id='word_1_228' title='bbox 1160 2650 1489 2725; x_wconf 83' lang='grc' dir='ltr'><strong><em>ὀφθαλμοὺς</em></strong></span> <span class='ocrx_word' id='word_1_229' title='bbox 1519 2657 1749 2724; x_wconf 88' lang='grc' dir='ltr'><strong><em>τυφλῶν</em></strong></span> 
     </span>
    </p>
   </div>
   <div class='ocr_carea' id='block_1_5' title="bbox 252 2845 542 2897">
    <p class='ocr_par' dir='ltr' id='par_1_11' title="bbox 252 2845 542 2897">
     <span class='ocr_line' id='line_1_32' title="bbox 252 2845 542 2897; baseline -0.01 -12"><span class='ocrx_word' id='word_1_230' title='bbox 252 2846 276 2885; x_wconf 82' lang='grc'>2</span> <span class='ocrx_word' id='word_1_231' title='bbox 309 2845 385 2884; x_wconf 87' lang='lat' dir='ltr'><strong><em>Es.</em></strong></span> <span class='ocrx_word' id='word_1_232' title='bbox 411 2846 481 2897; x_wconf 88' lang='grc'><strong><em>35,</em></strong></span> <span class='ocrx_word' id='word_1_233' title='bbox 504 2848 542 2885; x_wconf 88' lang='lat'><strong><em>3.</em></strong></span> 
     </span>
    </p>
   </div>
  </div>
 </body>
</html>
