1946 3158
222 114 323 167 154
892 113 1140 156 EUSEBII

218 231 612 302 λογησαμένοις
644 231 736 286 καὶ
767 225 832 285 τοὶ
866 230 1017 302 δῶρα
1047 228 1112 286 τὰ
1142 225 1284 304 ὑπὲρ
1326 226 1610 305 ἁμαρτιῶν
1651 252 1826 305 προσ-

217 312 416 386 άγουσι
445 317 524 391 τῷ
550 315 682 390 θεῷ.
755 311 945 386 μόνων
986 312 1092 387 γὰρ
1133 313 1346 374 τούτων
1375 313 1410 388 ἡ
1441 315 1589 388 ψυχὴ
1630 312 1823 382 ὄψεται

219 400 435 473 σπέρμα
465 396 769 471 μακρόβιον
799 397 858 454 τὸ
889 401 989 454 τοῦ
1017 402 1279 471 Χριστοῦ,
1311 397 1431 471 ἤτοι
1462 398 1563 474 τὴν
1594 398 1825 458 αἰώνιον

217 481 361 556 ζωὴν
384 479 573 555 αὐτοῦ,
604 474 708 555 τὴν
737 481 873 554 μετὰ
901 479 999 539 τὸν
1028 480 1296 555 θάνατον,
1329 478 1363 556 ἦ
1394 483 1493 542 τὸν
1522 482 1659 542 καθ’
1694 482 1823 558 ὅλης

214 571 310 640 τῆς
340 569 668 640 οἰκουμένης
699 567 1070 640 ἐπισπαρέντα
1101 563 1273 624 αὐτοῦ
1314 567 1481 640 λόγον
1518 568 1824 644 μακρόβιον
1869 591 1888 624 5

124 724 136 734 Ι
217 650 481 724 ἐσόμενον
511 653 602 708 καὶ
636 657 713 718 εἰς
743 651 802 707 τὸ
834 649 920 708 ἀεὶ
947 652 1324 726 διαρκέσοντα.
1367 657 1450 710 63.
1478 651 1646 711 πάλιν
1676 652 1826 712 ἀνώ-

214 759 375 808 τερον
444 734 618 794 είπών
662 731 692 752 “
708 737 801 792 καὶ
842 731 998 808 ἡμεῖς
1040 734 1410 810 ἐλογισάμεθα
1451 734 1622 795 αὐτὸν
1682 738 1824 796 εἶναι

217 823 276 876 ἐν
307 818 480 897 πόνῳ,
510 822 618 878 νῦν
646 817 782 894 μετὰ
811 819 914 892 τὴν
943 820 1165 894 σφαγὴν
1194 822 1286 878 καὶ
1317 820 1413 879 τὸν
1443 820 1690 880 θάνατον
1722 822 1827 879 αὐ·-

213 907 331 977 τοῦ,
377 906 552 978 φησὶν
595 900 727 962 “uoci
768 903 1027 976 βούλεται
1065 904 1253 979 κύριος
1295 903 1527 978 ἀφελεῖν
1568 903 1677 964 ἀπὸ
1727 911 1826 965 τοῦ

213 987 390 1047 πόνου
412 993 509 1062 τῆς
532 995 712 1063 ψυχῆς
736 987 910 1047 αὐτοῦ
944 992 1118 1057 δεῖξαι
1158 987 1309 1067 αὐτῷ
1342 988 1507 1063 φῶς.”
1569 993 1685 1049 ἐπεὶ
1715 998 1825 1049 τοί·
1848 1014 1887 1046 10

213 1098 322 1130 νυν
351 1073 721 1147 βεβούλευται
751 1072 939 1147 κύριος
968 1072 995 1131 ὁ
1027 1077 1140 1132 τῶν
1179 1071 1326 1132 ὅλων
1358 1073 1489 1143 θεὸς
1519 1068 1824 1150 καθαρίσαι

215 1154 383 1215 αὐτὸν
413 1162 509 1231 τῆς
539 1163 752 1232 πληγῆς
775 1160 867 1216 καὶ
902 1161 1076 1226 δεῖξαι
1103 1156 1253 1234 αὐτῷ
1284 1161 1431 1232 φῶς,
1464 1159 1684 1227 πάντως
1714 1182 1823 1218 που

111 1265 199 1306 (100)
214 1245 516 1315 βουληθεὶς
555 1242 814 1317 πράξειεν
853 1238 923 1300 ἂν
959 1239 990 1300 ὃ
1021 1241 1320 1316 ἐβουλήθη.
1402 1248 1485 1302 64.
1518 1243 1688 1303 οὐδὲν
1718 1245 1823 1319 γάρ

169 1939 189 1970 b

218 1330 366 1384 ἐστιν
388 1324 418 1384 ὃ
448 1325 522 1401 μὴ
551 1333 763 1400 γίνεται
795 1319 874 1384 ὧν
904 1325 1189 1399 βούλεται·
1236 1326 1519 1402 ἐβουλήθη
1553 1330 1613 1387 δὲ
1643 1339 1825 1386 καθα·
1853 1355 1859 1364 ·

213 1417 366 1486 ρίσαι
418 1409 588 1470 αὐτὸν
631 1414 724 1470 καὶ
778 1414 952 1479 δεῖξαι
992 1408 1145 1488 αὐτῷ
1181 1415 1316 1484 φῶς.
1410 1414 1667 1486 ἐποίησεν
1716 1411 1824 1487 ἄρα
1848 1434 1888 1467 15

213 1500 403 1568 ταῦτα,
435 1499 526 1553 καὶ
557 1502 868 1571 καθαρίσας
900 1492 1071 1553 αὐτὸν
1100 1499 1311 1564 ἔδειξεν
1350 1493 1503 1574 αὐτῷ
1531 1504 1665 1571 φῶς.
1730 1500 1822 1556 καὶ

215 1583 334 1638 ἐπεὶ
365 1579 667 1655 ἐβουλήθη,
700 1581 792 1639 καὶ
823 1581 1127 1654 βουληθεὶς
1168 1577 1364 1654 ἀφεῖλε
1397 1581 1494 1639 τὸν
1524 1581 1699 1641 πόνον
1727 1587 1823 1655 τῆς

213 1669 392 1738 ψυχῆς
424 1664 617 1739 αὐτοῦ,
650 1668 741 1723 καὶ
776 1668 986 1734 ἔδειξεν
1015 1663 1165 1742 αὐτῷ
1197 1671 1344 1738 φῶς,
1379 1665 1600 1734 εἰκότως
1630 1663 1658 1724 ὁ
1690 1689 1821 1739 προ-

212 1749 390 1823 φήτης
433 1749 798 1809 ἐπισυνάπτει
841 1752 1020 1822 λέγων
1055 1745 1187 1807 “διο“ι
1225 1754 1388 1808 τοῦτο
1426 1748 1590 1818 αὐτὸς
1621 1760 1823 1826 κληρο-

213 1833 442 1907 νομήσει
471 1835 711 1902 πολλοὺς
742 1835 834 1892 καὶ
864 1837 976 1892 τῶν
1007 1837 1253 1907 ἰσχυρῶν
1281 1849 1461 1908 μεριεῑ
1490 1833 1722 1893 σκῦλα.”
1843 1857 1883 1890 20

341 1924 424 1976 65.
460 1918 636 1977 Ἔνθα
667 1916 862 1977 λοιπὸν
899 1916 1010 1990 ἤδη
1040 1921 1134 1976 καὶ
1170 1923 1265 1992 τῆς
1311 1925 1676 1993 κληρονομίας
1720 1922 1823 1977 τοῦ

214 2005 460 2073 Χριστοῦ
486 2005 755 2076 μέμνηται
783 2007 860 2079 τῷ
892 2004 1134 2080 δευτέρῳ
1158 2002 1473 2076 συμφώνως
1497 2010 1715 2082 ψαλμῷ,
1751 2001 1819 2061 δι’

213 2079 283 2144 οὗ
312 2089 440 2160 περὶ
463 2090 558 2160 τῆς
583 2089 883 2160 ἐπιβουλῆς
913 2090 1008 2159 τῆς
1041 2086 1159 2144 κατ’
1197 2085 1369 2145 αὐτοῦ
1409 2095 1821 2147 συσκευασθεί-

214 2190 314 2244 σης
345 2168 608 2245 ὀνομαστὶ
637 2178 912 2238 θεσπίσας
943 2170 972 2228 ὃ
1003 2170 1165 2244 λόγος
1213 2175 1272 2229 ἐν
1311 2175 1390 2249 τῷ
1421 2167 1452 2191 “
1468 2175 1821 2247 παρέστησαν

213 2261 271 2313 οἱ
306 2261 554 2327 βασιλεῖς
604 2259 700 2328 τῆς
749 2259 868 2330 γῆς,
914 2258 1006 2313 καὶ
1051 2252 1108 2315 οἷ
1141 2256 1400 2331 ἄρχοντες
1454 2255 1819 2331 συνήχθησαν
1843 2280 1883 2313 25

214 2342 303 2397 ἐπὶ
333 2339 392 2398 τὸ
425 2339 559 2398 αὐτὸ
606 2340 742 2398 κατὰ
770 2346 870 2398 τοῦ
915 2348 1115 2411 κυρίου
1148 2343 1240 2399 καὶ
1286 2339 1423 2398 κατὰ
1444 2347 1543 2399 τοῦ
1575 2347 1818 2414 Χριστοῦ

211 2422 431 2499 αὐτοῦ,”
479 2429 601 2498 ἑξῆς
632 2427 869 2498 ἐπιλέγει
893 2421 922 2442 “
939 2423 1125 2500 κύριος
1152 2425 1272 2483 εἶπε
1292 2423 1429 2499 πρός
1457 2449 1543 2499 με,
1567 2425 1688 2492 υἱός
1710 2450 1817 2499 μου

212 2509 266 2566 εἷ
291 2514 379 2580 σὺ,
415 2510 519 2583 ε’γώ
543 2507 784 2585 σήμερον
813 2509 1118 2583 γεγέννηκά
1140 2527 1218 2568 σε.
1262 2519 1482 2583 αἴτησαι
1512 2508 1634 2583 παρ’
1665 2513 1817 2584 ἐμοῦ,

212 2595 305 2650 καὶ
347 2593 509 2652 δώσω
541 2613 627 2653 σοι
659 2601 800 2668 ἔθνη
839 2588 942 2668 τὴν
982 2601 1356 2667 κληρονομίαν
1395 2612 1530 2667 σου,
1584 2597 1673 2652 καὶ
1715 2592 1818 2667 τὴν

213 2678 544 2752 κατάσχεσίν
574 2699 676 2738 σου
721 2679 787 2737 τὰ
809 2680 1017 2753 πέρατα
1047 2681 1142 2751 τῆς
1172 2675 1319 2751 γῆς.”
1840 2701 1881 2734 30

328 2873 379 2912 19
410 2872 486 2912 Es.
510 2875 576 2923 53,
604 2875 669 2914 12.
843 2873 898 2914 24
928 2873 1001 2915 Ps.
1026 2874 1065 2923 2,
1089 2873 1129 2915 2.
