<?xml version="1.0" encoding="UTF-8"?>
<!DOCTYPE html PUBLIC "-//W3C//DTD XHTML 1.0 Transitional//EN"
    "http://www.w3.org/TR/xhtml1/DTD/xhtml1-transitional.dtd">
<html xmlns="http://www.w3.org/1999/xhtml" xml:lang="en" lang="en">
 <head>
  <title>
</title>
<meta http-equiv="Content-Type" content="text/html;charset=utf-8" />
  <meta name='ocr-system' content='tesseract 3.04.00' />
  <meta name='ocr-capabilities' content='ocr_page ocr_carea ocr_par ocr_line ocrx_word'/>
</head>
<body>
  <div class='ocr_page' id='page_1' title='image "./operaeusebius03euseuoft_0361.png"; bbox 0 0 1992 3186; ppageno 0'>
   <div class='ocr_carea' id='block_1_1' title="bbox 530 159 1728 211">
    <p class='ocr_par' dir='ltr' id='par_1_1' title="bbox 530 159 1728 211">
     <span class='ocr_line' id='line_1_1' title="bbox 530 159 1728 211; baseline 0.003 -9"><span class='ocrx_word' id='word_1_1' title='bbox 530 160 837 203; x_wconf 81' lang='lat' dir='ltr'><strong>DEMONST.</strong></span> <span class='ocrx_word' id='word_1_2' title='bbox 858 161 1078 203; x_wconf 78' lang='lat' dir='ltr'><strong>EVANG.</strong></span> <span class='ocrx_word' id='word_1_3' title='bbox 1101 163 1154 203; x_wconf 87' lang='lat' dir='ltr'><em>V.</em></span> <span class='ocrx_word' id='word_1_4' title='bbox 1174 161 1241 203; x_wconf 82' lang='lat'><em>17.</em></span> <span class='ocrx_word' id='word_1_5' title='bbox 1265 163 1331 202; x_wconf 83' lang='lat'><em>18.</em></span> <span class='ocrx_word' id='word_1_6' title='bbox 1626 159 1728 211; x_wconf 77' lang='lat'><em>337</em></span> 
     </span>
    </p>
   </div>
   <div class='ocr_carea' id='block_1_2' title="bbox 114 342 1729 563">
    <p class='ocr_par' dir='ltr' id='par_1_2' title="bbox 114 342 1729 563">
     <span class='ocr_line' id='line_1_2' title="bbox 624 342 1218 420; baseline -0.002 -18"><span class='ocrx_word' id='word_1_7' title='bbox 624 343 757 402; x_wconf 84' lang='grc' dir='ltr'><em>Ἀπὸ</em></span> <span class='ocrx_word' id='word_1_8' title='bbox 787 349 899 402; x_wconf 78' lang='grc' dir='ltr'><em>τῶν</em></span> <span class='ocrx_word' id='word_1_9' title='bbox 924 342 1218 420; x_wconf 75' lang='grc' dir='ltr'><strong><em>Ἀριθμῶν.</em></strong></span> 
     </span>
     <span class='ocr_line' id='line_1_3' title="bbox 114 447 1729 509; baseline -0.001 -13"><span class='ocrx_word' id='word_1_10' title='bbox 114 450 198 504; x_wconf 76' lang='grc' dir='ltr'><em>Ὡς</em></span> <span class='ocrx_word' id='word_1_11' title='bbox 219 449 301 498; x_wconf 88' lang='grc' dir='ltr'><em>τὸν</em></span> <span class='ocrx_word' id='word_1_12' title='bbox 324 449 445 497; x_wconf 88' lang='grc' dir='ltr'><em>θεὸν</em></span> <span class='ocrx_word' id='word_1_13' title='bbox 466 453 527 509; x_wconf 82' lang='grc' dir='ltr'><em>τῷ</em></span> <span class='ocrx_word' id='word_1_14' title='bbox 542 447 727 507; x_wconf 83' lang='grc' dir='ltr'><em>Ἰσραὴλ</em></span> <span class='ocrx_word' id='word_1_15' title='bbox 750 448 925 506; x_wconf 85' lang='grc' dir='ltr'><em>ὁρατὸν</em></span> <span class='ocrx_word' id='word_1_16' title='bbox 948 448 1074 496; x_wconf 80' lang='grc' dir='ltr'><em>εἶναι</em></span> <span class='ocrx_word' id='word_1_17' title='bbox 1103 447 1132 508; x_wconf 84' lang='grc' dir='ltr'>ἡ</span> <span class='ocrx_word' id='word_1_18' title='bbox 1156 452 1274 494; x_wconf 89' lang='grc' dir='ltr'><em>θεία</em></span> <span class='ocrx_word' id='word_1_19' title='bbox 1305 448 1530 495; x_wconf 78' lang='grc' dir='ltr'><em>διδάσκει</em></span> <span class='ocrx_word' id='word_1_20' title='bbox 1551 449 1729 508; x_wconf 79' lang='grc' dir='ltr'><em>γραφὴ,</em></span> 
     </span>
     <span class='ocr_line' id='line_1_4' title="bbox 510 503 1349 563; baseline 0.002 -12"><span class='ocrx_word' id='word_1_21' title='bbox 510 503 594 552; x_wconf 86' lang='grc' dir='ltr'><em>τὸν</em></span> <span class='ocrx_word' id='word_1_22' title='bbox 616 509 699 551; x_wconf 82' lang='grc' dir='ltr'><em>τοῦ</em></span> <span class='ocrx_word' id='word_1_23' title='bbox 719 509 842 552; x_wconf 81' lang='grc' dir='ltr'><em>θεοῦ</em></span> <span class='ocrx_word' id='word_1_24' title='bbox 866 506 1007 563; x_wconf 78' lang='grc' dir='ltr'><em>λόγον</em></span> <span class='ocrx_word' id='word_1_25' title='bbox 1028 505 1349 563; x_wconf 80' lang='grc' dir='ltr'><em>αἰνιττομένη.</em></span> 
     </span>
    </p>
   </div>
   <div class='ocr_carea' id='block_1_3' title="bbox 63 608 1786 2562">
    <p class='ocr_par' dir='ltr' id='par_1_3' title="bbox 261 608 1780 686">
     <span class='ocr_line' id='line_1_5' title="bbox 261 608 1780 686; baseline -0.005 -13"><span class='ocrx_word' id='word_1_26' title='bbox 261 623 426 674; x_wconf 90' lang='lat' dir='ltr'>XVIII.</span> <span class='ocrx_word' id='word_1_27' title='bbox 460 608 549 669; x_wconf 84' lang='grc' dir='ltr'><em>Ἐν</em></span> <span class='ocrx_word' id='word_1_28' title='bbox 578 624 692 677; x_wconf 77' lang='grc' dir='ltr'><em>τοῖς</em></span> <span class='ocrx_word' id='word_1_29' title='bbox 716 609 1000 686; x_wconf 82' lang='grc' dir='ltr'><em>Ἀριθμοϊς</em></span> <span class='ocrx_word' id='word_1_30' title='bbox 1024 609 1280 685; x_wconf 82' lang='grc' dir='ltr'><em>ὁΜωσῆς</em></span> <span class='ocrx_word' id='word_1_31' title='bbox 1307 609 1601 684; x_wconf 83' lang='grc' dir='ltr'><em>εὐχόμενός</em></span> <span class='ocrx_word' id='word_1_32' title='bbox 1630 635 1733 684; x_wconf 84' lang='grc' dir='ltr'><em>φη·</em></span> <span class='ocrx_word' id='word_1_33' title='bbox 1757 633 1780 666; x_wconf 80' lang='lat' dir='ltr'>d</span> 
     </span>
    </p>

    <p class='ocr_par' dir='ltr' id='par_1_4' title="bbox 63 693 1738 1359">
     <span class='ocr_line' id='line_1_6' title="bbox 83 693 1737 772; baseline -0.001 -19"><span class='ocrx_word' id='word_1_34' title='bbox 83 721 103 753; x_wconf 89' lang='lat'>5</span> <span class='ocrx_word' id='word_1_35' title='bbox 126 714 217 755; x_wconf 91' lang='grc' dir='ltr'><em>σιν</em></span> <span class='ocrx_word' id='word_1_36' title='bbox 240 693 363 753; x_wconf 64' lang='lat' dir='ltr'><em>“gn</em></span> <span class='ocrx_word' id='word_1_37' title='bbox 394 695 462 754; x_wconf 80' lang='grc' dir='ltr'><em>σὺ</em></span> <span class='ocrx_word' id='word_1_38' title='bbox 496 695 548 752; x_wconf 81' lang='grc' dir='ltr'><em>εἴ</em></span> <span class='ocrx_word' id='word_1_39' title='bbox 567 694 758 770; x_wconf 77' lang='grc' dir='ltr'><em>κύριος</em></span> <span class='ocrx_word' id='word_1_40' title='bbox 784 699 844 753; x_wconf 88' lang='grc' dir='ltr'><em>έν</em></span> <span class='ocrx_word' id='word_1_41' title='bbox 873 698 951 771; x_wconf 76' lang='grc' dir='ltr'><em>τῷ</em></span> <span class='ocrx_word' id='word_1_42' title='bbox 980 698 1097 772; x_wconf 73' lang='grc' dir='ltr'><em>λαῷ</em></span> <span class='ocrx_word' id='word_1_43' title='bbox 1118 693 1314 772; x_wconf 77' lang='grc' dir='ltr'><em>τούτῳ,</em></span> <span class='ocrx_word' id='word_1_44' title='bbox 1345 693 1492 762; x_wconf 80' lang='grc' dir='ltr'><em>ὅστις</em></span> <span class='ocrx_word' id='word_1_45' title='bbox 1515 694 1737 768; x_wconf 83' lang='grc' dir='ltr'><em>ὀφθαλ-</em></span> 
     </span>
     <span class='ocr_line' id='line_1_7' title="bbox 124 771 1734 854; baseline -0.002 -16"><span class='ocrx_word' id='word_1_46' title='bbox 124 796 246 854; x_wconf 80' lang='grc' dir='ltr'><em>μοῖς</em></span> <span class='ocrx_word' id='word_1_47' title='bbox 277 777 398 838; x_wconf 87' lang='grc' dir='ltr'><em>κατ’</em></span> <span class='ocrx_word' id='word_1_48' title='bbox 442 777 771 854; x_wconf 79' lang='grc' dir='ltr'><em>ὀφθαλμοὺς</em></span> <span class='ocrx_word' id='word_1_49' title='bbox 801 777 1013 852; x_wconf 73' lang='grc' dir='ltr'><em>ὀπτάνῃ</em></span> <span class='ocrx_word' id='word_1_50' title='bbox 1054 779 1124 835; x_wconf 81' lang='grc' dir='ltr'>σύ</span> <span class='ocrx_word' id='word_1_51' title='bbox 1155 776 1376 853; x_wconf 83' lang='grc' dir='ltr'><em>κύριε·”</em></span> <span class='ocrx_word' id='word_1_52' title='bbox 1438 776 1574 837; x_wconf 77' lang='grc' dir='ltr'><em>ἄνθ’</em></span> <span class='ocrx_word' id='word_1_53' title='bbox 1609 771 1676 836; x_wconf 78' lang='grc' dir='ltr'><em>οὗ</em></span> <span class='ocrx_word' id='word_1_54' title='bbox 1706 776 1734 836; x_wconf 85' lang='grc' dir='ltr'>ὁ</span> 
     </span>
     <span class='ocr_line' id='line_1_8' title="bbox 124 859 1736 941; baseline -0.001 -19"><span class='ocrx_word' id='word_1_55' title='bbox 124 866 227 938; x_wconf 79' lang='grc' dir='ltr'><em>μὲν</em></span> <span class='ocrx_word' id='word_1_56' title='bbox 260 862 492 930; x_wconf 79' lang='grc' dir='ltr'><strong><em>Ἀκύλας</em></strong></span> <span class='ocrx_word' id='word_1_57' title='bbox 534 866 800 931; x_wconf 78' lang='grc' dir='ltr'><em>ἐξέδωκεν</em></span> <span class='ocrx_word' id='word_1_58' title='bbox 837 859 956 920; x_wconf 64' lang='lat' dir='ltr'><em>“gn</em></span> <span class='ocrx_word' id='word_1_59' title='bbox 996 862 1067 919; x_wconf 76' lang='grc' dir='ltr'><em>σὺ</em></span> <span class='ocrx_word' id='word_1_60' title='bbox 1110 862 1160 919; x_wconf 79' lang='grc' dir='ltr'><em>εἷ</em></span> <span class='ocrx_word' id='word_1_61' title='bbox 1203 862 1391 937; x_wconf 83' lang='grc' dir='ltr'><em>κύριος</em></span> <span class='ocrx_word' id='word_1_62' title='bbox 1434 866 1493 921; x_wconf 88' lang='grc' dir='ltr'><em>ἐν</em></span> <span class='ocrx_word' id='word_1_63' title='bbox 1526 862 1736 941; x_wconf 78' lang='grc' dir='ltr'><em>ἐγκάτῳ</em></span> 
     </span>
     <span class='ocr_line' id='line_1_9' title="bbox 123 943 1737 1023; baseline -0.001 -17"><span class='ocrx_word' id='word_1_64' title='bbox 123 955 221 1006; x_wconf 81' lang='grc' dir='ltr'><em>τοῦ</em></span> <span class='ocrx_word' id='word_1_65' title='bbox 251 952 392 1005; x_wconf 79' lang='grc' dir='ltr'><em>λαοῦ</em></span> <span class='ocrx_word' id='word_1_66' title='bbox 420 946 647 1019; x_wconf 79' lang='grc' dir='ltr'><em>τούτου,</em></span> <span class='ocrx_word' id='word_1_67' title='bbox 679 943 737 1013; x_wconf 81' lang='grc' dir='ltr'><em>ὃς</em></span> <span class='ocrx_word' id='word_1_68' title='bbox 767 945 1066 1020; x_wconf 84' lang='grc' dir='ltr'><em>ὀφθαλμὸν</em></span> <span class='ocrx_word' id='word_1_69' title='bbox 1099 949 1157 1004; x_wconf 85' lang='grc' dir='ltr'><em>ἐν</em></span> <span class='ocrx_word' id='word_1_70' title='bbox 1188 945 1502 1021; x_wconf 77' lang='grc' dir='ltr'><em>ὀφθαλμοῖς</em></span> <span class='ocrx_word' id='word_1_71' title='bbox 1532 946 1636 1023; x_wconf 75' lang='grc' dir='ltr'><em>ὁρᾷ</em></span> <span class='ocrx_word' id='word_1_72' title='bbox 1666 946 1737 1005; x_wconf 80' lang='grc' dir='ltr'>σύ</span> 
     </span>
     <span class='ocr_line' id='line_1_10' title="bbox 125 1028 1406 1107; baseline -0.001 -17"><span class='ocrx_word' id='word_1_73' title='bbox 125 1029 337 1107; x_wconf 84' lang='grc' dir='ltr'><em>κύριε.”</em></span> <span class='ocrx_word' id='word_1_74' title='bbox 399 1031 428 1089; x_wconf 87' lang='grc' dir='ltr'>ὁ</span> <span class='ocrx_word' id='word_1_75' title='bbox 454 1032 515 1088; x_wconf 73' lang='grc' dir='ltr'><em>δὲ</em></span> <span class='ocrx_word' id='word_1_76' title='bbox 539 1030 840 1106; x_wconf 81' lang='grc' dir='ltr'><em>Σύμμαχος</em></span> <span class='ocrx_word' id='word_1_77' title='bbox 862 1028 983 1088; x_wconf 65' lang='lat' dir='ltr'><em>“gu</em></span> <span class='ocrx_word' id='word_1_78' title='bbox 1014 1030 1084 1087; x_wconf 81' lang='grc' dir='ltr'><em>σύ</em></span> <span class='ocrx_word' id='word_1_79' title='bbox 1118 1030 1169 1087; x_wconf 82' lang='grc' dir='ltr'><em>εἶ</em></span> <span class='ocrx_word' id='word_1_80' title='bbox 1195 1028 1406 1105; x_wconf 81' lang='grc' dir='ltr'><em>κύριε.”</em></span> 
     </span>
     <span class='ocr_line' id='line_1_11' title="bbox 63 1112 1738 1194; baseline -0.001 -21"><span class='ocrx_word' id='word_1_81' title='bbox 63 1115 318 1194; x_wconf 74' lang='grc' dir='ltr'><em>ιοἘξόδςο</em></span> <span class='ocrx_word' id='word_1_82' title='bbox 362 1125 573 1190; x_wconf 79' lang='grc' dir='ltr'><em>εἴρηται</em></span> <span class='ocrx_word' id='word_1_83' title='bbox 607 1112 738 1173; x_wconf 66' lang='grc' dir='ltr'><em>“καὶ</em></span> <span class='ocrx_word' id='word_1_84' title='bbox 779 1113 951 1189; x_wconf 74' lang='grc' dir='ltr'><em>ἀνέβη</em></span> <span class='ocrx_word' id='word_1_85' title='bbox 995 1118 1208 1188; x_wconf 77' lang='grc' dir='ltr'><em>Μωσῆς</em></span> <span class='ocrx_word' id='word_1_86' title='bbox 1257 1118 1348 1172; x_wconf 83' lang='grc' dir='ltr'><em>καὶ</em></span> <span class='ocrx_word' id='word_1_87' title='bbox 1381 1114 1598 1191; x_wconf 72' lang='grc' dir='ltr'><em>Ἀαρών</em></span> <span class='ocrx_word' id='word_1_88' title='bbox 1646 1118 1738 1172; x_wconf 86' lang='grc' dir='ltr'><em>καὶ</em></span> 
     </span>
     <span class='ocr_line' id='line_1_12' title="bbox 125 1197 1738 1274; baseline -0.002 -15"><span class='ocrx_word' id='word_1_89' title='bbox 125 1201 329 1273; x_wconf 78' lang='grc' dir='ltr'><em>Ναδὰβ</em></span> <span class='ocrx_word' id='word_1_90' title='bbox 369 1202 463 1258; x_wconf 89' lang='grc' dir='ltr'><em>καὶ</em></span> <span class='ocrx_word' id='word_1_91' title='bbox 488 1197 741 1272; x_wconf 76' lang='grc' dir='ltr'><em>Ἀβιούδ,</em></span> <span class='ocrx_word' id='word_1_92' title='bbox 781 1202 873 1257; x_wconf 87' lang='grc' dir='ltr'><em>καὶ</em></span> <span class='ocrx_word' id='word_1_93' title='bbox 916 1198 1296 1273; x_wconf 86' lang='grc' dir='ltr'><em>ἐβδομήκοντα</em></span> <span class='ocrx_word' id='word_1_94' title='bbox 1336 1202 1449 1256; x_wconf 73' lang='grc' dir='ltr'><em>τῶν</em></span> <span class='ocrx_word' id='word_1_95' title='bbox 1489 1207 1738 1274; x_wconf 87' lang='grc' dir='ltr'><em>πρεσβυ-</em></span> 
     </span>
     <span class='ocr_line' id='line_1_13' title="bbox 125 1281 1738 1359; baseline -0.002 -16"><span class='ocrx_word' id='word_1_96' title='bbox 125 1288 303 1359; x_wconf 88' lang='grc' dir='ltr'><em>τέρων</em></span> <span class='ocrx_word' id='word_1_97' title='bbox 332 1287 432 1343; x_wconf 81' lang='grc' dir='ltr'><em>τοῦ</em></span> <span class='ocrx_word' id='word_1_98' title='bbox 455 1281 699 1359; x_wconf 82' lang='grc' dir='ltr'><em>Ἰσραὴλ,</em></span> <span class='ocrx_word' id='word_1_99' title='bbox 731 1287 824 1341; x_wconf 81' lang='grc' dir='ltr'><em>καὶ</em></span> <span class='ocrx_word' id='word_1_100' title='bbox 849 1284 1001 1342; x_wconf 78' lang='grc' dir='ltr'><em>εἶδον</em></span> <span class='ocrx_word' id='word_1_101' title='bbox 1023 1282 1120 1341; x_wconf 82' lang='grc' dir='ltr'><em>τὸν</em></span> <span class='ocrx_word' id='word_1_102' title='bbox 1142 1282 1312 1341; x_wconf 85' lang='grc' dir='ltr'><em>τόπον</em></span> <span class='ocrx_word' id='word_1_103' title='bbox 1335 1281 1476 1340; x_wconf 81' lang='grc' dir='ltr'><em>ὅπου</em></span> <span class='ocrx_word' id='word_1_104' title='bbox 1508 1287 1738 1357; x_wconf 80' lang='grc' dir='ltr'><em>ἕστηκεν</em></span> 
     </span>
    </p>

    <p class='ocr_par' dir='ltr' id='par_1_5' title="bbox 65 1360 1786 2535">
     <span class='ocr_line' id='line_1_14' title="bbox 127 1360 1738 1442; baseline -0.001 -16"><span class='ocrx_word' id='word_1_105' title='bbox 127 1367 155 1426; x_wconf 86' lang='grc' dir='ltr'>ὁ</span> <span class='ocrx_word' id='word_1_106' title='bbox 187 1368 319 1435; x_wconf 87' lang='grc' dir='ltr'><em>θεὸς</em></span> <span class='ocrx_word' id='word_1_107' title='bbox 344 1365 615 1442; x_wconf 85' lang='grc' dir='ltr'><em>Ἱσραήλ,”</em></span> <span class='ocrx_word' id='word_1_108' title='bbox 685 1366 817 1426; x_wconf 79' lang='grc' dir='ltr'><em>ἄνθ’</em></span> <span class='ocrx_word' id='word_1_109' title='bbox 865 1360 937 1426; x_wconf 74' lang='grc' dir='ltr'><em>οὗ</em></span> <span class='ocrx_word' id='word_1_110' title='bbox 973 1367 1001 1424; x_wconf 87' lang='grc' dir='ltr'>ὁ</span> <span class='ocrx_word' id='word_1_111' title='bbox 1042 1369 1144 1441; x_wconf 78' lang='grc' dir='ltr'><em>μὲν</em></span> <span class='ocrx_word' id='word_1_112' title='bbox 1170 1365 1401 1435; x_wconf 81' lang='grc' dir='ltr'><strong><em>Ἀκύλας</em></strong></span> <span class='ocrx_word' id='word_1_113' title='bbox 1423 1367 1554 1425; x_wconf 79' lang='grc' dir='ltr'><em>“καὶ</em></span> <span class='ocrx_word' id='word_1_114' title='bbox 1586 1367 1738 1425; x_wconf 81' lang='grc' dir='ltr'><em>εἶδον</em></span> 
     </span>
     <span class='ocr_line' id='line_1_15' title="bbox 130 1448 1738 1526; baseline 0.001 -18"><span class='ocrx_word' id='word_1_115' title='bbox 130 1451 317 1526; x_wconf 82' lang='grc' dir='ltr'>(φησὶ)</span> <span class='ocrx_word' id='word_1_116' title='bbox 350 1452 447 1509; x_wconf 88' lang='grc' dir='ltr'><em>τὸν</em></span> <span class='ocrx_word' id='word_1_117' title='bbox 478 1448 617 1509; x_wconf 86' lang='grc' dir='ltr'><em>θεὸν</em></span> <span class='ocrx_word' id='word_1_118' title='bbox 639 1450 912 1526; x_wconf 86' lang='grc' dir='ltr'><em>Ἰσραήλ,”</em></span> <span class='ocrx_word' id='word_1_119' title='bbox 948 1451 977 1508; x_wconf 85' lang='grc' dir='ltr'><em>ὃ</em></span> <span class='ocrx_word' id='word_1_120' title='bbox 1011 1453 1071 1509; x_wconf 76' lang='grc' dir='ltr'><em>δὲ</em></span> <span class='ocrx_word' id='word_1_121' title='bbox 1106 1450 1406 1525; x_wconf 81' lang='grc' dir='ltr'><em>Σύμμαχος</em></span> <span class='ocrx_word' id='word_1_122' title='bbox 1428 1451 1560 1509; x_wconf 70' lang='lat' dir='ltr'><em>“nal</em></span> <span class='ocrx_word' id='word_1_123' title='bbox 1586 1453 1738 1510; x_wconf 82' lang='grc' dir='ltr'><em>εἶδον</em></span> 
     </span>
     <span class='ocr_line' id='line_1_16' title="bbox 65 1530 1738 1611; baseline 0.001 -20"><span class='ocrx_word' id='word_1_124' title='bbox 65 1561 106 1592; x_wconf 86' lang='lat'><em>15</em></span> <span class='ocrx_word' id='word_1_125' title='bbox 128 1535 361 1611; x_wconf 77' lang='grc' dir='ltr'><em>ὁράματι</em></span> <span class='ocrx_word' id='word_1_126' title='bbox 398 1535 495 1593; x_wconf 88' lang='grc' dir='ltr'><em>τὸν</em></span> <span class='ocrx_word' id='word_1_127' title='bbox 535 1535 674 1594; x_wconf 87' lang='grc' dir='ltr'><em>θεὸν</em></span> <span class='ocrx_word' id='word_1_128' title='bbox 697 1533 964 1610; x_wconf 84' lang='grc' dir='ltr'><em>Ἰσραήλ.”</em></span> <span class='ocrx_word' id='word_1_129' title='bbox 1037 1540 1085 1592; x_wconf 80' lang='lat'><em>3.</em></span> <span class='ocrx_word' id='word_1_130' title='bbox 1122 1534 1213 1592; x_wconf 72' lang='grc' dir='ltr'><em>διὰ</em></span> <span class='ocrx_word' id='word_1_131' title='bbox 1252 1530 1312 1592; x_wconf 80' lang='grc' dir='ltr'><em>τὸ</em></span> <span class='ocrx_word' id='word_1_132' title='bbox 1338 1532 1512 1594; x_wconf 78' lang='grc' dir='ltr'><em>“θεὸν</em></span> <span class='ocrx_word' id='word_1_133' title='bbox 1550 1533 1738 1602; x_wconf 77' lang='grc' dir='ltr'><em>οὐδεὶς</em></span> 
     </span>
     <span class='ocr_line' id='line_1_17' title="bbox 130 1617 1740 1696; baseline -0.001 -19"><span class='ocrx_word' id='word_1_134' title='bbox 130 1619 338 1694; x_wconf 76' lang='grc' dir='ltr'><em>ἑώρακε</em></span> <span class='ocrx_word' id='word_1_135' title='bbox 368 1618 589 1677; x_wconf 72' lang='grc' dir='ltr'><em>πώποτε</em></span> <span class='ocrx_word' id='word_1_136' title='bbox 610 1618 768 1693; x_wconf 75' lang='grc' dir='ltr'><em>“τοὲχ’</em></span> <span class='ocrx_word' id='word_1_137' title='bbox 806 1617 876 1677; x_wconf 76' lang='grc' dir='ltr'><em>ἄν</em></span> <span class='ocrx_word' id='word_1_138' title='bbox 900 1643 981 1685; x_wconf 90' lang='grc' dir='ltr'><em>τις</em></span> <span class='ocrx_word' id='word_1_139' title='bbox 1007 1621 1266 1676; x_wconf 81' lang='grc' dir='ltr'><em>ἐναντίαν</em></span> <span class='ocrx_word' id='word_1_140' title='bbox 1290 1619 1432 1677; x_wconf 82' lang='grc' dir='ltr'><em>εἶναι</em></span> <span class='ocrx_word' id='word_1_141' title='bbox 1454 1623 1530 1696; x_wconf 78' lang='grc' dir='ltr'><em>τῷ</em></span> <span class='ocrx_word' id='word_1_142' title='bbox 1562 1638 1740 1692; x_wconf 83' lang='grc' dir='ltr'><em>σωτη-</em></span> 
     </span>
     <span class='ocr_line' id='line_1_18' title="bbox 130 1699 1740 1781; baseline -0.001 -20"><span class='ocrx_word' id='word_1_143' title='bbox 130 1702 318 1780; x_wconf 76' lang='grc' dir='ltr'><em>ριώδει</em></span> <span class='ocrx_word' id='word_1_144' title='bbox 348 1703 494 1781; x_wconf 77' lang='grc' dir='ltr'><em>λόγῳ</em></span> <span class='ocrx_word' id='word_1_145' title='bbox 523 1702 626 1776; x_wconf 81' lang='grc' dir='ltr'><em>τὴν</em></span> <span class='ocrx_word' id='word_1_146' title='bbox 656 1707 945 1778; x_wconf 81' lang='grc' dir='ltr'><em>παροῦσαν</em></span> <span class='ocrx_word' id='word_1_147' title='bbox 974 1701 1247 1775; x_wconf 80' lang='grc' dir='ltr'><em>ὑπολάβοι</em></span> <span class='ocrx_word' id='word_1_148' title='bbox 1278 1705 1453 1776; x_wconf 81' lang='grc' dir='ltr'><em>λέξιν,</em></span> <span class='ocrx_word' id='word_1_149' title='bbox 1495 1701 1568 1770; x_wconf 75' lang='grc' dir='ltr'><em>ὡς</em></span> <span class='ocrx_word' id='word_1_150' title='bbox 1606 1699 1740 1776; x_wconf 84' lang='grc' dir='ltr'><em>ὁρα-</em></span> 
     </span>
     <span class='ocr_line' id='line_1_19' title="bbox 128 1785 1743 1862; baseline -0.001 -17"><span class='ocrx_word' id='word_1_151' title='bbox 128 1788 226 1845; x_wconf 88' lang='grc' dir='ltr'><em>τὸν</em></span> <span class='ocrx_word' id='word_1_152' title='bbox 263 1787 678 1861; x_wconf 82' lang='grc' dir='ltr'><em>ὑποτιθεμένην</em></span> <span class='ocrx_word' id='word_1_153' title='bbox 719 1785 816 1844; x_wconf 81' lang='grc' dir='ltr'><em>τὸν</em></span> <span class='ocrx_word' id='word_1_154' title='bbox 857 1787 959 1859; x_wconf 80' lang='grc' dir='ltr'><em>τὴν</em></span> <span class='ocrx_word' id='word_1_155' title='bbox 999 1785 1173 1860; x_wconf 78' lang='grc' dir='ltr'><em>φύσιν</em></span> <span class='ocrx_word' id='word_1_156' title='bbox 1204 1785 1456 1862; x_wconf 74' lang='grc' dir='ltr'><em>ἀόρατον.</em></span> <span class='ocrx_word' id='word_1_157' title='bbox 1532 1785 1654 1844; x_wconf 82' lang='grc' dir='ltr'><em>ἀλλ’</em></span> <span class='ocrx_word' id='word_1_158' title='bbox 1691 1793 1743 1845; x_wconf 83' lang='grc' dir='ltr'><em>εἰ</em></span> 
     </span>
     <span class='ocr_line' id='line_1_20' title="bbox 129 1870 1786 1946; baseline 0 -18"><span class='ocrx_word' id='word_1_159' title='bbox 129 1873 222 1930; x_wconf 85' lang='grc' dir='ltr'><em>καὶ</em></span> <span class='ocrx_word' id='word_1_160' title='bbox 251 1875 422 1930; x_wconf 82' lang='grc' dir='ltr'><em>ταῦτα</em></span> <span class='ocrx_word' id='word_1_161' title='bbox 456 1873 543 1929; x_wconf 86' lang='grc' dir='ltr'><em>ἐπὶ</em></span> <span class='ocrx_word' id='word_1_162' title='bbox 573 1870 670 1929; x_wconf 86' lang='grc' dir='ltr'><em>τὸν</em></span> <span class='ocrx_word' id='word_1_163' title='bbox 699 1870 867 1944; x_wconf 78' lang='grc' dir='ltr'><em>λόγον</em></span> <span class='ocrx_word' id='word_1_164' title='bbox 895 1873 994 1928; x_wconf 78' lang='grc' dir='ltr'><em>τοῦ</em></span> <span class='ocrx_word' id='word_1_165' title='bbox 1015 1875 1156 1928; x_wconf 85' lang='grc' dir='ltr'><em>θεοῦ</em></span> <span class='ocrx_word' id='word_1_166' title='bbox 1181 1871 1277 1928; x_wconf 88' lang='grc' dir='ltr'><em>τὸν</em></span> <span class='ocrx_word' id='word_1_167' title='bbox 1300 1874 1630 1946; x_wconf 72' lang='grc' dir='ltr'><em>πολυμερῶς</em></span> <span class='ocrx_word' id='word_1_168' title='bbox 1646 1873 1738 1928; x_wconf 82' lang='grc' dir='ltr'><em>καὶ</em></span> <span class='ocrx_word' id='word_1_169' title='bbox 1766 1897 1786 1928; x_wconf 85' lang='lat' dir='ltr'>b</span> 
     </span>
     <span class='ocr_line' id='line_1_21' title="bbox 67 1953 1739 2031; baseline 0.001 -19"><span class='ocrx_word' id='word_1_170' title='bbox 67 1981 110 2012; x_wconf 84' lang='lat'><em>20</em></span> <span class='ocrx_word' id='word_1_171' title='bbox 130 1955 488 2031; x_wconf 76' lang='grc' dir='ltr'><em>πολυτρόπως</em></span> <span class='ocrx_word' id='word_1_172' title='bbox 517 1953 768 2029; x_wconf 78' lang='grc' dir='ltr'><em>ὀφθέντα</em></span> <span class='ocrx_word' id='word_1_173' title='bbox 798 1969 911 2022; x_wconf 85' lang='grc' dir='ltr'><em>τοῖς</em></span> <span class='ocrx_word' id='word_1_174' title='bbox 943 1954 1216 2031; x_wconf 77' lang='grc' dir='ltr'><em>πατράσιν</em></span> <span class='ocrx_word' id='word_1_175' title='bbox 1258 1955 1508 2028; x_wconf 78' lang='grc' dir='ltr'><em>ἐκλάβοις</em></span> <span class='ocrx_word' id='word_1_176' title='bbox 1538 1954 1739 2029; x_wconf 86' lang='grc' dir='ltr'><em>ὁμοίως</em></span> 
     </span>
     <span class='ocr_line' id='line_1_22' title="bbox 130 2036 1739 2114; baseline 0.001 -18"><span class='ocrx_word' id='word_1_177' title='bbox 130 2053 244 2106; x_wconf 85' lang='grc' dir='ltr'><em>τοῖς</em></span> <span class='ocrx_word' id='word_1_178' title='bbox 283 2045 812 2114; x_wconf 84' lang='grc' dir='ltr'><em>προαποδειχθεῖσιν</em></span> <span class='ocrx_word' id='word_1_179' title='bbox 850 2036 1013 2114; x_wconf 78' lang='grc' dir='ltr'><em>ἡμῖν,</em></span> <span class='ocrx_word' id='word_1_180' title='bbox 1065 2037 1246 2097; x_wconf 81' lang='grc' dir='ltr'><em>οὐκέτ’</em></span> <span class='ocrx_word' id='word_1_181' title='bbox 1292 2037 1362 2097; x_wconf 73' lang='grc' dir='ltr'><em>ἂν</em></span> <span class='ocrx_word' id='word_1_182' title='bbox 1406 2039 1584 2108; x_wconf 83' lang='grc' dir='ltr'><em>δόξοιο</em></span> <span class='ocrx_word' id='word_1_183' title='bbox 1625 2054 1739 2107; x_wconf 82' lang='grc' dir='ltr'><em>τοῖς</em></span> 
     </span>
     <span class='ocr_line' id='line_1_23' title="bbox 134 2120 1741 2199; baseline 0.001 -19"><span class='ocrx_word' id='word_1_184' title='bbox 134 2127 405 2191; x_wconf 82' lang='grc' dir='ltr'><em>ἐναντίοις</em></span> <span class='ocrx_word' id='word_1_185' title='bbox 445 2131 813 2199; x_wconf 82' lang='grc' dir='ltr'><em>περιπίπτειν.</em></span> <span class='ocrx_word' id='word_1_186' title='bbox 884 2123 1024 2182; x_wconf 86' lang='grc' dir='ltr'><em>θεὸν</em></span> <span class='ocrx_word' id='word_1_187' title='bbox 1047 2122 1266 2198; x_wconf 82' lang='grc' dir='ltr'><em>Ἰσραὴλ</em></span> <span class='ocrx_word' id='word_1_188' title='bbox 1314 2127 1558 2181; x_wconf 85' lang='grc' dir='ltr'><em>ἐνταῦθα</em></span> <span class='ocrx_word' id='word_1_189' title='bbox 1599 2120 1741 2198; x_wconf 72' lang='grc' dir='ltr'><em>ὁρεό-</em></span> 
     </span>
     <span class='ocr_line' id='line_1_24' title="bbox 130 2205 1742 2286; baseline 0 -21"><span class='ocrx_word' id='word_1_190' title='bbox 130 2232 301 2280; x_wconf 84' lang='grc' dir='ltr'><em>μενον</em></span> <span class='ocrx_word' id='word_1_191' title='bbox 325 2205 494 2267; x_wconf 79' lang='grc' dir='ltr'><em>αὖτὸν</em></span> <span class='ocrx_word' id='word_1_192' title='bbox 519 2213 735 2266; x_wconf 78' lang='grc' dir='ltr'><em>ἐκεῖνον</em></span> <span class='ocrx_word' id='word_1_193' title='bbox 762 2206 904 2265; x_wconf 78' lang='grc' dir='ltr'><em>εἶναι</em></span> <span class='ocrx_word' id='word_1_194' title='bbox 930 2206 1200 2281; x_wconf 76' lang='grc' dir='ltr'><em>διδάσκει,</em></span> <span class='ocrx_word' id='word_1_195' title='bbox 1224 2205 1290 2265; x_wconf 79' lang='grc' dir='ltr'><em>ὃν</em></span> <span class='ocrx_word' id='word_1_196' title='bbox 1310 2210 1402 2265; x_wconf 84' lang='grc' dir='ltr'><em>καὶ</em></span> <span class='ocrx_word' id='word_1_197' title='bbox 1425 2211 1504 2286; x_wconf 76' lang='grc' dir='ltr'><em>τῷ</em></span> <span class='ocrx_word' id='word_1_198' title='bbox 1526 2207 1742 2283; x_wconf 85' lang='grc' dir='ltr'><em>Ἰσραὴλ</em></span> 
     </span>
     <span class='ocr_line' id='line_1_25' title="bbox 130 2289 1741 2367; baseline 0 -19"><span class='ocrx_word' id='word_1_199' title='bbox 130 2289 401 2365; x_wconf 79' lang='grc' dir='ltr'><em>ὀφθέντα,</em></span> <span class='ocrx_word' id='word_1_200' title='bbox 431 2290 522 2350; x_wconf 78' lang='grc' dir='ltr'><em>ὅτε</em></span> <span class='ocrx_word' id='word_1_201' title='bbox 555 2292 815 2350; x_wconf 80' lang='grc' dir='ltr'><em>ἐπάλαιεν</em></span> <span class='ocrx_word' id='word_1_202' title='bbox 844 2290 1146 2367; x_wconf 80' lang='grc' dir='ltr'><em>ἅνθρωπος</em></span> <span class='ocrx_word' id='word_1_203' title='bbox 1170 2291 1289 2367; x_wconf 88' lang='grc' dir='ltr'><em>μετ’</em></span> <span class='ocrx_word' id='word_1_204' title='bbox 1327 2290 1528 2366; x_wconf 76' lang='grc' dir='ltr'><em>αὐτοῦ,</em></span> <span class='ocrx_word' id='word_1_205' title='bbox 1560 2290 1619 2360; x_wconf 81' lang='grc' dir='ltr'><em>ὃς</em></span> <span class='ocrx_word' id='word_1_206' title='bbox 1650 2294 1741 2350; x_wconf 88' lang='grc' dir='ltr'><em>καὶ</em></span> 
     </span>
     <span class='ocr_line' id='line_1_26' title="bbox 70 2373 1743 2452; baseline 0.002 -23"><span class='ocrx_word' id='word_1_207' title='bbox 70 2398 111 2430; x_wconf 80' lang='lat'><em>25</em></span> <span class='ocrx_word' id='word_1_208' title='bbox 133 2379 347 2450; x_wconf 71' lang='grc' dir='ltr'><em>πρῶτος</em></span> <span class='ocrx_word' id='word_1_209' title='bbox 388 2373 559 2435; x_wconf 79' lang='grc' dir='ltr'><em>αὐτοῦ</em></span> <span class='ocrx_word' id='word_1_210' title='bbox 599 2375 702 2450; x_wconf 84' lang='grc' dir='ltr'><em>τὴν</em></span> <span class='ocrx_word' id='word_1_211' title='bbox 740 2383 1140 2452; x_wconf 80' lang='grc' dir='ltr'><em>προσωνυμίαν</em></span> <span class='ocrx_word' id='word_1_212' title='bbox 1185 2380 1244 2434; x_wconf 87' lang='grc' dir='ltr'><em>ἐκ</em></span> <span class='ocrx_word' id='word_1_213' title='bbox 1283 2380 1384 2434; x_wconf 77' lang='grc' dir='ltr'><em>τοῦ</em></span> <span class='ocrx_word' id='word_1_214' title='bbox 1414 2375 1612 2448; x_wconf 77' lang='grc' dir='ltr'><em>Ἰακώβ</em></span> <span class='ocrx_word' id='word_1_215' title='bbox 1654 2379 1743 2432; x_wconf 86' lang='grc' dir='ltr'><em>ἐπὶ</em></span> 
     </span>
     <span class='ocr_line' id='line_1_27' title="bbox 134 2457 1743 2535; baseline 0.001 -21"><span class='ocrx_word' id='word_1_216' title='bbox 134 2457 229 2516; x_wconf 82' lang='grc' dir='ltr'><em>τὸν</em></span> <span class='ocrx_word' id='word_1_217' title='bbox 255 2457 470 2535; x_wconf 82' lang='grc' dir='ltr'><em>Ἰσραὴλ</em></span> <span class='ocrx_word' id='word_1_218' title='bbox 499 2463 912 2534; x_wconf 80' lang='grc' dir='ltr'><em>μεταβέβληκεν</em></span> <span class='ocrx_word' id='word_1_219' title='bbox 944 2459 1116 2519; x_wconf 75' lang='grc' dir='ltr'><em>εἰπών</em></span> <span class='ocrx_word' id='word_1_220' title='bbox 1139 2457 1260 2518; x_wconf 65' lang='lat' dir='ltr'><em>“gu</em></span> <span class='ocrx_word' id='word_1_221' title='bbox 1284 2464 1575 2534; x_wconf 83' lang='grc' dir='ltr'><em>ἐνίσχυσας</em></span> <span class='ocrx_word' id='word_1_222' title='bbox 1604 2458 1743 2533; x_wconf 74' lang='grc' dir='ltr'><em>μετὰ</em></span> 
     </span>
    </p>

    <p class='ocr_par' dir='ltr' id='par_1_6' title="bbox 250 2541 381 2562">
     <span class='ocr_line' id='line_1_28' title="bbox 250 2541 381 2562; baseline -0.008 0"><span class='ocrx_word' id='word_1_223' title='bbox 250 2541 309 2562; x_wconf 52' lang='grc' dir='ltr'><em>θ’,</em></span> <span class='ocrx_word' id='word_1_224' title='bbox 355 2542 381 2561; x_wconf 67' lang='grc' dir='ltr'><em>ΡΙ</em></span> 
     </span>
    </p>
   </div>
   <div class='ocr_carea' id='block_1_4' title="bbox 134 2542 1782 2701">
    <p class='ocr_par' dir='ltr' id='par_1_7' title="bbox 134 2542 1782 2701">
     <span class='ocr_line' id='line_1_29' title="bbox 134 2542 1782 2618; baseline 0.002 -21"><span class='ocrx_word' id='word_1_225' title='bbox 134 2551 274 2598; x_wconf 87' lang='grc' dir='ltr'><em>θεου</em></span> <span class='ocrx_word' id='word_1_226' title='bbox 352 2568 442 2602; x_wconf 92' lang='grc' dir='ltr'><em>οτε</em></span> <span class='ocrx_word' id='word_1_227' title='bbox 481 2547 700 2618; x_wconf 82' lang='grc' dir='ltr'><em>καὶτῆς</em></span> <span class='ocrx_word' id='word_1_228' title='bbox 740 2550 901 2612; x_wconf 90' lang='grc' dir='ltr'><em>θείας</em></span> <span class='ocrx_word' id='word_1_229' title='bbox 942 2542 1116 2603; x_wconf 76' lang='grc' dir='ltr'><em>αὐτοῦ</em></span> <span class='ocrx_word' id='word_1_230' title='bbox 1157 2544 1444 2618; x_wconf 77' lang='grc' dir='ltr'><em>δυνάμεως</em></span> <span class='ocrx_word' id='word_1_231' title='bbox 1474 2554 1742 2616; x_wconf 76' lang='grc' dir='ltr'><em>αἴσθησιν</em></span> <span class='ocrx_word' id='word_1_232' title='bbox 1765 2579 1782 2600; x_wconf 79' lang='lat' dir='ltr'>c</span> 
     </span>
     <span class='ocr_line' id='line_1_30' title="bbox 137 2623 1740 2701; baseline 0.002 -21"><span class='ocrx_word' id='word_1_233' title='bbox 137 2625 324 2696; x_wconf 74' lang='grc' dir='ltr'><em>λαβὼν</em></span> <span class='ocrx_word' id='word_1_234' title='bbox 346 2625 374 2683; x_wconf 87' lang='grc' dir='ltr'>ὁ</span> <span class='ocrx_word' id='word_1_235' title='bbox 401 2625 593 2701; x_wconf 76' lang='grc' dir='ltr'><em>Ἰακωβ</em></span> <span class='ocrx_word' id='word_1_236' title='bbox 618 2628 842 2692; x_wconf 75' lang='grc' dir='ltr'><em>ἐκάλεσε</em></span> <span class='ocrx_word' id='word_1_237' title='bbox 864 2623 962 2687; x_wconf 84' lang='grc' dir='ltr'><em>τὸν</em></span> <span class='ocrx_word' id='word_1_238' title='bbox 982 2628 1152 2687; x_wconf 89' lang='grc' dir='ltr'><em>τόπον</em></span> <span class='ocrx_word' id='word_1_239' title='bbox 1175 2633 1390 2687; x_wconf 80' lang='grc' dir='ltr'><em>ἐκεῖνον</em></span> <span class='ocrx_word' id='word_1_240' title='bbox 1414 2627 1559 2694; x_wconf 81' lang='grc' dir='ltr'><em>εἶδος</em></span> <span class='ocrx_word' id='word_1_241' title='bbox 1582 2632 1740 2701; x_wconf 81' lang='grc' dir='ltr'><em>θεοῦ,</em></span> 
     </span>
    </p>
   </div>
   <div class='ocr_carea' id='block_1_5' title="bbox 142 2846 1740 2954">
    <p class='ocr_par' dir='ltr' id='par_1_8' title="bbox 142 2846 1740 2954">
     <span class='ocr_line' id='line_1_31' title="bbox 248 2846 1740 2901; baseline 0.004 -17"><span class='ocrx_word' id='word_1_242' title='bbox 248 2847 275 2884; x_wconf 88' lang='lat'>4</span> <span class='ocrx_word' id='word_1_243' title='bbox 306 2846 435 2887; x_wconf 88' lang='lat' dir='ltr'><strong>Num.</strong></span> <span class='ocrx_word' id='word_1_244' title='bbox 460 2847 526 2897; x_wconf 87' lang='lat'><em>14,</em></span> <span class='ocrx_word' id='word_1_245' title='bbox 551 2849 616 2889; x_wconf 88' lang='lat'><em>14.</em></span> <span class='ocrx_word' id='word_1_246' title='bbox 851 2852 902 2890; x_wconf 91' lang='lat'><em>10</em></span> <span class='ocrx_word' id='word_1_247' title='bbox 932 2850 1016 2889; x_wconf 78' lang='lat' dir='ltr'><em>Ex.</em></span> <span class='ocrx_word' id='word_1_248' title='bbox 1040 2851 1106 2897; x_wconf 80' lang='lat'><em>24,</em></span> <span class='ocrx_word' id='word_1_249' title='bbox 1131 2851 1170 2890; x_wconf 88' lang='lat'><em>9.</em></span> <span class='ocrx_word' id='word_1_250' title='bbox 1431 2851 1482 2890; x_wconf 88' lang='lat'><em>15</em></span> <span class='ocrx_word' id='word_1_251' title='bbox 1512 2850 1585 2890; x_wconf 84' lang='lat' dir='ltr'><em>Jo.</em></span> <span class='ocrx_word' id='word_1_252' title='bbox 1610 2851 1648 2901; x_wconf 86' lang='lat'><em>1,</em></span> <span class='ocrx_word' id='word_1_253' title='bbox 1676 2850 1740 2890; x_wconf 89' lang='grc'><em>18.</em></span> 
     </span>
     <span class='ocr_line' id='line_1_32' title="bbox 142 2900 470 2954; baseline 0 -14"><span class='ocrx_word' id='word_1_254' title='bbox 142 2903 192 2942; x_wconf 88' lang='grc'><em>19</em></span> <span class='ocrx_word' id='word_1_255' title='bbox 224 2900 342 2944; x_wconf 84' lang='lat' dir='ltr'>Heb.</span> <span class='ocrx_word' id='word_1_256' title='bbox 369 2903 408 2954; x_wconf 93' lang='lat'><em>1,</em></span> <span class='ocrx_word' id='word_1_257' title='bbox 434 2903 470 2940; x_wconf 92' lang='lat'><em>1.</em></span> 
     </span>
    </p>
   </div>
   <div class='ocr_carea' id='block_1_6' title="bbox 225 2973 1431 3024">
    <p class='ocr_par' dir='ltr' id='par_1_9' title="bbox 225 2973 1431 3024">
     <span class='ocr_line' id='line_1_33' title="bbox 225 2973 1431 3024; baseline 0.012 -14"><span class='ocrx_word' id='word_1_258' title='bbox 225 2983 456 3012; x_wconf 83' lang='lat' dir='ltr'>EUESBIUS</span> <span class='ocrx_word' id='word_1_259' title='bbox 480 2985 556 3015; x_wconf 84' lang='lat'>111.</span> <span class='ocrx_word' id='word_1_260' title='bbox 1362 2973 1431 3024; x_wconf 73' lang='grc'><em>22</em></span> 
     </span>
    </p>
   </div>
   <div class='ocr_carea' id='block_1_7' title="bbox 1468 1035 1848 1098">
    <p class='ocr_par' dir='ltr' id='par_1_10' title="bbox 1468 1035 1848 1098">
     <span class='ocr_line' id='line_1_34' title="bbox 1468 1035 1848 1098; baseline 0 -11"><span class='ocrx_word' id='word_1_261' title='bbox 1468 1036 1516 1088; x_wconf 77' lang='lat'><em>2.</em></span> <span class='ocrx_word' id='word_1_262' title='bbox 1551 1035 1644 1088; x_wconf 84' lang='grc' dir='ltr'><em>καὶ</em></span> <span class='ocrx_word' id='word_1_263' title='bbox 1676 1035 1736 1089; x_wconf 89' lang='grc' dir='ltr'><em>ἐν</em></span> <span class='ocrx_word' id='word_1_264' title='bbox 1759 1054 1848 1098; x_wconf 77' lang='lat'>(245)</span> 
     </span>
    </p>
   </div>
  </div>
 </body>
</html>
