1992 3186
256 139 360 191 326
938 139 1185 182 EUSEBII

253 254 438 314 υ’πνου
466 254 664 328 αὐτοῦ,
705 257 798 312 καὶ
831 254 985 312 εἶπεν
1022 252 1107 312 ὅτι
1149 257 1263 312 ἐστὶ
1292 253 1482 330 κύριος
1515 258 1575 312 ἐν
1604 260 1680 332 τῷ
1710 253 1864 333 τόπῳ

255 339 463 418 τούτῳ,
504 340 610 413 ἐγὼ
652 340 714 397 δὲ
744 336 847 397 οὐκ
876 337 1050 413 ἥδειν.
1112 340 1205 396 καὶ
1236 337 1521 413 ἐφοβήθη,
1562 341 1656 397 καὶ
1687 339 1863 412 εἶπεν,

258 421 331 492 ὦς
360 423 598 498 φοβερὸς
639 422 668 480 5
712 422 876 491 τόπος
916 425 1091 491 οὗτος.
1166 422 1272 481 οὐκ
1315 430 1429 481 ἔστι
1472 426 1648 482 τοῦτο.
1674 422 1794 481 ἀλλ’
1829 421 1865 498 ἢ

256 509 404 574 οἶκος
434 511 604 580 θεοῦ,
634 510 726 565 καὶ
759 506 899 581 αὕτη
930 505 962 582 ἡ
994 506 1145 581 πύλη
1175 512 1273 565 τοῦ
1302 505 1563 581 ουρανοῦ.
1619 510 1711 566 καὶ
1741 505 1862 566 ἀνέ-

257 612 356 665 στη
380 591 574 664 Ἰακώβ
618 591 679 649 τό
719 597 893 667 πρωῒ,
936 595 1027 650 καὶ
1059 598 1224 664 ἔλαβε
1261 591 1359 649 τὸν
1398 598 1591 665 λίθον,
1631 590 1699 650 ὃν
1726 591 1862 651 ὑπέ·
1886 609 1907 643 5

255 688 398 749 θηκε
428 675 564 750 πρὸς
595 680 838 750 κεφαλῆς
856 674 1047 750 αὐτοῦ,
1080 679 1172 734 καὶ
1198 682 1428 749 ἔστησεν
1447 674 1617 736 αὐτὸν
1639 677 1865 752 στήλην,

255 764 348 818 καὶ
379 763 601 835 ἐπέχεεν
632 766 817 819 ε”λαιον
849 764 938 818 ἐπὶ
967 761 1026 819 τὸ
1057 759 1229 837 ἄκρον
1259 759 1452 834 αὐτῆς,
1483 764 1576 819 καὶ
1607 761 1867 820 ἐκάλεσεν

250 843 444 917 Ἰακώβ
474 844 533 903 τὸ
562 843 738 919 ὄνομα
766 849 868 903 τοῦ
895 845 1068 904 τόπου
1101 849 1346 919 ἐκείνου,
1377 846 1525 913 οἶκος
1555 849 1709 904 θεοῦ.
1721 843 1750 865 ”

382 934 430 988 4.
487 935 701 988 Τοῦτον
739 930 838 989 τὸν
882 934 1127 988 ἐνταῦθα
1161 928 1253 987 δια
1282 928 1563 988 τοσούτων
1600 937 1868 1006 χρηματί-

258 1022 417 1083 ζοντα
461 1013 658 1086 κύριον
708 1016 800 1072 καὶ
849 1014 990 1072 θεὸν
1037 1013 1274 1088 ἄγγελον
1320 1020 1422 1072 τοῦ
1465 1018 1607 1072 θεοῦ
1650 1012 1865 1090 προϊων
1888 1032 1929 1064 10

257 1101 379 1170 ἑξῆς
412 1097 690 1171 εὑρήσεις,
740 1103 800 1156 ἐν
830 1095 912 1167 οἷς
942 1117 1080 1172 φησι
1110 1097 1245 1174 πρὸς
1275 1096 1370 1165 τὰς
1400 1112 1668 1172 γυναῖκας
1700 1098 1866 1166 αὐτὸς

248 1179 443 1255 Ἰακώβ
464 1179 596 1240 “acal
627 1183 751 1240 εἶπέ
775 1207 867 1257 μοι
896 1182 925 1240 5
955 1181 1186 1256 ἅγγελος
1214 1186 1316 1241 τοῦ
1336 1187 1476 1241 θεοῦ
1499 1180 1634 1241 καθ’
1664 1182 1865 1257 ὕπνον,

246 1265 469 1339 Ἰακωβ·
527 1267 632 1339 ἐγώ
675 1268 737 1324 δε
782 1268 936 1340 εἶπα,
983 1274 1042 1325 τί
1079 1264 1261 1338 ἐστι;”
1309 1269 1401 1324 καὶ
1447 1263 1864 1341 ἑξῆς“ἑώρακα,

144 1375 234 1417 (236)
259 1353 430 1453 φησὶ,
474 1373 653 1408 παντα
691 1351 796 1408 ὅσα
840 1350 1037 1424 Λάβαν
1077 1354 1165 1410 σοὶ
1203 1366 1363 1410 ποιεῖ
1450 1351 1557 1424 ἐγω
1596 1347 1626 1408 5
1665 1350 1798 1419 θεὸς
1836 1350 1866 1409 5

256 1432 457 1508 ὀφθείς
488 1456 572 1493 σοι
606 1440 667 1493 ἐν
695 1434 866 1514 τόπω,
898 1438 964 1494 οὐ
994 1434 1224 1509 ἤλειψας
1253 1461 1346 1510 μοι
1378 1439 1494 1493 ἐκεῖ
1512 1434 1739 1509 στήλην,
1773 1438 1865 1494 καὶ
1887 1452 1930 1485 15

257 1517 404 1591 ηὔξω
436 1544 527 1593 μοι
560 1517 786 1594 εὐχήν.”

381 1601 572 1679 Ο.’Ἀρ’
607 1629 710 1663 ουν
739 1603 768 1662 5
799 1604 1059 1679 ἀνωτέρω
1083 1601 1300 1678 φήσας
1305 1603 1435 1678 ἐγω
1466 1603 1655 1677 κύριος
1676 1600 1706 1662 5
1735 1602 1869 1672 θεὸς

247 1686 494 1762 Ἀβρααμ
524 1693 623 1747 τοῦ
654 1688 857 1765 πατρός
888 1707 1021 1762 σου,
1067 1688 1213 1746 καὶε
1190 1714 1219 1746 ο
1259 1687 1393 1755 θεὸς
1414 1686 1655 1762 Ἱσαάκ,”
1701 1680 1746 1765 ᾧ
1774 1690 1868 1746 καὶ

254 1772 462 1846 στήλην
501 1772 794 1847 ἀνίστησιν
834 1770 863 1831 5
905 1771 1206 1847 θεοφιλής,
1249 1771 1382 1839 θεὸς
1410 1774 1513 1845 μὲν
1541 1766 1612 1845 ἦν
1642 1774 1734 1828 καὶ
1763 1770 1867 1829 κύ-

255 1871 399 1931 ριος“
456 1855 606 1934 αὐτῷ
646 1856 751 1931 γὰρ
796 1859 1013 1930 λέγοντι
1051 1857 1397 1915 πιστευτέον·
1454 1853 1521 1913 οὐ
1559 1854 1673 1930 μὴν
1711 1851 1740 1913 5
1774 1857 1862 1913 ε’πὶ
1886 1875 1929 1907 20

254 1940 508 2013 πάντων,
539 1938 663 1998 ἀλλ’
697 1938 726 1998 5
759 1945 976 1999 ἐκείνου
1010 1939 1294 2013 δεύτερος,
1323 1937 1390 1997 τοὶ
1419 1943 1517 1998 τοῦ
1547 1937 1751 2015 πατρὸς
1783 1946 1864 2007 εἰς

254 2023 594 2096 ἀνθρώπους
637 2023 1067 2097 διακονούμενος
1107 2026 1198 2081 καὶ
1245 2027 1600 2097 διαγγέλλων.
1683 2029 1731 2081 6.
1779 2022 1864 2081 διὸ

207 2132 229 2165 b
255 2110 345 2164 καὶ
376 2105 612 2180 ἄγγελον
643 2107 816 2165 αὐτὸν
854 2104 1102 2179 ὁἸακώβ
1143 2110 1232 2165 ε’πὶ
1262 2111 1365 2165 τοῦ
1407 2108 1678 2182 παρόντος
1708 2116 1868 2165 καλεῖ

247 2187 410 2248 ’(εἷπέ
444 2216 535 2264 μοι
575 2190 604 2249 5
644 2190 875 2264 ἅγγελος
912 2197 1012 2249 τοῦ
1051 2196 1192 2249 θεοῦ
1222 2191 1455 2265 φάσκων
1495 2190 1629 2250 καθ’
1661 2189 1863 2264 ὕπνον,

255 2274 363 2347 ἐγώ
396 2281 506 2348 εἰμι
534 2271 564 2332 5
594 2276 727 2342 θεὸς
765 2272 794 2332 5
825 2274 1025 2349 ὀφθείς
1057 2293 1143 2333 σοι
1188 2279 1249 2333 ἐν
1277 2282 1353 2353 τῷ
1383 2275 1588 2354 τόπω.”
1651 2274 1862 2334 οὐκοῦν
1883 2293 1925 2326 25

253 2358 282 2416 5
315 2358 478 2427 αὐτὸς
517 2357 745 2432 ἅγγελος
784 2365 983 2434 κυρίου
1024 2362 1115 2417 καὶ
1155 2359 1288 2426 θεὸς
1318 2363 1410 2417 καὶ
1449 2359 1638 2432 κύριος
1668 2365 1862 2432 σαφῶς

257 2442 346 2500 διὰ
377 2442 589 2502 τούτων
627 2441 1008 2517 ἀνηγόρευται.
1079 2446 1173 2501 καὶ
1204 2446 1265 2501 ἐν
1287 2439 1484 2518 Ἡσαΐᾳ
1526 2444 1586 2500 δὲ
1625 2446 1702 2520 τῷ
1731 2465 1863 2517 προ-

255 2526 402 2601 φήτῃ
436 2527 678 2601 μεγάλης
709 2530 914 2601 βουλῆς
944 2526 1201 2601 ἅγγελος,
1232 2523 1370 2600 ὁμοῦ
1402 2529 1463 2584 δὲ
1493 2529 1583 2584 καὶ
1608 2527 1740 2594 θεὸς
1770 2528 1863 2584 καὶ

254 2635 439 2684 αρχων
478 2615 571 2669 καὶ
612 2611 964 2685 ἐξουσιαστὴς
1003 2610 1500 2686 προσαγορεύεται,
1543 2615 1605 2668 ἐν
1649 2607 1733 2678 οἷς
1762 2609 1865 2684 τὴν

1741 2690 1809 2714 “H

255 2701 334 2760 εἰς
373 2694 710 2768 ἀνθρώπους
753 2694 926 2755 αυτοῦ
963 2698 1184 2768 γένεσιν
1221 2701 1472 2764 θεσπίζει
1521 2698 1701 2768 λέγων
1778 2717 1864 2751 οτι
1884 2715 1926 2747 30

372 2889 421 2926 12
455 2887 569 2928 Gen.
594 2891 664 2939 31,
691 2891 758 2930 11.
