1946 3158
206 153 275 206 32
891 151 1142 194 EUSEBII

569 266 656 288 esf?

207 275 305 329 τοῦ
358 255 591 344 Ψαλμου
677 271 768 326 καὶ
810 266 1238 374 πληρωθήσεται
1283 271 1376 341 τῆς
1434 269 1592 342 δόξης
1635 265 1809 327 αὐτοῦ

205 362 354 414 πᾶσα
385 351 417 428 ἡ
449 359 538 428 γῆ,
571 358 802 427 γένοιτο,
835 350 1079 426 γέῖνοιτο

750 549 835 608 ιδ’.
878 553 1112 623 Ψαλμοῦ
1163 549 1265 620 ’1ζῖ

208 685 423 758 Δήλωσις
446 682 656 744 ᾄσματος
678 686 866 739 καινοῦ,
891 685 974 729 καὶ
997 686 1249 754 βραχίονος
1271 688 1408 739 θεοῦ,
1438 686 1523 730 καὶ
1554 687 1638 729 τοῦ
1661 700 1807 752 σωτη-

206 746 313 796 ριόι
335 739 485 787 αυτοῦ
509 745 626 786 πᾶσι
646 748 758 810 τοῖς
781 741 947 786 ἔθνεσι
971 742 1258 796 φανέρωσις·
1290 742 1521 799 σωτήριον
1552 739 1605 786 δὲ
1637 738 1689 784 τὸ
1720 744 1805 786 τοῦ
1832 747 1852 780 5

507 797 615 843 υἷοῦ
639 793 790 856 ὄνομα
805 797 1041 854 Εβραίων
1064 799 1297 854 ὁηλοῦται
1320 800 1472 855 φωνῇ.

329 922 363 974 5
420 914 481 934 (ΠΙ

468 916 579 975 Ἀισ
547 935 677 975 σατε
719 942 795 994 τῳ
846 923 1022 993 κυρίῳ
1056 908 1203 993 ᾆσμα
1245 916 1469 988 καινὸν,
1518 914 1602 973 ὅτι
1660 926 1810 974 θαυ-

202 966 381 1076 μαστα
427 1004 688 1075 ἐποίησεν
728 1001 757 1059 ὁ
798 1000 1001 1074 κύριος.
1081 1008 1290 1060 ἔσωσεν
1336 1000 1507 1059 αὐτὸν
1567 997 1601 1072 ἡ
1659 998 1810 1070 δεξια

204 1086 374 1146 αὐτοῦ
414 1089 506 1144 καὶ
537 1086 564 1144 ὁ
598 1093 846 1162 βραχίων
888 1082 916 1143 6
958 1084 1110 1159 ἅγιος
1154 1083 1345 1144 αὐτοῦ
1401 1085 1668 1160 ἐγνώρισε
1715 1083 1809 1143 κύ-

204 1197 318 1244 ριος
349 1171 408 1229 τὸ
440 1170 714 1245 σωτήριον
745 1169 936 1242 αὐτοῦ,
970 1175 1225 1229 ἐναντίον
1254 1173 1366 1229 τῶν
1391 1173 1576 1229 ἐθνῶν
1606 1169 1809 1228 ἀπεκά-
1835 1196 1875 1227 ιο

156 1266 178 1297 b
211 1265 387 1326 λυψεν
417 1255 518 1330 τὴν
549 1255 912 1365 δικαιοσύνην
943 1252 1129 1315 αὐτοῦ.
1188 1254 1440 1359 ἐμνήσθη
1482 1258 1582 1312 τοῦ
1626 1258 1811 1322 ἐλέους

206 1340 379 1399 αὐτοῦ
421 1345 499 1418 τῷ
526 1339 741 1414 Ἰακώβ,
789 1343 879 1397 καὶ
919 1345 1015 1413 τῆς
1057 1337 1328 1413 ἀληθείας
1370 1339 1542 1398 αὐτοῦ
1573 1344 1649 1417 τῷ
1674 1349 1809 1415 οἴκῳ

200 1424 438 1500 Ἰσραήλ
474 1432 697 1483 εἴδοσαν
729 1450 909 1484 παντα
939 1425 1006 1483 τὰ
1036 1428 1246 1500 πέρατα
1276 1429 1372 1497 τῆς
1403 1428 1502 1499 γῆς
1532 1423 1593 1483 τό
1637 1422 1810 1498 σωτή-

208 1536 331 1585 ριον
360 1517 457 1568 τοῦ
495 1517 635 1568 θεοῦ
675 1509 877 1612 'W‘sfiva‘
904 1509 1200 1579 ἆλαλαξετε
1241 1513 1319 1587 τῷ
1357 1516 1535 1588 κυρίῳ
1585 1513 1735 1568 πᾶσα
1775 1505 1809 1580 ἡ

253 1595 320 1615 ⁶„

202 1621 286 1669 γη.
395 1601 442 1652 6.
478 1599 570 1653 καὶ
604 1592 877 1669 ἐπιλέγει
881 1594 1241 1668 “σαλευθήτω
1273 1620 1306 1668 η
1338 1595 1596 1653 θάλασσα
1626 1596 1719 1652 καὶ
1748 1592 1808 1650 τὸ
1831 1619 1872 1652 15

202 1679 471 1782 πληρωμα
515 1678 711 1754 αὐτῆς,
761 1677 794 1754 ἡ
837 1683 1134 1753 οἰκουμένη
1167 1682 1260 1736 καὶ
1291 1678 1494 1746 πάντες
1533 1683 1590 1737 οἰ
1626 1702 1812 1736 κατοι-

203 1770 431 1831 κοῦντες
459 1768 519 1823 ἐν
562 1763 716 1840 αὐτῇ.
791 1767 1025 1838 ποταμοὶ
1064 1762 1399 1836 κροτήσουσι
1438 1765 1578 1839 χειρὶ
1619 1765 1708 1821 ἐπὶ
1748 1761 1806 1819 τὸ

203 1848 357 1920 αυτὸ,
389 1847 455 1906 τοὶ
486 1849 587 1923 ὄρη
619 1847 1048 1922 ἆγαλλιασονται
1088 1842 1195 1904 ἀπὸ
1240 1847 1544 1920 προσώπου
1586 1855 1808 1922 κυρίου,

204 1934 287 1991 ὅτι
329 1941 542 2008 ἔρχεται
583 1949 768 2004 κρῖναι
812 1932 914 2006 τὴν
944 1936 1078 2005 γῆν,
1126 1947 1308 2006 κρινεῖ
1342 1933 1444 2005 τὴν
1476 1934 1808 2007 οἰκουμένην

204 2022 264 2076 ἐν
297 2018 626 2093 δικαιοσύνῃ
657 2021 749 2076 καὶ
779 2016 946 2084 λαοὺς
979 2021 1039 2075 ἐν
1070 2014 1379 2091 εὖθύτητι.”
1831 2043 1872 2076 20

651 2232 711 2287 ιε’.
770 2227 898 2287 Ἀπὸ
928 2233 1023 2302 τῆς
1055 2233 1348 2298 Γενέσεως.

153 2377 169 2398 0
186 2364 270 2417 Ως
291 2362 409 2423 μετὰ
433 2363 520 2435 τὴν
543 2365 758 2437 ἔκλειψιν
782 2367 866 2430 τῆς
898 2366 1140 2433 βασιλείας
1174 2366 1267 2409 τῶν
1289 2361 1566 2419 Ἰουδαίων,
1604 2359 1749 2414 αὐτὸς
1778 2361 1803 2408 ὁ

310 2421 512 2477 Χριστὸς
535 2418 705 2466 ἐπιστα
720 2439 755 2476 ς,
781 2433 809 2478 η
836 2423 928 2465 τῶν
952 2417 1110 2466 ἐθνῶν
1133 2418 1385 2478 γενήσεται
1405 2422 1683 2475 προσὸοκία,

321 2538 402 2598 7
407 2537 544 2600 Οὐκ
577 2544 817 2610 ἐκλείψει
849 2565 1034 2615 αρχων
1067 2542 1119 2609 ἐξ
1138 2537 1339 2612 Ἰούδα,
1390 2535 1523 2597 ουδε
1565 2537 1797 2613 ἡγούμε-

201 2650 295 2693 νος
329 2629 386 2683 ἐκ
416 2629 528 2683 τῶν
559 2631 750 2700 μηρῶν
781 2622 984 2698 αυτοῦ,
1016 2628 1117 2692 ε’ως
1148 2622 1218 2682 ἂν
1249 2630 1388 2698 ἔλθῃ
1422 2649 1463 2702 ῳ
1494 2620 1797 2695 ἀπόκειται,
1824 2644 1866 2677 25

204 2712 296 2766 καὶ
329 2709 491 2777 αὐτὸς
523 2715 831 2785 προσδοκία
863 2708 1099 2770 &fivossvf’

315 2920 340 2959 9
371 2919 447 2959 Ps.
470 2921 537 2970 97,
565 2921 601 2958 1.
778 2921 830 2960 28
854 2918 967 2961 Gen.
989 2920 1057 2969 49,
1085 2920 1148 2958 10.
