1946 3158
549 116 856 158 DEMONST.
886 115 1119 160 EVANG.
1150 118 1236 158 111.
1270 118 1293 156 -
1628 115 1730 166 145

122 257 280 307 μωνα
310 234 541 305 Πέτρον.
593 234 685 288 καὶ
715 230 903 303 παλιν,
935 234 1149 304 Μωσῆς
1172 232 1470 304 κατέστησε
1499 234 1576 308 τῷ
1607 236 1721 287 λαῶ

123 317 464 391 ἡγουμένους
519 314 912 389 ἑβδομήκοντα.
985 319 1133 388 λέγει
1173 314 1226 372 δ’
1293 341 1396 373 ουν
1455 341 1488 387 η
1542 316 1727 389 γραφὴ

132 400 447 474 Ὓσυναγαγέ
485 425 578 475 μοι
618 399 997 473 ἑβδομήκοντα
1031 401 1242 472 ἄνδρας
1300 396 1407 457 ἀπὸ
1446 404 1559 457 τῶν
1597 423 1728 471 πρε-

123 488 410 559 σβυτέρων
431 479 667 559 Ἰσραὴλ,
700 487 791 542 καὶ
822 483 1012 558 ἀφελῶ
1042 483 1148 542 ἀπὸ
1179 487 1278 542 τοῦ
1298 484 1610 558 πνεύματος
1629 510 1727 542 του

80 598 100 630 5
127 573 213 628 ἐπὶ
247 574 362 643 σοὶ,
417 572 509 627 καὶ
549 569 801 642 ἐπιθήσω
844 568 929 627 ἐπ’
978 566 1208 635 αυτούς
1267 572 1358 626 καὶ
1411 567 1730 642 συνήγαγεν

125 653 504 729 ἑβδομήκοντα
534 653 791 726 ἅνδρας.”

249 745 333 797 25.
373 738 655 805 Ὡσαύτως
699 740 759 795 δὲ
800 740 891 794 καὶ
933 734 960 794 ὁ
1002 736 1184 810 σωτὴρ
1228 735 1510 806 ἀνέδειξεν
1555 737 1732 796 αὐτοῦ

123 822 374 897 μαθητὰς
405 822 816 897 ἑβδομήκοντα,
847 824 940 879 καὶ
969 819 1292 879 ἀπέστειλεν
1334 820 1440 881 ἀνα
1482 822 1582 880 δύο
1623 823 1728 895 πρὸ

123 908 423 979 προσώπου
455 904 644 965 αὐτοῦ.
699 909 790 964 καὶ
820 905 989 964 πάλιν
1018 909 1231 980 Μωσῆς
1269 905 1489 964 δώδεκα
1521 905 1731 979 ἄνδρας

61 1020 101 1051 ιο
126 995 392 1066 ἐξέπεμψε
422 991 524 1065 τὴν
546 996 654 1064 γῆν
684 995 1226 1064 κατασκεψομένους
1261 990 1523 1058 ὡσαύτως
1547 993 1607 1049 δε
1638 995 1731 1049 καὶ

123 1076 263 1135 πολὺ
305 1091 555 1148 κρεῖττον
610 1073 637 1133 ὁ
681 1075 942 1150 ἡμέτερος
993 1074 1175 1149 σωτὴρ
1221 1074 1440 1133 δώδεκα
1490 1075 1728 1134 ἀποστό-

125 1169 253 1230 λους
311 1164 689 1230 ἐξαπέστειλεν
739 1164 1146 1228 ἐπισκέψασθαι
1199 1182 1379 1217 παντα
1447 1162 1512 1218 τὰ
1572 1167 1728 1233 §.evm

123 1245 291 1303 πάλιν
340 1249 552 1318 Μωσῆς
591 1256 889 1319 νομοθετεῖ
930 1248 1108 1318 λέγων
1159 1242 1270 1302 “οὐ
1310 1245 1632 1318 φονεύσεις,
1665 1245 1730 1303 οὐ

125 1328 452 1403 μοιχεύσεις,
485 1328 552 1386 ού
584 1332 821 1400 κλέψεις,
854 1326 958 1387 οὐκ
990 1326 1379 1403 ἐπιορκήσεις.”

65 1439 104 1472 15
252 1419 336 1470 26.
377 1412 435 1471 ‘O
468 1414 529 1470 δὲ
560 1412 743 1486 σωτὴρ
785 1413 942 1486 ἡμῶν
982 1418 1272 1472 ἐπιτείνων
1311 1412 1408 1472 τὸν
1449 1413 1624 1487 νόμον
1665 1413 1729 1471 οὐ

126 1497 184 1555 τὸ
217 1496 480 1570 φονεύειν
519 1496 710 1570 μόνον,
751 1496 891 1554 ἀλλά
936 1501 1027 1555 καὶ
1058 1497 1117 1555 τὸ
1148 1502 1480 1571 θυμοῦσθαι
1522 1498 1730 1571 ἀπαγο-

126 1581 302 1655 ρεύει·
335 1581 458 1639 ἀντὶ
489 1588 586 1639 τοῦ
608 1580 682 1655 μὴ
712 1582 994 1655 μοιχεύειν
1023 1581 1153 1655 μηδ’
1193 1584 1486 1654 ἐμβλέπειν
1509 1587 1731 1655 γυναικὶ

126 1664 261 1739 μετα
295 1669 594 1738 ἐπιθυμίας
625 1663 933 1728 ἀκολάστου
964 1681 1254 1739 παραινεῖ,
1286 1666 1417 1723 ἄντί
1442 1691 1499 1724 τε
1530 1671 1628 1725 του
1657 1668 1729 1740 μὴ

125 1752 380 1808 κλέπτειν
405 1749 470 1807 τὰ
500 1756 679 1808 οἰκεῖα
720 1765 834 1818 τοῖς
867 1753 1079 1808 ἐνδεέσι
1123 1759 1422 1825 προΐεσθαι
1466 1751 1730 1824 προστάτ-

63 1859 104 1892 20
126 1858 231 1892 τει.
264 1833 510 1908 ὑπερβὰς
555 1837 614 1892 δὲ
654 1837 745 1892 καὶ
776 1836 835 1892 τὸ
879 1839 1158 1908 ἐπιορκεῖν
1200 1835 1305 1908 τὴν
1360 1834 1536 1909 ἀρχὴν
1590 1837 1730 1909 μηδὲ

124 1916 364 1992 ὀμνύναι
385 1930 694 1992 νομοθετεῖ.
726 1924 811 1977 27.
829 1926 927 1976 καί
945 1946 999 1977 τι
1021 1944 1089 1992 με
1116 1925 1204 1978 δεῖ
1221 1919 1495 1994 μηκύνειν
1517 1919 1614 1977 τὸν
1637 1920 1731 1978 λό-

123 2029 225 2075 γον
257 2009 334 2071 εἰς
365 2002 651 2072 ἀπόδειξιν
680 2007 779 2062 τοῦ
808 2004 873 2061 τὰ
903 2003 1262 2078 παραπλήσια
1300 2006 1391 2061 καὶ
1436 2005 1596 2078 ἐγγυς
1632 2002 1732 2061 0}st-

123 2087 309 2160 λήλων
339 2091 700 2162 πεποιηκέναι
731 2091 944 2146 *Μωσέα
974 2092 1065 2146 καὶ
1103 2085 1318 2162 Ἰησοῦν
1370 2087 1469 2147 τὸν
1510 2096 1731 2162 σωτῆρα

125 2176 216 2230 καὶ
247 2172 444 2246 κύριον
472 2172 648 2247 ἡμῶν,
680 2172 879 2246 παρὸν,
910 2171 1017 2250 ὅτῳ
1041 2179 1227 2247 φίλον,
1261 2175 1349 2231 ἐπὶ
1373 2179 1570 2247 σχολῆς
1594 2172 1732 2233 ανα-

58 2281 99 2314 25
124 2260 388 2325 λέξασθαι
417 2263 614 2328 ταῦτα;
658 2261 776 2316 ἐπεὶ
807 2260 898 2315 καὶ
929 2257 1026 2317 τὸν
1055 2259 1305 2316 θάνατον
1336 2261 1587 2325 Μωσέως
1626 2284 1733 2332 μη-

128 2346 261 2399 δένα
319 2345 492 2415 φασὶν
553 2345 880 2416 ἐγνωκέναι,
934 2344 1075 2416 μηδε
1133 2341 1235 2415 τὴν
1295 2343 1479 2416 ταφὴν
1537 2343 1727 2414 αὐτοῦ,

126 2425 310 2499 ω’σπερ
352 2451 455 2484 ουν
498 2426 631 2484 ουὸε
671 2431 769 2484 τοῦ
811 2432 1056 2501 σωτῆρος
1105 2423 1264 2500 ἡμῶν
1314 2426 1416 2499 τὴν
1456 2451 1591 2500 μετα
1631 2426 1731 2496 τὴν

123 2508 430 2582 ἀναβίωσιν
461 2517 539 2578 εἰς
570 2513 671 2584 τὴν
701 2510 938 2584 θεότητα
969 2510 1296 2584 μεταβολήν.
1348 2517 1433 2568 28.
1459 2517 1511 2568 εἰ
1532 2510 1600 2583 δὴ
1630 2513 1732 2568 οὐν

127 2592 216 2650 δια
239 2599 350 2651 τῶν
379 2594 660 2653 τοσούτων
690 2593 875 2662 οὐδεὶς
905 2597 1008 2668 μὲν
1039 2594 1230 2668 αλλος,
1261 2595 1430 2669 μόνος
1475 2595 1535 2652 δε
1566 2592 1595 2652 ὁ
1627 2613 1731 2653 σω-

61 2700 103 2733 30
127 2677 227 2750 τὴρ
257 2676 415 2751 ἡμῶν
466 2683 708 2754 παρέστη
763 2678 828 2737 τα
879 2679 1234 2754 παραπλήσια
1284 2689 1486 2737 ΖἉωσεῖ
1544 2675 1732 2737 διαπε-

239 2875 263 2913 3
286 2873 412 2912 Num.
448 2875 514 2922 11,
541 2875 606 2914 16.
781 2876 804 2914 7
837 2876 950 2914 Luc.
978 2876 1041 2922 10,
1068 2876 1103 2914 1.
1281 2876 1332 2915 13
1354 2875 1492 2916 Deut.
1519 2877 1557 2921 5,
1584 2875 1651 2913 17.

211 2955 436 2983 Eussssms
470 2956 544 2983 111.
1330 2942 1394 2994 10

1754 1101 1824 1139 (94)
