1946 3158
240 121 339 174 126
908 120 1158 163 EUsEssu

142 263 208 306 (80)
365 243 479 296 140.
532 236 760 304 εὈὕτως
790 239 935 309 λέγει
965 234 1178 310 κύριος·
1211 233 1278 294 ὃν
1306 235 1512 311 τρόπον
1544 235 1837 311 εὑρήσεται

233 319 262 380 ὁ
294 322 402 396 ῥώξ
437 325 496 380 ἐν
526 326 600 400 τῷ
633 320 847 395 βότρυι,
880 322 971 378 καὶ
1005 323 1248 395 ἐροῦσιν,
1281 319 1355 394 μὴ
1387 320 1607 395 λυμήνῃ
1639 319 1833 396 αὐτὸν,

230 404 313 464 ὅτι
328 404 549 479 εὐλογία
571 411 768 478 κυρίου
791 406 941 462 ἐστὶν
963 407 1022 462 ἐν
1040 401 1210 480 αὐτῷ,
1225 404 1398 472 οὕτως
1411 404 1622 478 ποιήσω
1646 409 1837 465 ἕνεκεν

232 495 330 549 τοῦ
363 487 723 557 δουλεύοντάς
751 513 859 563 μοι.
919 487 1119 547 τούτου
1150 492 1339 547 ἕνεκεν
1378 487 1445 547 οὐ
1477 489 1550 564 μὴ
1581 489 1834 548 ἀπολέσω

232 574 463 647 πάντας,
505 575 596 631 καὶ
639 572 806 642 ἐξάξω
845 572 905 631 τὸ
948 577 1002 642 ἐξ,
1035 571 1232 645 Ἰακώβ
1263 576 1478 648 σπέρμα
1533 576 1625 632 καὶ
1676 576 1734 632 τὸ
1778 577 1832 644 ἐξ
1877 601 1901 635 5

227 656 427 731 Ἰούδα,
489 660 579 715 καὶ
639 657 1040 732 κληρονομήσει
1099 656 1158 715 τὸ
1209 654 1336 732 ὅρος
1395 656 1454 716 τὸ
1513 655 1672 731 ἅγιόν
1710 683 1834 732 μου.

234 747 350 800 141.
376 744 468 800 καὶ
498 741 1012 818 κληρονομήσουσιν
1040 747 1098 799 οἱ
1125 745 1372 799 ἐκλεκτοί
1394 766 1501 815 μου
1534 745 1625 800 καὶ
1647 746 1704 800 οἰ
1712 746 1838 801 δοῦ·

231 834 323 885 λοί
338 851 465 901 μου,
498 829 590 884 καὶ
613 825 1039 900 κατοικήσουσιν
1061 830 1184 884 ἐκεῖ.
1229 829 1321 884 καὶ
1344 833 1495 884 ἔσται
1519 829 1578 884 ἐν
1601 832 1676 904 τῷ
1700 832 1838 902 δρυ-

230 917 314 989 μῷ
347 917 574 979 ἔπαυλις
605 919 898 985 ποιμνίων,
931 913 1019 969 καὶ
1052 909 1461 986 φαραγξἈχώρ
1488 917 1564 979 εἰς
1587 910 1837 969 ἀνάπαυ-

231 1018 322 1054 σιν
353 1001 666 1069 βουκολίων
695 1002 779 1073 τῷ
803 999 916 1073 λαῷ
957 1019 1093 1070 μου,
1135 1002 1191 1052 οἳ
1229 993 1494 1068 ἐζήτησάν
1533 1020 1616 1069 με.
1679 992 1835 1069 ὑμεῖς
1859 1025 1903 1057 ιο

183 1094 204 1126 b
234 1081 294 1138 δὲ
343 1085 399 1137 oc
446 1078 902 1153 ἐγκαταλιπόντες
952 1104 1019 1154 με
1072 1082 1165 1137 καὶ
1225 1078 1724 1153 ἐπιλανθανόμενοι
1775 1078 1836 1138 τό

228 1163 354 1238 ὅρος
401 1164 461 1222 τὸ
509 1163 667 1238 ἅγιόν
706 1189 841 1238 μου,
894 1166 984 1222 καὶ
1017 1162 1387 1237 ἑτοιμάζοντες
1425 1167 1492 1238 τῇ
1530 1163 1665 1239 τύχῃ
1706 1163 1836 1238 τρά-

230 1257 421 1326 πεζαν,
448 1250 538 1306 καὶ
563 1253 901 1324 πληροῦντες
933 1253 1008 1326 τῷ
1042 1254 1263 1321 δαίμονι
1294 1251 1566 1322 κέρασμα,
1600 1248 1705 1321 ἐγὼ
1736 1271 1836 1306 πα-

231 1331 465 1407 ραδώσω
495 1329 638 1407 ὑμᾶς
681 1339 759 1401 εἰς
788 1332 1081 1407 μα’χαιραν.
1148 1336 1263 1389 142.
1310 1331 1512 1399 πάντες
1554 1335 1614 1391 ἐν
1647 1339 1833 1408 σφαγῇ

228 1427 513 1492 πεσεῖσθε,
543 1416 627 1475 ὅτι
659 1416 891 1475 ἐκάλεσα
920 1416 1081 1491 ὑμᾶς,
1113 1418 1204 1473 καὶ
1226 1415 1326 1490 οὐχ
1350 1413 1719 1490 ὑπηκούσατε,
1739 1418 1831 1474 καὶ
1858 1447 1901 1480 15

230 1501 520 1575 ἐποιήσατε
549 1501 608 1559 τὸ
633 1501 880 1574 πονηρὸν
911 1505 1166 1560 ἐναντίον
1188 1505 1340 1575 ἐμοῦ,
1373 1504 1465 1558 καὶ
1495 1499 1530 1558 α’
1553 1498 1654 1559 οὐκ
1673 1505 1836 1574 ἐβου-

227 1585 402 1660 λόμην
428 1582 799 1655 ἐξελέξασθε.”

355 1675 470 1728 143.
519 1668 740 1730 Διελών
781 1673 874 1728 καὶ
908 1673 967 1728 ἐν
997 1669 1209 1737 τούτοις
1254 1666 1283 1727 ὁ
1317 1669 1475 1743 λόγος
1515 1667 1695 1743 βραχὺ
1732 1671 1835 1743 μέν

225 1761 282 1812 τί
308 1774 482 1829 φησιν
513 1759 727 1830 σπέρμα
761 1759 812 1824 ἐξ
841 1753 1033 1827 Ἰακώβ
1073 1753 1366 1822 τεύξεσθαι
1405 1758 1517 1811 τῶν
1573 1756 1834 1827 ἐπηγγελ-

225 1841 428 1913 μένων,
463 1839 749 1907 ἐκλεκτούς
779 1863 838 1896 τε
870 1838 1012 1896 εἶναι
1044 1836 1169 1905 τούς
1202 1837 1633 1912 κατοικήσαντας
1667 1841 1725 1896 ἐν
1754 1841 1830 1916 τῷ
1856 1869 1897 1903 20

228 1927 446 1999 δρυμῷ·
502 1922 676 1990 οὕτως
705 1921 987 1995 ὁνομαζων
1016 1920 1118 1995 τὴν
1148 1924 1345 1994 κλῆσιν
1368 1947 1480 1980 των
1521 1925 1734 1996 ε’θνων,
1778 1925 1838 1981 ἐν

224 2033 258 2082 ῃ
289 2013 346 2064 οι
373 2009 617 2065 ἐκλεκτοὶ
655 2011 753 2064 τοῦ
786 2013 985 2081 κυρίου
1016 2009 1108 2064 καὶ
1139 2005 1199 2064 τὸ
1227 2003 1419 2080 Ἰακωβ
1453 2011 1687 2082 σπέρμα,
1722 2005 1837 2064 εἷεν

227 2090 276 2148 δ’
341 2116 410 2148 αν
476 2095 534 2149 οἱ
597 2089 893 2149 ἀπόστολοι
962 2092 1054 2148 καὶ
1123 2094 1370 2165 μαθηταὶ
1431 2097 1526 2149 τοῦ
1588 2097 1832 2166 σωτῆρος

226 2172 400 2249 ἡμῶν,
435 2181 490 2233 οι
520 2176 580 2232 δε
604 2178 784 2232 λοιποὶ
829 2173 1033 2244 πάντες
1056 2199 1204 2250 παρα
1234 2175 1464 2243 τούτους
1488 2189 1604 2243 ταῖς
1637 2181 1835 2249 δηλου-

223 2264 413 2333 με’ναις
444 2258 694 2326 ἀπειλαῖς
724 2255 1157 2333 ὑποβέβληνται,
1188 2262 1487 2334 μονονουχὶ
1526 2265 1623 2318 τοῦ
1663 2258 1830 2332 λόγου
1853 2294 1896 2327 25

224 2343 537 2418 γυμνότατα
583 2349 955 2418 παριστῶντος
994 2343 1067 2417 μὴ
1112 2340 1184 2411 ὥς
1229 2350 1422 2418 ἔτυχεν
1469 2346 1556 2401 ἐπὶ
1612 2347 1725 2401 πᾶν
1776 2343 1835 2400 τό

219 2426 504 2486 Ἰουδαίων
550 2434 714 2495 ἔθνος
747 2426 994 2502 φθάσειν
1032 2427 1127 2494 τὰς
1167 2432 1266 2485 τοῦ
1308 2432 1449 2485 θεοῦ
1494 2430 1840 2501 ἐπαγγελίας,

222 2510 344 2570 ἀλλ’
393 2515 482 2570 ἐπὶ
524 2512 697 2587 μόνον
736 2512 796 2570 τὸ
841 2511 1234 2586 ὠνομασμένον
1279 2515 1525 2586 σπέρμα,
1578 2515 1670 2569 καὶ
1711 2510 1839 2579 τούς

224 2601 689 2671 ἐπικαλουμένους
714 2595 1003 2664 ἐκλεκτούς
1026 2599 1126 2654 τοῦ
1145 2599 1306 2670 θεοῦ,
1345 2598 1462 2654 ἐπεὶ
1490 2597 1682 2654 πολλοὶ
1711 2604 1839 2669 κλη-

222 2685 322 2755 τοὶ,
354 2679 530 2754 ὀλίγοι
563 2683 622 2739 δὲ
655 2686 912 2741 ἐκλεκτοί.
960 2685 1074 2739 144.
1090 2679 1300 2748 τούτοις
1328 2681 1386 2738 δὲ
1404 2683 1495 2738 καὶ
1522 2686 1629 2739 νῦν
1654 2678 1828 2754 ὄνομα
1847 2716 1893 2748 30

1116 2763 1129 2784 e

222 2765 415 2824 καινὸν
457 2765 890 2840 ἐπιτεθήσεσθαι
935 2768 1056 2839 ἑξῆς
1106 2789 1135 2822 ο
1191 2763 1350 2838 λόγος
1389 2772 1668 2838 θεσπίζει,
1725 2763 1829 2838 φά-

341 2892 362 2929 1
395 2891 470 2933 Es.
497 2865 566 2941 ἐξ,
589 2891 629 2934 8.
803 2891 857 2931 28
887 2889 1053 2932 Matth.
1075 2891 1145 2942 20,
1174 2889 1238 2931 16.
