1992 3186
597 139 904 182 DEMONST.
936 140 1155 183 EVANG.
1191 141 1244 180 V.
1277 141 1314 181 2.
1663 138 1766 190 303

165 254 396 323 λιάσεως
427 253 576 329 παρά
605 253 732 322 τούς
762 253 1024 328 μετόχους
1057 274 1175 312 σου.
1246 252 1385 312 ῶστε
1419 251 1553 312 οὐδὲ
1583 254 1771 312 κοινὸν

164 343 255 397 καὶ
296 343 500 412 γεῶδες
539 339 599 396 τὸ
652 338 998 413 δηλούμενον
1051 363 1213 396 τουτο
1264 353 1468 414 χρῖσμα
1523 332 1592 411 ἦν
1643 336 1773 396 οὐδὲ

163 423 353 498 ὅμοιον
383 427 460 480 τῶ
494 421 642 494 παρὰ
666 433 867 482 Μωσεῑ
891 427 1377 524 νενομοθετημένςο
1402 426 1494 480 καὶ
1517 426 1773 497 φθαρτῆς

165 512 217 576 ἐξ
249 507 385 582 ὕλης
417 511 935 584 κατεσκευασμένῳ,
972 499 1015 583 ῶ
1045 515 1214 581 φίλον
1245 500 1315 580 ἦν
1344 532 1473 574 τους
1504 507 1772 573 παλαιοὺς

118 617 137 648 5
156 591 429 665 Ἑβραίων
469 596 647 665 ιερέας
699 596 790 649 καὶ
836 570 1094 664 βασιλέας
1142 599 1414 667 χρί.εσθαι
1495 597 1543 650 3.
1602 598 1773 649 ε”νθεν

165 676 295 749 ἡμῖν
328 675 549 744 εἰκότως
581 679 671 734 καὶ
713 676 846 742 θεὸς
885 673 1025 749 ὁμοῦ
1066 679 1157 734 καὶ
1198 675 1432 750 Χριστὸς
1464 675 1772 749 ἀνηγόρευ-

162 787 267 833 ται,
302 761 372 828 ὠς
403 759 473 819 ἂν
503 760 687 834 μόνος,
719 761 792 834 μὴ
819 759 883 818 δι’
922 759 1271 833 ἀνθρώπων,
1304 758 1437 834 μηδ’
1466 764 1518 829 ἐξ
1543 759 1771 834 ἀνθρῶ-

162 869 312 917 πων,
346 846 481 918 πρός
514 843 684 903 αὐτοῦ
718 845 779 902 δὲ
808 848 906 903 τοῦ
938 848 1051 902 τῶν
1081 844 1228 902 ὅλων
1258 850 1515 918 ποιητοῦ,
1559 848 1654 918 τῆς
1688 849 1769 902 ἐν·

161 931 299 987 θέου
329 934 500 1003 χαράς
531 931 623 986 καὶ
654 928 1030 1000 ἀγαλλιάσεως
1054 925 1326 1006 ἀσωμάτῳ
1351 931 1442 986 καὶ
1466 941 1774 1001 θεοπρεπεῖ

95 1039 135 1070 10
159 1020 415 1086 χρίσματι
476 1015 845 1087 κεχρισμένος.
925 1022 972 1069 4.
1038 1012 1232 1084 διόπερ
1301 1017 1532 1081 ἐνδίκως
1585 1012 1769 1086 μόνος,

158 1095 378 1165 ἀκάκως
409 1097 604 1172 μόνος,
646 1094 874 1170 ἀγαθῶς
911 1100 1003 1154 καὶ
1048 1104 1254 1170 κυρίως
1294 1097 1443 1199 παρὰ
1481 1096 1610 1164 τούς
1642 1096 1769 1154 ὀνο-
1788 1108 1874 1148 (218)

156 1185 495 1256 μαζομένους
538 1179 716 1240 αὐτοῦ
745 1181 1036 1256 μετόχους,
1083 1180 1318 1254 Χριστὸς
1360 1179 1430 1239 ἂν
1469 1181 1762 1254 ἀναγορευ

158 1273 302 1339 θείη.
372 1272 430 1324 οι
449 1269 680 1371 μέτοχοι
724 1267 786 1324 δε
827 1265 1001 1324 αὐτοῦ
1039 1274 1185 1332 τίνες
1225 1263 1295 1324 ἀν
1341 1268 1480 1338 εἶεν,
1514 1263 1546 1338 ἢ
1579 1271 1634 1323 οἱ
1661 1273 1774 1323 οἱοί

155 1373 214 1407 τε
245 1349 460 1422 λέγειν
465 1350 702 1424 ομέτοχοι
731 1351 838 1423 γὰρ
862 1350 1170 1424 γεγόναμεν
1194 1348 1504 1423 Χριστοῦ;”
1538 1353 1664 1424 περὶ
1691 1343 1770 1408 ῶν

94 1460 133 1491 15
160 1445 369 1507 εἴρηται
393 1433 515 1508 “μὴ
547 1433 790 1492 ἅπτεσθε
821 1439 932 1492 τῶν
963 1439 1221 1509 Χριστῶν
1251 1459 1388 1508 μου,
1434 1438 1525 1492 καὶ
1567 1439 1624 1492 ἐν
1655 1450 1768 1502 τοῖς

158 1517 467 1591 προφήταις
497 1543 604 1592 μου
644 1516 719 1592 μὴ
751 1516 1182 1591 πονηρεύεσθε.”
1251 1523 1298 1576 5.
1347 1522 1439 1576 καὶ
1483 1518 1551 1591 δὴ
1589 1543 1770 1591 πεφη-

157 1601 313 1669 νότος
347 1602 438 1660 διά
468 1602 682 1661 τούτων
713 1609 903 1675 σαφῶς
934 1606 1031 1660 τοῦ
1071 1605 1318 1675 Χριστοῦ
1357 1602 1643 1676 ἀγαπητοῦ
1677 1606 1769 1660 καὶ

156 1691 297 1744 θεοῦ
331 1690 423 1744 καὶ
454 1690 754 1758 βασιλέως,
788 1686 903 1760 ῶρα
934 1706 996 1743 σε
1029 1695 1224 1759 ζητειν,
1258 1712 1286 1744 ο
1310 1693 1630 1760 τηλικοῦτος
1655 1692 1770 1754 πῶς

157 1770 395 1873 εχθρούς
435 1778 581 1844 ἐχειν
620 1774 862 1843 λέγεται,
906 1774 996 1828 και
1041 1778 1195 1836 τίνας
1238 1774 1328 1828 καὶ
1363 1769 1430 1828 δι’
1464 1769 1534 1844 ἣν
1563 1778 1766 1844 αἰτίαν,

91 1881 132 1914 20
156 1853 288 1913 καθ’
324 1857 403 1914 ῶν
441 1854 507 1913 τά
551 1858 751 1913 ἑαυτοῦ
781 1858 914 1928 βέλη
956 1858 1047 1912 καὶ
1093 1854 1194 1927 τὴν
1236 1859 1435 1912 ἑαυτοῦ
1483 1861 1763 1930 ρομφαίαν
1789 1868 1809 1900 b

155 1938 490 2012 ἠκονήσατο,
540 1938 687 2007 ὅπως
729 1964 788 1997 τε
835 1937 902 1997 οὐ
947 1937 1012 1996 δι’
1060 1939 1342 2012 ὁπλιτικῆς
1393 1939 1763 2014 παρατάξεως,

154 2023 274 2081 ἀλλ’
314 2027 502 2082 ἕνεκεν
532 2023 800 2097 ἀληθείας
825 2027 916 2082 καὶ
949 2023 1260 2098 πραΰτητος
1291 2026 1383 2081 καὶ
1412 2024 1766 2097 δικαιοσύνης

152 2113 385 2182 μυρίους
424 2107 738 2182 ὑπηγάγετο
790 2112 968 2186 ἑαυτῷ
1021 2108 1202 2174 λαούς.
1281 2114 1327 2166 6.
1391 2116 1653 2181 ζητοῦντα
1706 2110 1766 2166 δὲ

152 2191 392 2266 ἀκριβῶς
423 2198 594 2250 ταῦτα
634 2199 812 2260 καλῶς
852 2190 922 2251 ἂν
969 2199 1080 2266 ἔχοι
1122 2197 1454 2266 μεταφέρειν
1494 2190 1634 2250 αὐτοὶ
1678 2195 1766 2250 ἐπὶ

90 2302 130 2334 25
152 2278 247 2334 τὸν
289 2282 507 2351 σωτῆρα
549 2280 639 2335 καὶ
680 2276 877 2351 κύριον
926 2277 1083 2350 ἡμῶν
1118 2276 1334 2350 Ἰησοῦν
1389 2277 1485 2334 τὸν
1526 2277 1766 2351 Χριστὸν

151 2367 249 2417 τοῦ
291 2365 459 2434 θεοῦ,
515 2359 883 2436 ἀνατρέχοντα
928 2365 1016 2419 ἐπὶ
1059 2361 1124 2419 τά
1178 2365 1584 2434 διεξωδευμένα
1639 2363 1766 2433 περὶ

154 2447 248 2515 τῆς
287 2451 364 2512 εἰς
415 2443 750 2518 ἀνθρώπους
803 2444 974 2504 αὐτοῦ
1026 2445 1303 2518 παρόδου,
1365 2444 1496 2502 καθ’
1551 2443 1623 2517 ἣν
1671 2442 1764 2510 τάς

159 2527 358 2600 ἐχθρὰς
397 2532 488 2586 καὶ
530 2529 798 2605 ἀοράτους
842 2529 1104 2602 δυνάμεις
1156 2536 1268 2586 τῶν
1318 2532 1618 2602 μοχθηρῶν
1671 2530 1763 2586 καὶ

157 2617 506 2682 λυμαντικῶν
525 2613 805 2688 δαιμόνων
821 2619 932 2672 τῶν
954 2638 1013 2671 τε
1037 2616 1296 2685 πονηρῶν
1319 2615 1411 2669 καὶ
1428 2611 1763 2684 ἀκαθάρτων

91 2720 132 2752 30
157 2694 488 2767 πνευμάτων
503 2697 944 2771 τροπωσάμενος,
965 2704 1198 2771 μυρίους
1213 2695 1377 2762 ὅσους
1396 2699 1573 2774 ἑαυτῷ
1594 2696 1760 2763 λαοὺς
1779 2722 1868 2764 {1381

271 2891 322 2927 14
354 2889 468 2929 Heb.
493 2892 530 2940 3,
557 2892 621 2929 14.
883 2894 931 2932 15
963 2893 1035 2931 ΡΞ.
1063 2893 1155 2939 104,
1183 2894 1245 2932 15.
