1992 3186
507 89 814 131 DEMONST.
845 88 1067 130 EVANG.
1098 88 1179 130 IX.
1214 90 1280 130 10.
1316 89 1382 127 11.
1657 85 1758 137 597

150 204 217 262 τὰ
246 202 410 262 λοιπὰ
442 205 502 261 δὲ
534 205 631 262 τοῦ
662 211 852 276 λογίου
884 204 1019 262 κατὰ
1051 202 1245 275 καιρὸν
1271 206 1330 260 ἐν
1355 215 1467 269 τοῖς
1492 204 1618 275 περὶ
1648 208 1760 259 τῶν

154 291 495 362 ἐπαγγελιῶν
529 288 967 361 ἐξετασθήσεται.

572 511 701 571 Ἀπὸ
732 516 832 571 τοῦ
861 518 1326 586 Δευτερονομίου.

279 637 357 687 ΧΙ.
389 624 738 701 “Προφη’την
780 630 839 683 ἐκ
879 629 989 682 τῶν
1031 623 1295 697 ἀδελφῶν
1334 643 1436 681 σου
1467 621 1764 697 ἀναστήσει
1796 659 1813 680 e

108 729 238 768 5σοι
277 708 466 783 κύριος
506 709 534 768 ὁ
575 709 708 779 θεός
750 728 882 780 σου,
934 705 1006 776 ῶς
1048 711 1167 782 ἐμέ·
1235 707 1407 766 αὐτοῦ
1449 707 1766 766 ἀκούσεσθε

151 794 289 852 κατὰ
319 795 499 853 πάντα
529 792 631 852 όσα
662 793 847 869 ᾐτήσω
879 793 1027 866 παρὰ
1058 801 1258 867 κυρίου
1278 795 1379 850 τοῦ
1399 796 1539 851 θεοῦ
1568 812 1673 851 σου
1706 797 1765 850 ἐν

150 877 378 953 Χωρήβ,
410 884 475 954 τῆ
506 878 682 955 ἡμέρα
711 885 805 952 τῆς
839 881 1157 951 ἐκκλησίας,
1189 880 1471 951 λέγοντες,
1502 902 1568 935 ου
1598 896 1765 952 προσ-

149 963 401 1037 θήσομεν
430 963 663 1021 ἀκοῦσαι
698 967 794 1036 τῆς
826 969 1016 1035 φωνῆς
1046 969 1246 1036 κυρίου
1285 968 1385 1020 τοῦ
1416 966 1557 1020 θεοῦ
1587 961 1764 1036 ἡμῶν,

150 1051 242 1106 καὶ
274 1048 333 1104 τὸ
363 1051 480 1123 πῦρ
511 1047 570 1106 τὸ
601 1051 740 1122 μέγα
769 1051 930 1105 τοῦτο
961 1046 1063 1105 οὐκ
1093 1045 1348 1120 ὀψόμεθα
1379 1053 1488 1120 ε’,τι
1528 1046 1662 1104 οὐδε
1692 1046 1765 1121 μὴ
1792 1069 1878 1112 [276]

87 1156 128 1188 10
151 1126 556 1206 ἀποθάνωμεν·
604 1135 697 1190 καὶ
730 1132 848 1191 εἷπε
871 1130 1061 1206 κύριος
1083 1130 1221 1206 πρός
1251 1156 1338 1205 με,
1369 1131 1556 1206 ὀρθῶς
1587 1129 1767 1189 πάντα

150 1216 252 1274 ὅσα
283 1216 578 1290 ἐλάλησαν,
611 1215 903 1292 προφήτην
925 1219 984 1274 ἐκ
1004 1221 1116 1274 τῶν
1139 1213 1402 1290 ἀδελφῶν
1426 1215 1612 1274 αὐτῶν
1636 1213 1766 1274 ἄνα-

151 1300 334 1375 στήσω
365 1300 552 1368 αὐτοῖς
595 1299 779 1375 ῶσπερ
820 1302 911 1374 σὲ,
953 1304 1046 1359 καὶ
1079 1300 1241 1359 δῶσω
1280 1300 1340 1358 τὸ
1373 1299 1520 1375 ρ”ῆμά
1549 1325 1657 1374 μου
1690 1307 1767 1368 εἰς

152 1384 210 1443 τὸ
252 1385 425 1459 στόμα
470 1385 673 1459 αὐτοῦ,
719 1388 811 1443 καὶ
852 1385 1080 1458 λαλήσει
1121 1383 1307 1452 αὐτοῖς
1359 1384 1490 1443 καθ’
1535 1384 1566 1442 ὅ
1605 1410 1657 1442 τι
1698 1381 1768 1443 ἂν

125 1474 476 1544 ἐντείλωμαι
506 1468 689 1548 αὐτῶ,
722 1473 814 1528 καὶ
844 1469 872 1528 ὁ
903 1468 1202 1542 ἅνθρωπος
1232 1467 1291 1538 ὃς
1324 1469 1421 1528 ἐαν
1450 1469 1524 1544 μὴ
1554 1466 1766 1544 ακούσῃ

89 1575 130 1608 15
152 1577 333 1612 παντα
371 1553 474 1612 όσα
519 1556 617 1613 ἐὰν
658 1554 870 1629 λαλήσῃ
910 1579 939 1612 ο
979 1553 1264 1628 προφήτης
1308 1556 1396 1612 ἐπὶ
1434 1558 1509 1612 τῶ
1540 1551 1774 1627 ὀνόματί

152 1645 289 1713 μου,
323 1639 430 1712 ἐγω
462 1638 736 1713 ἐκδικήσω
771 1643 848 1709 ἐξ
855 1638 1043 1711 αὐτοῦ.
1791 1663 1814 1695 d

278 1728 326 1781 2.
358 1721 683 1797 Ἐπίστησον
724 1723 807 1781 ὅτι
850 1712 1043 1831 μηδεὶς
1085 1722 1215 1797 παρ’
1247 1719 1520 1797 Ἑβραίοις
1566 1731 1771 1781 Μωσεῖ

152 1807 534 1882 παραπλήσιος
564 1807 852 1882 προφήτης
896 1807 1211 1882 ἐγήγερται,
1254 1810 1503 1866 τουτέστι
1536 1811 1767 1879 νομοθέ-

153 1917 248 1966 της
291 1894 383 1950 καὶ
426 1890 712 1966 εὐσεβείας
756 1892 1078 1966 ἀνθρώποις
1111 1892 1429 1966 εἰσηγητὴς,
1476 1862 1766 1965 ἢμόνοςὸ

90 1997 130 2030 20
153 1975 412 2051 ἡμέτερος
444 1977 656 2051 σωτὴρ,
687 1974 716 2034 ὁ
748 1976 982 2053 Χριστὸς
1013 1984 1110 2036 τοῦ
1142 1981 1298 2035 θεοῦ.
1360 1975 1497 2050 πρὸς
1521 1980 1662 2048 γοῦν
1692 1980 1768 2053 τῷ

152 2063 295 2118 τέλει
344 2067 441 2119 τοῦ
482 2070 931 2137 Δευτερονομίου
982 2066 1197 2136 λέγεται
1242 2058 1382 2119 “obst
1433 2058 1637 2133 ἀνέστη
1689 2067 1769 2118 ἔτι

153 2145 439 2220 προφήτης
489 2149 550 2203 ἐν
581 2145 799 2222 Ἰσραὴλ
841 2147 913 2215 ῶς
944 2144 1223 2220 ΛἉωσῆς·”
1292 2149 1386 2203 καὶ
1436 2147 1547 2220 μὴν
1578 2153 1770 2219 μυρίοι

152 2234 430 2304 προφῆται
453 2229 588 2304 μετὰ
612 2238 809 2290 τοῦτον
838 2231 1154 2305 γεγόνασιν,
1186 2229 1325 2288 ἀλλὰ
1349 2227 1449 2304 οὐχ
1481 2227 1554 2296 ῶς
1585 2227 1766 2296 αὐτός.

152 2318 200 2371 3.
233 2311 365 2372 ὅλον
396 2316 458 2373 δὲ
487 2318 651 2374 τοῦτο
682 2315 715 2389 ἡ
747 2319 846 2374 τοῦ
876 2322 1016 2374 θεοῦ
1039 2315 1337 2389 ὑπόσχεσις
1359 2317 1769 2387 ἐπαγγέλλεται,

90 2417 132 2449 25
156 2399 253 2454 ἕνα
292 2397 444 2471 τινα,
484 2396 609 2472 οὐχὶ
650 2401 711 2457 δὲ
750 2399 1019 2472 πολλοὺς,
1059 2402 1152 2457 καὶ
1196 2396 1390 2472 ὅμοιον
1432 2395 1770 2468 ἀναστήσειν

156 2479 322 2556 αὐτῷ.
386 2487 548 2553 δηλοῖ
577 2483 638 2539 δὲ
669 2487 865 2541 τοῦτον
896 2486 1211 2556 νομοθέτην
1233 2485 1325 2539 καὶ
1357 2478 1642 2552 εὐσεβείας
1673 2479 1767 2538 ἄν·

155 2563 405 2636 θρῶπων
438 2563 804 2637 διδάσκαλον,
837 2563 952 2633 οἶος
982 2566 1148 2639 μόνος
1178 2565 1207 2623 ὁ
1239 2564 1422 2637 σωτὴρ
1454 2567 1546 2621 καὶ
1577 2562 1769 2637 κύριος

158 2648 311 2720 ἡμῶν
346 2644 552 2720 Ἰησοῦς
583 2650 818 2722 Χριστὸς
864 2652 954 2728 καὶ
985 2647 1116 2707 οὐδὲ
1156 2647 1319 2716 ἄλλος
1359 2647 1772 2721 ἆναδέδεικταις

267 2842 294 2881 4
323 2840 462 2881 Dent.
487 2842 552 2891 18,
579 2843 645 2883 15.
818 2843 870 2882 21
902 2843 1041 2883 Dent.
1065 2845 1132 2894 34,
1160 2846 1198 2885 1.
