1992 3186
559 98 866 139 DEMONST.
895 98 1115 141 EVANG.
1152 99 1277 141 vm.
1313 101 1350 140 1.
1635 97 1742 150 495

134 216 342 271 λοιπῶν
372 216 569 285 φυλῶν
604 218 1061 286 διανεμηθείσης,
1103 212 1378 287 ἀκληρωτὶ
1424 217 1516 270 καὶ
1547 218 1740 272 πασῶν

134 295 322 372 πρῶτη
361 296 394 369 ἡ
439 299 539 354 τοῦ
562 295 743 354 Ἰούδα
783 296 935 370 φυλὴ
974 295 1034 354 τὸ
1065 304 1273 356 οἰκεῖον
1313 301 1475 371 μέρος
1513 301 1610 371 τῆς
1640 303 1739 371 γῆς

132 378 524 454 ἀπολαμβάνει.
600 386 679 439 12.
714 380 853 438 ἄλλα
894 381 1037 440 καὶ“
1046 380 1180 455 μετα
1211 382 1312 454 τὴν
1351 381 1612 456 τελευτὴν
1638 381 1742 456 Ἰη-

131 469 235 523 σοῦ
275 464 573 539 ἐπηρώτων
614 490 665 523 οι
705 469 816 523 υἱοὶ
862 464 1075 540 Ἰσραὴλ
1117 471 1177 524 ἐν
1218 473 1424 544 κυρίω,
1467 469 1738 540 λέγοντες,

87 574 107 606 5
131 556 211 615 τίς
251 547 587 624 ἀναβήσεται
626 549 761 623 ἡμῖν
799 549 934 624 πρὸς
980 551 1075 608 τὸν
1106 559 1454 623 Χαναναῖον,
1489 550 1740 652 ἀφηγού-

129 657 290 708 μενος
321 639 419 691 τοῦ
450 639 755 708 πολεμῆσαι
788 638 846 692 ἐν
878 632 1054 711 αὗτῷς
1087 637 1179 691 καὶ
1213 644 1332 692 ειπε
1362 634 1579 709 κύριος,
1606 633 1742 693 Ἰού-

133 724 230 786 δας
270 717 623 792 ἀναβήσεται.
711 719 835 776 ἰδοὺ
878 722 1093 777 δέδωκα
1143 717 1247 791 τὴν
1286 724 1392 792 γῆν
1433 726 1509 787 εἰς
1554 735 1740 792 χεῖρας

128 800 354 860 αὐτοῦ.”
410 807 601 876 σαφῶς
631 805 734 861 οὐν
763 806 862 860 τοῦ
883 801 1086 870 παντὸς
1110 802 1326 875 Ἰσραὴλ
1351 799 1614 876 ἡγεῖσθαι
1638 804 1740 877 τὴν

126 891 224 945 τοῦ
248 886 431 945 Ἰούδα
454 885 642 959 φυλὴν
664 912 693 944 ο
674 885 845 953 θεὸς
881 886 972 944 διὰ
994 886 1206 944 τούτων
1231 907 1571 961 προσταττει,
1602 885 1739 946 όθεν
1762 913 1785 945 b

62 996 102 1028 10
127 973 247 1044 ἑξῆς
286 973 589 1073 γέγραπται
619 969 750 1028 “mxl
804 968 978 1045 ἀνέβη
1021 968 1260 1043 Ἰούδας,
1315 975 1407 1029 καὶ
1450 974 1739 1045 παρέδωκε

126 1055 315 1129 κύριος
354 1055 449 1113 τὸν
489 1065 843 1128 Χαναναῖον,
886 1058 977 1113 καὶ
1015 1054 1113 1114 τὸν
1158 1064 1456 1130 Φερεζαῖον
1498 1061 1558 1114 ἐν
1600 1060 1740 1130 χειρὶ

126 1138 314 1197 αὐτοῦ.
325 1136 356 1159 ”
409 1145 488 1197 13.
523 1143 614 1197 καὶ
638 1139 806 1197 πάλιν
827 1138 960 1198 “acal
985 1143 1331 1213 ἐπολέμησαν
1353 1146 1409 1198 οἱ
1430 1143 1543 1198 υἱοὶ
1562 1137 1740 1198 Ἰούδα

127 1227 186 1282 ἐν
217 1220 602 1298 Ιερουσαλὴμ,
645 1226 734 1281 καὶ
777 1223 1144 1297 κατελάβοντο
1190 1221 1400 1298 αὐτὴν,
1443 1227 1535 1282 καὶ
1580 1228 1741 1282 κατέ-

124 1316 305 1381 βησαν
335 1311 448 1365 υἱοὶ
473 1306 653 1367 Ἰούδα
683 1315 988 1382 πολεμῆσαι
1022 1313 1081 1368 ἐν
1120 1313 1196 1386 τῷ
1228 1306 1582 1387 Χαναναι’ω.”
1648 1311 1739 1367 καὶ

60 1417 100 1449 15
126 1387 293 1460 αὖθις
316 1389 447 1449 “uoci
479 1392 763 1467 ἐπορεύθη
789 1390 995 1461 Ἰούδας
1025 1392 1159 1467 μετὰ
1183 1393 1424 1467 Συμεῶν
1445 1397 1546 1451 τοῦ
1574 1393 1740 1451 ἀδελ-

124 1483 237 1550 φοῦ
279 1475 503 1535 αὑτοῦ.”
583 1480 675 1535 καὶ
719 1481 840 1550 ἑξῆς
865 1473 998 1535 “καὶ
1038 1471 1108 1551 ἦν
1147 1477 1335 1550 κύριος
1376 1476 1510 1552 μετὰ
1537 1475 1736 1548 Ἰούδα,

124 1564 215 1619 καὶ
266 1561 669 1636 ἐκληρονόμησε
709 1562 768 1618 τὸ
810 1559 992 1636 ὅρος.”
1077 1564 1168 1618 καὶ
1209 1561 1344 1635 μετὰ
1395 1565 1568 1619 ταῦτα
1606 1558 1738 1619 “mxl

122 1643 406 1718 ἀνέβησαν
445 1650 502 1703 oc
538 1650 651 1704 υἱοὶ
685 1644 914 1719 Ἰωσὴφ,
971 1654 1066 1705 καί
1105 1669 1167 1718 γε
1210 1643 1366 1704 αὐτοὶ
1411 1649 1470 1703 ἐν
1499 1644 1737 1718 Βαιθὴλ,

124 1733 215 1787 καὶ
240 1729 455 1797 Ἰούδας
486 1730 600 1803 μετ’
639 1727 885 1789 αύτῶν.”
936 1735 1012 1788 14.
1029 1733 1121 1787 καὶ
1155 1735 1216 1788 ἐν
1246 1734 1314 1804 τῇ
1339 1736 1515 1805 βίβλῳ
1544 1730 1604 1786 δὲ
1627 1733 1739 1788 τῶν

61 1837 102 1870 20
126 1818 329 1889 κριτῶν
372 1814 653 1889 διαφόρως
703 1813 838 1872 κατὰ
893 1814 1127 1888 χρόνους
1173 1817 1592 1888 προϊσταμένων
1634 1817 1741 1879 ,τοῦ
1770 1849 1787 1871 0

126 1903 292 1970 λαοῦ,
340 1905 391 1956 εἰ
430 1901 522 1956 καὶ
564 1903 623 1956 ἐκ
665 1898 952 1972 διαφόρων
992 1898 1225 1957 ἐδόκουν
1274 1899 1416 1956 εἶναι
1456 1901 1656 1972 φυλῶν
1686 1903 1744 1955 oc

126 1985 335 2058 κριταὶ,
366 1981 511 2056 ὅμως
544 1985 604 2040 δὲ
635 1984 883 2043 καθόλου
914 1982 947 2056 ἡ
972 1988 1067 2041 τοῦ
1092 1982 1274 2041 Ἰούδα
1297 1983 1446 2057 φυλὴ
1471 1990 1570 2040 τοῦ
1602 2005 1737 2040 παν-

126 2067 214 2135 τὸς
247 2074 450 2133 ἔθνους
480 2063 696 2140 ἡγεῖτο,
737 2071 924 2144 πολλῶ
957 2069 1015 2125 δὲ
1047 2071 1216 2125 πλέον
1259 2070 1349 2126 ἐπὶ
1380 2071 1492 2125 τῶν
1522 2065 1737 2141 χρόνων

124 2155 221 2210 τοῦ
251 2154 442 2224 Δαβὶδ
481 2155 571 2209 καὶ
613 2157 726 2210 τῶν
764 2151 963 2210 τούτου
1008 2151 1285 2226 διαδόχων
1327 2155 1386 2209 ἐκ
1424 2158 1605 2225 φυλῆς
1635 2152 1739 2224 μὲν

58 2258 100 2291 25
124 2239 222 2294 τοῦ
254 2234 436 2293 Ἰούδα
477 2235 817 2309 γεγονότων,
858 2239 1015 2311 μέχρι
1063 2240 1124 2294 δὲ
1169 2242 1266 2309 τῆς
1309 2243 1386 2302 εἰς
1425 2239 1739 2308 Βαβυλῶνα

124 2327 495 2394 αἰχμαλωσίας
534 2320 638 2394 τὴν
678 2328 967 2394 βασιλείαν
1011 2320 1448 2394 διενεγκάντων,
1483 2319 1612 2394 μεθ’
1667 2317 1739 2388 ἣν

122 2410 234 2461 τῶν
265 2408 324 2462 ἐκ
354 2409 448 2478 τῆς
493 2411 866 2479 αἰχμαλωσίας
899 2408 985 2462 ἐπὶ
1016 2404 1118 2478 τὴν
1158 2411 1370 2463 οἰκείαν
1407 2410 1514 2476 γῆν
1546 2407 1739 2460 ἐπανι-

123 2486 303 2545 όντων
334 2482 499 2556 αὗθις
530 2488 743 2562 ἡγεῖται
775 2488 1126 2564 Ζοροβάβελ,
1157 2486 1185 2546 ὁ
1217 2494 1316 2546 τοῦ
1348 2485 1647 2558 Σαλαθιήλ
1680 2489 1738 2542 ἐκ

124 2576 304 2645 φυλῆς
330 2569 539 2645 Ἰούδα,
570 2570 599 2630 ὁ
632 2577 725 2631 καὶ
754 2574 850 2631 τὸν
880 2573 1027 2631 νεῶν
1053 2576 1281 2646 ἐγείρας.
1339 2576 1420 2628 15.
1456 2578 1622 2628 ἔνθεν
1646 2572 1737 2628 καὶ

59 2655 157 2730 30ιὴ
198 2661 311 2714 τῶν
351 2660 861 2731 Παραλειπομένων
913 2657 1100 2732 γραφὴ
1146 2657 1240 2723 τὰς
1292 2654 1510 2714 δώδεκα
1555 2654 1736 2728 φυλὰς

241 2854 265 2892 3
297 2852 401 2892 Jud.
427 2853 462 2902 1,
493 2853 528 2892 1.
