1992 3186
225 99 332 152 552
889 101 1135 143 EUSEBH

224 215 260 289 ἡ
293 214 478 290 πόλις,
519 217 611 273 καὶ
644 215 1119 289 διαρπαγήσονται
1160 221 1222 274 αἱ
1257 223 1455 292 οἰκίαι,
1497 220 1592 278 καὶ,
1633 224 1694 276 αι’
1729 244 1832 292 γυ-

225 314 415 368 ναῖκες
445 298 923 374 μολυνθήσονται,
955 302 1048 357 καὶ
1081 300 1418 368 ἐξελεύσεται
1447 303 1507 361 τὸ
1539 300 1708 377 ἥμισυ
1737 310 1832 377 τῆς

226 384 439 450 πόλεως
482 386 542 442 ἐν
581 389 952 460 αἰχμαλωσίᾳ,
998 388 1056 442 οἱ
1102 386 1162 442 δὲ
1202 385 1522 445 κατάλοιποι
1559 391 1656 446 τοῦ
1698 391 1834 445 λαοῦ

225 494 334 543 μου
364 467 431 525 οὐ
461 467 535 541 μὴ
569 471 1050 543 ἐξολοθρευθῶσιν
1091 472 1150 527 ἐκ
1188 473 1283 542 τῆς
1314 469 1541 538 πόλεως.
1601 474 1694 530 καὶ
1726 475 1833 540 ἐξε-

175 572 179 575 ’
227 551 486 612 λεύσεται
527 551 745 627 κύριος,
799 556 891 610 καὶ
942 552 1309 629 παρατάξεται
1352 559 1413 613 ἐν
1452 569 1565 623 τοῖς
1606 562 1876 614 ἔθνεσινῑ»

232 639 495 710 ἐκείνοις,
539 635 728 704 καθῶς
768 635 946 711 ἡμέρα
976 638 1328 712 παρατάξεως
1362 637 1538 697 αὐτοῦ
1568 643 1629 698 ἐν
1657 636 1834 717 ἡμέρα

226 723 503 794 πολέμου,
535 724 627 779 καὶ
659 720 953 794 στήσονται
984 728 1042 781 015
1067 721 1234 790 πόδες
1265 723 1437 781 αὐτοῦ
1472 726 1532 781 ἐν
1561 730 1628 798 τῇ
1659 722 1835 799 ἡμέρα

229 808 415 880 ἐκείνῃ
459 809 549 864 ἐπὶ
590 804 650 863 τὸ
689 807 816 881 ὅρος
846 810 958 864 τῶν
1002 810 1202 865 ἐλαιῶν
1231 806 1291 865 τό
1323 811 1613 867 κατέναντι
1637 806 1836 883 Ἰερου-

226 887 468 964 σαλήμ.”

357 980 402 1032 7.
436 975 576 1034 Εἶτα
605 972 738 1049 μεθ’
775 978 933 1051 ἕτερα
963 975 1029 1033 τὰ
1059 975 1265 1048 μεταξύ
1304 994 1477 1051 φησιν
1510 973 1541 996 ‘⁶
1557 979 1650 1035 καὶ
1683 983 1834 1035 ἔσται
1857 1000 1900 1033 10

225 1057 416 1134 κύριος
451 1057 557 1133 εἷς,
591 1062 683 1117 καὶ
713 1058 774 1117 τὸ
805 1059 980 1134 ὄνομα
1012 1059 1194 1119 αὐτοῦ
1232 1066 1329 1134 ἓν,
1373 1066 1621 1119 κυκλοῦν
1651 1064 1837 1119 πᾶσαν

224 1142 328 1217 τὴν
359 1147 466 1217 γῆν
497 1147 588 1204 καὶ
619 1144 724 1218 τὴν
755 1143 996 1219 ἔρημονῖ

111 1251 203 1292 (409)
359 1234 405 1286 8.
439 1232 550 1286 Καὶ
576 1222 743 1297 αὖθις
765 1228 897 1303 μεθ’
928 1232 1105 1304 ἕτερα,
1130 1228 1492 1304 περιγράφων
1513 1230 1616 1303 τὴν
1639 1236 1838 1303 βίβλον

225 1317 324 1386 τῆς
354 1319 692 1386 προφητείας
711 1359 724 1386 ,
771 1314 872 1386 τὴν
903 1318 1101 1387 κλῆσιν
1129 1318 1242 1372 τῶν
1275 1318 1460 1372 ἐθνῶν
1503 1313 1593 1371 διὰ
1623 1313 1838 1372 τούτων

224 1404 479 1467 θεσπίζει
501 1396 532 1418 “
551 1400 642 1455 καὶ
675 1403 827 1456 ἔσται
849 1395 969 1456 ὅσοι
1001 1398 1098 1456 ἐὰν
1121 1402 1576 1472 καταλειφθῶσιν
1607 1402 1666 1456 ἐκ
1696 1398 1838 1456 πάν·
1861 1423 1902 1457 15

225 1507 340 1540 των
369 1484 483 1539 τῶν
518 1485 704 1541 ἐθνῶν
733 1486 845 1540 τῶν
887 1482 1170 1541 ἐλθόντων
1212 1486 1301 1541 ἐπὶ
1325 1480 1712 1559 Ἰερουσαλὴμ,
1745 1485 1838 1540 καὶ

229 1564 606 1639 ἀναβήσονται
639 1566 758 1624 κατ’
798 1567 1083 1641 ἐνιαυτὸν,
1115 1572 1213 1626 τοῦ
1237 1572 1620 1643 προσκυνῆσαι
1642 1574 1718 1644 τῷ
1741 1574 1839 1640 βα-

229 1659 375 1709 σιλεῖ
426 1658 602 1729 κυρίῳ
623 1650 1075 1727 -παντοκροὲτορι,
1127 1655 1219 1709 καὶ
1269 1657 1368 1710 τοῦ
1421 1651 1695 1726 ἑορτάζειν
1736 1652 1839 1724 τὴν

115 1757 205 1800 1255]
230 1734 427 1811 ἑορτὴν
479 1742 578 1809 τῆς
628 1744 1019 1811 σκηνοπηγίας.
1091 1739 1183 1794 καὶ
1235 1744 1414 1809 ἔσται,
1467 1735 1586 1794 ὅσοι
1628 1734 1725 1793 ἐὰν
1763 1733 1837 1808 μὴ

227 1819 518 1894 ἀναβῶσιν
561 1825 622 1879 ἐκ
653 1824 849 1879 πασῶν
879 1825 990 1880 τῶν
1032 1826 1231 1894 φυλῶν
1270 1826 1364 1892 τῆς
1405 1825 1505 1892 γῆς
1539 1826 1615 1886 εἰς
1637 1818 1834 1892 Ἱερου-
1859 1844 1902 1877 20

226 1905 409 1978 σαλὴμ
462 1911 562 1963 τοῦ
602 1911 987 1980 προσκυνῆσαι
1037 1909 1378 1981 τῶ-βασιλεῖ
1415 1910 1591 1980 κυρίῳ
1633 1903 1840 1960 παντο-

227 1987 486 2063 κράτορι,
523 1991 614 2045 καὶ
645 1982 799 2047 οὗτοι
831 1993 1062 2055 ἐκείνοις
1095 1986 1586 2062 προστεθήσονται.
1651 1986 1746 2045 ἐαν
1777 1989 1840 2044 δε

227 2070 380 2145 φυλὴ
413 2071 708 2144 Αἰγύπτου
737 2071 812 2146 μὴ
853 2071 1064 2147 ἀναβῇ,
1107 2073 1246 2145 μηδε
1279 2078 1418 2146 ἔλθῃ
1454 2074 1592 2144 ἐκεῖ,
1625 2074 1716 2129 καὶ
1751 2074 1840 2129 ἐπὶ

179 2182 202 2215 b
226 2154 460 2222 τούτους
503 2161 655 2213 ἔσται
697 2153 731 2229 ἡ
774 2160 1011 2228 πτῶσις,
1053 2181 1123 2229 ην
1165 2155 1390 2225 πατάξει
1430 2154 1618 2229 κύριος
1658 2180 1838 2213 παντα

227 2238 294 2297 τοὶ
328 2247 468 2312 ἑθνη
490 2244 585 2312 τῆς
607 2244 735 2314 γῆς,
767 2258 871 2298 οσα
894 2240 990 2299 εἀν
1011 2240 1083 2314 μὴ
1109 2239 1294 2314 ἀναβῇ
1330 2244 1430 2298 τοῦ
1462 2239 1719 2314 ἑορτασαι
1734 2238 1835 2313 τὴν
1857 2268 1899 2300 25

228 2322 430 2398 ἑορτὴν
459 2328 554 2397 τῆς
587 2331 976 2398 σκηνοπηγίας.
1042 2323 1180 2397 αὕτη
1214 2331 1364 2382 ἔσται
1395 2321 1429 2397 ἡ
1461 2321 1698 2398 ἁμαρτία
1730 2330 1837 2380 Αί-

227 2408 443 2482 γύπτου
475 2411 567 2466 καὶ
599 2406 632 2482 ἡ
665 2406 901 2483 αμαρτία
932 2432 1157 2467 παντων
1180 2412 1291 2466 τῶν
1315 2412 1518 2482 ἐθνῶν,
1544 2407 1645 2465 ὅσα
1669 2404 1739 2465 ἂν
1761 2407 1836 2481 μὴ

226 2491 411 2567 ἀναβῇ
450 2496 552 2551 τοῦ
594 2493 851 2566 ἑορτασαι
891 2494 992 2566 τὴν
1038 2491 1235 2567 ἑορτὴν
1275 2499 1370 2566 τῆς
1403 2489 1815 2566 σκηνοπηγίαςῖ

357 2583 403 2634 9.
456 2580 640 2679 ᾟκῦτα
684 2581 774 2636 καὶ
817 2577 845 2636 ὁ
878 2584 1156 2652 Ζαχαρίας
1202 2601 1336 2651 μετα
1375 2576 1478 2650 τὴν
1509 2574 1614 2634 ἀπὸ
1645 2582 1838 2647 Βαβυ-

228 2665 404 2765 λῶνος
458 2659 734 2720 ἐπανοδον
754 2708 769 2736 ,
838 2669 1085 2738 Δαρείου
1137 2666 1375 2737 Περσῶν
1426 2659 1834 2735 βασιλεύοντος,
1858 2688 1900 2720 30

341 2855 395 2897 10
424 2855 718 2908 Zaoh.14,9.
894 2857 946 2899 15
975 2856 1298 2908 Zach.14,16.
