1946 3158
538 107 844 151 DEMoxs‘r.
878 109 1095 154 EVANG.
1125 111 1185 152 11.
1219 114 1256 151 3.
1605 109 1707 161 123

97 247 304 285 σονται.
367 227 457 282 καὶ
491 229 639 282 ἔσται
669 221 736 282 ὂν
766 223 972 298 τρόπον
1004 223 1101 283 ε’άν
1130 249 1210 291 τις
1234 223 1524 299 συναγάγῃ
1565 224 1702 298 ἀμη-

96 311 194 368 τὸν
246 308 536 383 ἑστηκότα,
584 310 674 366 καὶ
732 311 947 384 σπέρμα
1007 308 1261 382 σταχύων
1325 307 1546 384 ἀμήσῃ·
1611 314 1703 366 καὶ

100 401 250 452 ἔσται
289 419 356 452 ον
394 392 600 467 τρόπον
643 390 739 450 ε’άν
770 418 849 460 τις
890 392 1178 468 συναγάγῃ
1220 392 1458 467 στάχυας
1495 396 1554 450 ἐν
1592 392 1705 467 φά-

97 503 263 552 ραγγι
302 479 524 553 στερεᾷ,
572 480 662 534 καὶ
713 482 1060 552 καταλειφθῇ
1113 480 1172 534 ἐν
1211 477 1354 553 αὐτῆ
1383 477 1623 551 καλάμη·
1666 475 1699 551 ἢ
1725 500 1756 541 (τ
1755 502 1789 541 3)

54 581 78 616 5
102 562 174 630 ὡς
205 566 380 636 ρὦες
416 565 598 629 ἐλαιας
631 560 732 619 δύο
763 557 796 634 ἢ
842 575 988 636 τρεῖς
1021 560 1107 620 ἐπ’
1137 561 1311 636 ἄκρου
1348 585 1628 638 μετεωρου
1671 587 1704 636 η

96 650 358 723 τέσσαρες
399 642 431 719 ἢ
471 647 635 703 πέντε
676 649 764 703 ἐπὶ
805 670 918 703 των
959 644 1183 704 κλάδων
1224 644 1410 705 αὐτων
1454 655 1706 704 καταλει-

99 736 239 806 φθῇ.
310 730 442 788 τάδε
498 731 643 803 λέγει
700 725 888 805 κύριος
936 725 964 787 ὃ
1007 730 1139 796 θεὸς
1192 737 1290 788 τοῦ
1337 730 1575 805 Ἰσραήλ·
1638 735 1704 806 τῇ

94 815 270 891 ἡμέρᾳ
324 819 507 890 ἐκείνῃ
571 812 857 882 πεποιθως
911 821 1063 872 ἔσται
1118 812 1416 889 ἅνθρωπος
1488 817 1577 873 ἐπὶ
1630 820 1706 892 τῷ

99 898 388 974 ποιήσαντι
449 897 638 971 αὐτὸν,
699 903 756 956 οἱ
815 899 876 956 δὲ
934 895 1219 972 ὀφθαλμοὶ
1259 899 1436 957 αὐτοῦ
1481 906 1560 967 εἰς
1610 898 1707 958 τὸν

35 983 258 1057 ιοόἒγιον
298 987 397 1041 τοῦ
433 980 646 1059 Ἰσραὴλ
694 986 1085 1058 ἐμβλέψονται,
1139 986 1230 1040 καὶ
1288 982 1355 1042 οὐ
1399 983 1472 1057 μὴ
1516 1007 1706 1042 πεποι-

96 1066 259 1137 θότες
300 1061 437 1126 ὦσιν
469 1070 556 1125 ε’πὶ
599 1081 714 1134 τοῖς
761 1074 996 1141 βωμοῖς,
1050 1064 1184 1126 οὐδὲ
1242 1071 1331 1126 ἐπὶ
1370 1083 1483 1135 τοῖς
1526 1075 1706 1142 ἔργοις

98 1156 209 1210 τῶν
238 1176 438 1227 χειρων
476 1149 681 1224 αὐτων,
713 1177 746 1208 α
779 1156 1045 1227 ἐποίησαν
1074 1157 1133 1210 οι
1175 1150 1436 1211 δάκτυλοι
1471 1148 1709 1210 αὖτών”

228 1242 343 1293 130.
391 1239 502 1294 Καὶ
534 1234 626 1294 δια
648 1234 862 1294 τούτων
888 1240 1132 1311 ε’ναργῶς
1161 1245 1480 1307 θεσπίζεται
1505 1233 1538 1310 ἡ
1575 1235 1708 1305 δόξα

99 1322 197 1379 τοῦ
229 1319 473 1394 Ἰσραὴλ,
505 1322 598 1378 καὶ
629 1319 808 1379 πάντα
838 1345 904 1378 τα
943 1327 1109 1380 πίονα
1140 1319 1326 1380 αὐτων
1356 1320 1752 1395 καθαιρεθή-ἱ)

40 1427 81 1460 15
105 1414 324 1477 σεσθαι,
355 1401 532 1478 ὀλίγοι
579 1404 639 1461 δε
670 1397 837 1472 αυθις
880 1409 971 1463 καὶ
1011 1403 1233 1482 ἀριθμῷ
1287 1409 1482 1480 ληπτοι
1524 1430 1597 1472 ως
1638 1431 1710 1463 αν

102 1493 286 1556 ἐλαίας
323 1492 382 1546 ἐν
407 1491 568 1589 φυτῷ
591 1492 765 1564 ρ”ὦγες
791 1495 1014 1564 βραχεῖς
1039 1498 1206 1547 καταλ
1217 1490 1593 1564 ειφθήσεσθαι
1617 1492 1709 1546 λε’-

100 1589 313 1646 γονται·
360 1597 510 1630 ουτοι
545 1570 598 1629 δ’
632 1570 702 1630 ἂν
735 1573 848 1631 εἶεν
878 1579 936 1630 οι
964 1577 1016 1643 ἐξ
1052 1570 1236 1631 αὐτῶν
1268 1580 1346 1641 εἰς
1376 1574 1473 1632 τὸν
1511 1573 1709 1646 κύριον

101 1653 257 1730 ἡμῶν
296 1655 735 1723 πεπιστευκότες.
821 1655 1147 1725 ἀκολούθως
1196 1659 1257 1715 δε
1295 1658 1430 1731 μετὰ
1469 1683 1534 1715 τα
1581 1660 1709 1731 περὶ

104 1744 333 1799 ἐκείνων
385 1744 645 1816 εἰρημένα
695 1743 820 1813 περὶ
874 1740 1078 1809 παντὸς
1129 1739 1451 1816 ἀνθρώπων
1511 1745 1708 1815 γένους

34 1847 80 1882 20
102 1822 675 1901 ἀποστραφησομένου
716 1824 819 1898 τὴν
839 1824 975 1883 κατὰ
996 1825 1061 1882 τὰ
1086 1831 1291 1884 εἴδωλα
1321 1825 1558 1900 πλάνην,
1593 1830 1707 1884 ε’πι-

100 1912 456 1984 γνωσομένου
518 1911 577 1968 δε
636 1907 733 1968 τὸν
781 1907 922 1968 θεὸν
975 1907 1220 1985 Ἰσραὴλ,
1282 1909 1704 1984 προφητεύεται.

106 1999 222 2052 131.
256 1991 578 2053 “άκου’σατε
622 1997 810 2069 νῆσοι,
858 1997 1401 2069 ἐγκαταλελειμμένοι
1441 1998 1534 2052 καὶ
1574 1993 1704 2053 ὀδυ-
1729 2026 1746 2045 c

101 2078 339 2154 νεόμενοι
370 2077 646 2137 ἀκούσατε
687 2076 722 2135 ἂ
759 2074 971 2152 ἤκουσα
996 2103 1144 2154 παρα
1182 2086 1382 2154 κυρίου
1434 2079 1709 2153 Σαβαωθ,

102 2159 131 2221 ὁ
162 2161 293 2231 θεὸς
323 2167 422 2222 τοῦ
438 2162 659 2238 Ἰσραὴλ
688 2161 1016 2237 ἀνήγγειλεν
1045 2161 1210 2237 ἡμῖν)

37 2269 81 2302 25
234 2252 349 2306 132.
384 2246 521 2321 Ὅρα
561 2253 685 2306 τίνα
724 2245 930 2322 τρόπον
981 2250 1071 2306 καὶ
1117 2252 1364 2306 ἐνταῦθα
1408 2247 1475 2306 οὐ
1500 2247 1710 2316 πάντας

103 2331 231 2400 τούς
264 2336 323 2389 ἐκ
354 2335 647 2406 περιτομῆς
681 2334 768 2390 ε’πὶ
797 2331 899 2406 τὴν
929 2337 1041 2391 τῶν
1070 2330 1402 2408 απορρήτων
1440 2330 1709 2408 ἀκρόασιν

110 2425 435 2492 παρακαλεῖ,
468 2415 587 2474 ἀλλ’
635 2414 668 2490 ἢ
698 2414 903 2491 μόνους
933 2414 1030 2483 οὓς
1059 2416 1312 2491 ὀνομάζει
1353 2425 1710 2490 καταλελειμ-

103 2502 304 2574 μένους
345 2504 436 2559 καὶ
480 2499 898 2575 ὀδυνωμένους,
958 2498 1064 2559 οἷοι
1114 2493 1257 2574 ἦσαν
1323 2505 1381 2558 οι
1435 2525 1571 2558 κατα
1610 2499 1710 2559 τὸν

103 2582 411 2642 ἀπόστολον
442 2584 789 2656 στενάζοντες
821 2588 910 2643 καὶ
943 2582 1346 2659 άποκλαόμενοι
1375 2583 1478 2658 τὴν
1509 2591 1711 2643 κακίαν

40 2690 84 2724 30
106 2671 206 2726 τοῦ
241 2675 353 2726 τῶν
383 2666 704 2744 ἀνθρώπων
734 2676 877 2743 βίου.

223 2864 275 2903 22
308 2864 383 2903 Es.
406 2865 472 2912 21,
499 2865 564 2906 10.
