1992 3186
242 127 349 181 364
914 128 1159 171 EUSEBII

243 243 382 317 κοὴν
410 248 505 317 τῆς
535 250 633 301 τοῦ
646 247 887 318 Χριστοῦ
919 249 1294 311 διδασκαλίας.
1342 243 1529 311 αὐτοῖς
1555 245 1616 302 δὲ
1648 242 1852 319 ῥήμασι

242 327 309 385 τὰ
339 325 695 402 παραπλήσια
720 324 902 401 εὕροις
925 323 995 385 ἂν
1018 330 1110 385 καὶ
1135 332 1196 385 έν
1221 328 1663 406 ἑπτακαιδεκάτῳ
1697 337 1852 387 Ψαλ-

244 415 358 489 μῷ,
391 418 468 478 εἰς
499 409 533 467 ἃ
563 410 630 467 τοὶ
660 414 908 485 φανέντα
939 419 1276 487 προείρηται.

131 658 220 699 (269)
563 633 694 692 Ἀπὸ
725 639 820 708 τῆς
850 641 1034 709 τρίτης
1063 641 1175 693 τῶν
1205 639 1527 695 Βασιλειῶν.

198 771 220 802 b
381 759 480 808 XII.
522 745 672 805 “Koch
712 750 848 821 νῦν,
889 746 1076 821 κύριε,
1127 746 1155 804 ὁ
1197 746 1328 815 θεὸς
1364 745 1607 823 Ἰσραὴλ,
1649 767 1899 807 πιστω-5

242 829 399 905 θήτω
434 832 501 905 δὴ
531 830 591 890 τὸ
623 831 769 906 ῥῆμά
801 852 932 905 σου,
980 829 1011 889 ὃ
1044 830 1311 905 ἐλάλησας
1350 837 1425 910 τῷ
1457 838 1622 890 παιδί
1648 851 1751 891 σου
1780 837 1855 910 τῷ

243 918 434 988 Λαβὶδ
463 941 539 973 τω
569 922 741 990 πατρί
764 941 886 989 μου.
951 940 1034 973 οτι
1061 922 1111 974 εἰ
1140 914 1366 989 ἀληθῶς
1389 916 1702 990 κατοικήσει
1724 916 1857 984 θεὸς

243 999 379 1073 μετά
409 977 731 1073 ἀνθρώπων
774 1003 862 1058 ἐπὶ
900 1004 1030 1073 γῆς,
1076 1007 1129 1057 εἰ
1167 999 1195 1058 ὁ
1226 999 1463 1076 οὐρανὸς
1505 1004 1596 1059 καὶ
1626 1000 1655 1059 ὁ
1686 998 1857 1077 οὐρα-

244 1082 338 1150 νὸς
367 1089 467 1141 τοῦ
498 1083 746 1159 οὐρανου
773 1109 875 1142 ουκ
905 1082 1212 1158 άρκέσονσί
1236 1079 1351 1142 σοι.’

368 1173 419 1224 2.
450 1177 644 1226 Κεῖται
682 1171 855 1225 ταῦτα
885 1166 1078 1235 αὐταις
1118 1171 1332 1237 λέξεσιν
1361 1170 1452 1226 καὶ
1487 1172 1547 1226 ἐν
1577 1177 1851 1244 Παραλει-
1877 1196 1918 1227 10

244 1255 525 1324 πομέναις.
608 1255 687 1328 τςὸ
736 1277 839 1326 μεν
879 1254 981 1310 οὐν
1023 1254 1215 1323 Λαβὶδ
1255 1257 1614 1326 ε’πηγγειλατο
1657 1252 1686 1310 ὁ
1725 1253 1857 1320 θεὸς

244 1332 579 1409 ἀναστήσειν
611 1340 670 1392 ἐκ
701 1342 910 1404 κοιλίας
943 1334 1116 1395 αὐτοῦ
1147 1338 1518 1409 βασιλέα,οὐ
1551 1336 1730 1412 πατὴρ
1762 1362 1857 1395 αυ-

243 1417 333 1485 τὸς
365 1416 394 1476 ὁ
426 1418 556 1486 θεὸς
588 1426 826 1477 ἔσεσθαί
852 1439 1056 1494 φησιν,
1101 1419 1240 1478 ω’στε
1279 1420 1375 1478 τὸν
1414 1420 1767 1495 γεννώμενον
1799 1425 1857 1478 ἐκ

198 1536 215 1557 e
246 1506 552 1577 σπέρματος
577 1507 766 1576 Δαβὶδ
789 1504 915 1562 υἱὸν
945 1504 1329 1578 ὀνομασθῆναι
1357 1508 1527 1578 θεοῦ,
1559 1504 1770 1580 θρόνον
1799 1529 1857 1563 τε

244 1594 527 1659 βασιλείας
560 1591 701 1656 ἕξειν
731 1586 973 1647 αἰώνιον,
1036 1595 1084 1647 3.
1117 1591 1288 1647 ταῦτα
1321 1590 1382 1647 δὲ
1415 1593 1475 1648 έν
1503 1590 1606 1663 μὲν
1634 1596 1701 1664 τῇ
1734 1594 1855 1647 δευ-
1878 1613 1919 1646 15

243 1673 375 1747 τέρα
403 1675 516 1730 τῶν
547 1679 857 1730 Βασιλειῶν
889 1671 980 1730 διὰ
1010 1671 1222 1731 Νάθαν
1251 1677 1351 1731 τοῦ
1379 1673 1670 1748 προφήτου
1702 1672 1856 1747 ἐχρή-

245 1766 358 1827 σθη
397 1759 476 1832 τῷ
515 1759 705 1829 Δαβὶδ
744 1761 940 1815 τοῦτον
980 1757 1076 1814 τὸν
1114 1757 1319 1832 τρόπον
1349 1756 1478 1814 “καὶ
1528 1764 1706 1829 ἔσται,
1762 1757 1857 1815 ἐὰν

245 1843 622 1913 πληρωθῶσιν
653 1845 716 1897 αἱ
739 1839 937 1915 ἡμέραι
961 1860 1083 1913 σου,
1115 1843 1207 1898 καὶ
1240 1839 1555 1915 κοιμηθήσῃ
1580 1840 1715 1914 μετὰ
1745 1846 1857 1899 τῶν

244 1926 500 1997 πατέρων
529 1942 661 1995 σου,
694 1926 787 1981 καὶ
817 1921 1111 1996 άναστήσω
1141 1922 1203 1981 τὸ
1236 1926 1451 1998 σπέρμα
1476 1943 1578 1982 σου
1608 1923 1742 1998 μετα
1774 1927 1854 1998 σὲ,

244 2003 303 2073 ὃς
344 2014 495 2064 ἔσται
529 2011 588 2064 ἐκ
617 2010 713 2079 τῆς
743 2013 953 2073 κοιλίας
984 2027 1106 2080 σου,
1137 2009 1230 2065 καὶ
1264 2008 1532 2082 ἑτοιμάσω
1563 2008 1666 2081 τὴν
1694 2016 1856 2082 βασι-
1879 2036 1920 2067 20

243 2096 400 2146 λείαν
430 2089 619 2148 αὐτοῦ.
661 2089 823 2156 αὐτὸς
854 2090 1202 2165 οἰκοδομήσει
1225 2116 1317 2164 μοι
1341 2094 1495 2150 οἶκον
1523 2096 1601 2170 τῷ
1628 2090 1860 2167 ὀνόματί

244 2197 380 2246 μου,
422 2176 513 2230 καὶ
555 2173 862 2246 ἀνορθώσω
905 2173 1002 2231 τὸν
1040 2175 1253 2249 θρόνον
1293 2175 1467 2234 αὐτοῦ
1504 2180 1607 2244 ἕως
1649 2184 1726 2244 εἰς
1758 2176 1854 2234 τὸν

245 2261 436 2314 αἰῶνα.
500 2256 605 2329 ἐγώ
638 2265 829 2332 ἔσομαι
860 2257 1012 2335 αὐτῷ
1043 2266 1120 2326 εἰς
1143 2263 1352 2334 πατέρα
1383 2264 1475 2317 καὶ
1505 2260 1668 2328 αὐτὸς
1704 2268 1854 2319 ἔσται

243 2364 335 2414 μοι
367 2347 444 2408 εἰς
473 2339 655 2400 υίόν.”

370 2429 419 2483 4.
472 2424 549 2482 Tc}
592 2422 642 2482 δ’
690 2424 830 2483 αὐτὰ
868 2428 960 2484 καὶ
1004 2429 1063 2483 ἐν
1094 2428 1610 2500 Παραλειπομέναις
1651 2426 1852 2501 ὁμοίως
1875 2451 1916 2485 25

245 2517 473 2583 εἴρηται.
538 2514 600 2567 ἐν
643 2511 702 2567 δὲ
742 2514 952 2587 Ψαλμςό
992 2509 1343 2588 ὀγδοηκοστῷ
1382 2511 1563 2589 ὀγδόῳ
1605 2514 1853 2570 λέλεκται

195 2590 439 2660 (ι“αὐτὸς
471 2596 856 2652 ἐπικαλέσεταί
879 2618 973 2668 με,
1015 2593 1193 2670 πατήρ
1223 2619 1330 2668 μου
1363 2595 1414 2652 εἴ
1441 2596 1531 2670 σὺ,
1564 2594 1695 2662 θεός
1724 2620 1851 2669 μου,

243 2679 334 2733 καὶ
366 2675 714 2754 άντιλήπτωρ
739 2683 832 2752 τῆς
856 2684 1127 2754 σωτηρίας
1150 2703 1273 2752 μου.
1328 2677 1478 2752 κάγώ
1503 2679 1852 2757 πρωτότοκον

357 2871 382 2909 5
413 2873 452 2910 3.
474 2870 587 2922 Reg.
612 2872 651 2919 8,
675 2874 741 2912 27.
839 2874 891 2913 17
924 2875 962 2915 2
987 2873 1098 2925 Reg.
1124 2874 1161 2923 7,
1182 2874 1247 2915 12.
1352 2875 1404 2914 27
1435 2874 1511 2917 Ps.
1535 2875 1604 2926 88,
1629 2874 1695 2915 26.
1718 2875 1757 2916 3.
1781 2873 1848 2913 36.
