1992 3186
261 138 365 190 366
935 138 1185 180 EUSEBII

261 252 487 312 τότοκον
518 251 938 326 ὠνομασμένον,
980 254 1072 309 καὶ
1100 252 1196 310 τὸν
1225 255 1418 326 σαφῶς
1457 253 1870 328 προφητευόμε-

260 363 362 396 νον
399 336 527 395 υἱὸν
567 341 736 409 θεοῦ,
783 332 1139 411 ὑπεργέγηθε
1176 351 1296 404 ταῖς
1349 341 1722 410 ἐπαγγελίαις,
1775 341 1868 396 καὶ

261 421 587 495 συνεύχεται
626 424 978 495 πιστωθῆναι
1015 419 1080 477 τὰ
1119 425 1215 493 τῆς
1245 420 1632 497 προρρήσεως,
1674 426 1868 496 ἐπιδη-

214 541 230 564 c
259 505 456 580 μήσειν
485 528 545 562 τε
566 503 664 562 τὸν
687 503 1196 579 προφητευόμενον,
1227 503 1578 580 πρωτότοκον
1607 508 1699 563 καὶ
1722 510 1866 565 θεοῦ

258 589 384 646 υίὸν
412 588 788 664 ἄναγορεύων.
851 587 939 646 διό
968 608 1107 662 φησι
1128 585 1262 647 “nal
1290 591 1400 648 νῦν
1436 586 1464 648 ὃ
1495 588 1628 658 θεὸς
1650 589 1866 665 Ἰσραὴλ
1889 615 1911 648 5

257 672 590 747 πιστωθήτω
634 671 702 746 δὴ
746 671 807 730 τὸ
849 672 995 748 ῥῆμά
1035 693 1166 746 σου,
1211 671 1245 731 ὃ
1287 673 1556 748 ἐλάλησας
1595 677 1672 752 τῷ
1709 681 1873 732 παιδί

257 776 359 815 σου
390 760 580 830 Δαβὶδ
608 762 684 835 τῷ
715 765 887 832 πατρί
911 782 1034 831 μου.
1096 756 1179 815 ὅτι
1211 764 1260 816 εἰ
1296 757 1521 832 ἀληθῶς
1551 757 1868 832 κατοικήσει

255 840 386 908 θεὸς
415 841 550 916 μετὰ
589 839 910 916 ἀνθρώπων
951 844 1038 900 ε’πὶ
1069 846 1165 915 τῆς
1195 847 1323 916 γῆς,
1369 849 1418 900 εἰ
1447 842 1473 900 ὁ
1507 840 1744 915 οὐρανὸς
1775 845 1866 901 καὶ

256 924 284 983 ὅ
316 925 554 1002 οὐρανὸς
583 931 683 985 τοῦ
713 926 960 1001 οὐρανοῦ
987 928 1091 985 οὐκ
1123 925 1428 1000 ἀρκέσουσί
1452 924 1594 985 σοι.”

793 1148 927 1207 Ἀπὸ
958 1156 1058 1207 τοῦ
1090 1157 1321 1224 Μιχαία.
1884 1161 1923 1192 ¹0

550 1257 605 1280 (θ’

380 1273 503 1323 XIII.
600 1260 886 1320 Ακούσατε
929 1265 1051 1320 λαοὶ
1101 1261 1303 1329 πάντες
1343 1265 1434 1319 καὶ
1475 1265 1786 1336 προσεχέτω
1828 1260 1862 1336 ἡ

252 1349 320 1418 γῆ
363 1349 455 1403 καὶ
494 1344 694 1413 πάντες
726 1350 782 1403 οἱ
819 1350 879 1403 ἐν
909 1345 1066 1421 αὐτῇ.
1137 1349 1230 1403 καὶ
1261 1352 1412 1404 ἔσται
1453 1346 1642 1419 κύριος
1671 1343 1700 1404 ὁ
1730 1345 1862 1415 θεὸς

138 1458 229 1498 (271)
253 1428 410 1503 ἡμῶν
450 1437 527 1497 εἰς
566 1429 899 1504 μαρτύριον,
950 1430 1138 1505 κύριος
1182 1434 1234 1499 ἐξ
1275 1440 1432 1489 οἴκου
1471 1427 1633 1504 ἁγίου
1672 1430 1860 1490 αὐτοῦ.

252 1513 391 1571 διότι
432 1512 557 1572 ἰδού
598 1513 789 1589 κύριος
827 1513 1018 1590 κύριος
1057 1514 1413 1588 ἐκπορεύεται
1453 1519 1512 1572 ἐκ
1550 1519 1649 1574 τοῦ
1689 1515 1862 1574 τόπου

250 1595 452 1671 αὐτοῦ,
498 1602 591 1656 καὶ
635 1598 1005 1672 καταβήσεται
1051 1602 1141 1657 ἐπὶ
1178 1598 1244 1656 τὰ
1282 1597 1400 1673 ὕψη
1440 1604 1538 1672 τῆς
1583 1603 1711 1673 γῆς,
1766 1603 1858 1658 καὶ
1884 1621 1922 1654 15

249 1682 656 1754 σαλευθήσεται
679 1682 745 1741 τοὶ
773 1682 875 1758 ὅρη
904 1682 1274 1742 ὑποκάτωθεν
1304 1681 1476 1741 αὐτοῦ
1494 1729 1508 1758 ,
1541 1687 1631 1742 καὶ
1664 1689 1723 1741 αἱ
1751 1709 1862 1742 κοι-

247 1765 413 1834 λάδες
441 1767 775 1841 τακήσονται
794 1764 867 1835 ὦς
890 1768 1055 1843 κηρὸς
1079 1766 1186 1825 ἀπὸ
1210 1766 1511 1842 προσώπου
1541 1767 1735 1841 πυρὸς,
1767 1771 1860 1825 καὶ

249 1849 319 1917 ὡς
350 1850 506 1926 ὕδωρ
537 1851 989 1926 καταφερόμενον
1020 1856 1081 1909 ἐν
1110 1851 1424 1923 καταβάσει.
1490 1849 1562 1908 δι’
1596 1851 1860 1925 ἀσέβειαν

238 1933 435 2007 Ἰακὼβ
465 1934 647 1993 πάντα
669 1938 859 2007 ταῦτα,
892 1937 983 1992 καὶ
1003 1932 1078 1992 δι’
1105 1932 1378 2008 ἁμαρτίαν
1400 1945 1558 1992 οἴκου
1585 1933 1854 2011 Ἰσραήλ.”

372 2023 423 2076 2.
456 2021 568 2076 Καὶ
597 2023 707 2077 νῦν
735 2018 1062 2085 ἀκαλύπτως
1087 2021 1140 2086 ἐξ
1171 2016 1415 2092 οὐρανοῦ
1439 2019 1644 2078 κατιών
1666 2020 1857 2094 κύριος
1881 2044 1920 2076 20

245 2101 273 2158 ὅ
305 2100 464 2175 θεὸς,
510 2101 944 2176 ἐκπορευόμενός
984 2127 1043 2160 τε
1086 2106 1144 2159 ἐκ
1174 2109 1273 2160 τοῦ
1304 2102 1476 2161 τόπου
1518 2103 1719 2178 αὐτοῦ,
1765 2105 1857 2161 διὰ

200 2213 219 2245 ι)
243 2189 356 2244 τῶν
386 2189 765 2260 προκειμένων
794 2185 1133 2260 κηρύττεται.
1209 2198 1293 2259 εἴη
1336 2187 1387 2243 δ’
1426 2185 1497 2246 ἂν
1526 2189 1554 2245 ὁ
1585 2192 1686 2246 τοῦ
1713 2193 1854 2246 θεοῦ

244 2269 435 2343 λόγος,
466 2268 532 2328 ὃν
561 2270 734 2344 μόνον
766 2270 857 2328 διὰ
887 2275 998 2328 τῶν
1030 2277 1347 2344 ἔμπροσθεν
1376 2271 1645 2345 γεννητὸν
1673 2269 1856 2345 ὑπάρ-

243 2379 362 2427 χειν
391 2353 530 2412 θεὸν
559 2359 651 2412 καὶ
682 2354 877 2429 κύριον
907 2355 1040 2428 μετὰ
1070 2353 1166 2412 τὸν
1187 2352 1449 2413 ἀνωτάτω
1471 2359 1563 2412 καὶ
1596 2358 1685 2412 ἐπὶ
1716 2355 1852 2413 πάν-

244 2463 358 2497 των
387 2436 767 2513 ἀπεδείξαμεν.
828 2438 998 2497 τόπον
1030 2436 1082 2496 δ’
1127 2438 1300 2497 αὐτοῦ
1329 2437 1434 2497 οὐκ
1476 2437 1545 2497 ἂν
1590 2438 1851 2513 ἁμάρτοις
1875 2461 1915 2494 25

243 2526 423 2597 λέγων
455 2524 598 2582 εἶναι
626 2523 728 2598 τὴν
760 2528 819 2582 ἐν
849 2521 1111 2597 οὐρανοῖς
1142 2529 1458 2596 βασιλείαν,
1490 2523 1587 2584 τόν
1610 2549 1668 2582 τε
1700 2531 1853 2582 ἔνδο-

245 2610 339 2675 ξον
367 2612 461 2679 τῆς
492 2608 753 2681 θεότητος
784 2607 958 2666 αὐτοῦ
985 2607 1215 2683 θρόνον,
1246 2604 1311 2665 ὃν
1340 2612 1626 2681 θεολογῶν
1656 2605 1684 2666 ὁ
1716 2633 1852 2683 προ-

720 2690 782 2713 (ee

245 2690 420 2765 φήτης
452 2699 689 2761 ἔψαλλεν
759 2719 787 2750 ο
819 2692 1025 2767 θρόνος
1055 2689 1190 2750 σου”
1237 2691 1470 2765 φάσκων
1504 2690 1569 2751 “ὁ
1607 2691 1739 2759 θεὸς
1774 2700 1850 2759 εἰς

359 2887 409 2925 10
439 2885 547 2929 Mic.
573 2887 611 2938 1,
636 2888 675 2926 2.
850 2889 903 2928 28
934 2888 1008 2930 Ps.
1030 2887 1100 2938 45,
1124 2887 1149 2925 6
1175 2889 1219 2926 et
1240 2887 1313 2926 ΡΒ.
1335 2887 1428 2936 110,
1456 2888 1492 2926 1.
