1992 3186
250 129 354 180 464
932 125 1178 166 EUSEBH

380 250 459 301 18.
493 247 604 302 Καὶ
633 241 697 300 τὰ
728 243 830 314 μὲν
861 243 988 315 περὶ
1019 245 1115 314 τῆς
1140 244 1199 298 ἐν
1223 242 1479 315 Βηθλεὲμ
1502 245 1594 299 καὶ
1623 245 1718 312 τῆς
1750 239 1857 299 ἀπὸ

200 353 222 385 b
253 327 450 400 ταύτης
493 325 735 400 προόδου
776 328 875 383 τοῦ
914 327 1431 398 προκηρυττομένου
1481 329 1622 384 θεοῦ
1663 330 1859 384 τοῦτον

252 418 359 485 ἔχει
391 411 486 468 τὸν
516 409 735 484 τρόπον.
812 409 914 482 τὴν
947 410 1006 466 δὲ
1038 412 1091 477 ἐξ
1122 407 1381 482 οὐρανῶν
1413 416 1489 477 εἰς
1518 409 1862 485 ἀνθρώπους·

253 500 550 568 ἐπιδημίαν
590 491 760 552 αὐτοῦ
801 497 897 550 τοῦ
948 499 1146 566 κυρίου
1187 495 1279 550 καὶ
1318 496 1575 567 ποιμένος
1616 492 1723 567 ἤδη
1766 496 1857 551 καὶ

251 578 518 652 πρότερον
551 582 603 647 ἐξ
630 577 802 635 αὐτοῦ
828 582 924 635 τοῦ
946 575 1080 651 μετὰ
1105 591 1291 651 χεῖρας
1315 577 1604 651 προφήτου
1627 581 1904 652 παρατέ-5

250 674 470 737 θειμαι,
516 659 590 720 δι’
636 687 715 720 ων
755 661 985 734 ἔλεγεν
991 653 1284 719 ἀκούσατε
1336 665 1459 719 λαοὶ
1499 660 1727 734 πάντες,
1768 666 1860 720 καὶ

251 750 561 821 προσεχέτω
601 743 635 819 ἡ
677 751 774 820 γῆ,
815 748 908 803 καὶ
949 745 1148 812 πάντες
1189 751 1245 803 οὗ
1282 749 1342 803 ἐν
1381 743 1548 821 αὐτῇ,
1589 749 1682 803 καὶ
1713 752 1862 803 ἔσται

251 830 440 905 κύριος
470 830 607 904 ὑμῖν
639 837 715 898 εἰς
746 828 1068 904 μαρτύριον,
1101 829 1288 903 κύριος
1315 832 1367 898 ἐξ
1391 839 1548 888 οἴκου
1578 826 1741 902 ἁγίου
1765 829 1861 887 αὐ-

250 920 363 973 τοῦ.
437 915 575 972 διότι
623 915 746 973 ἰδοὺ
792 913 980 984 κύριος
1032 913 1219 988 κύριος
1273 913 1627 985 ἐκπορεύεται
1669 917 1728 971 ἐκ
1766 919 1864 971 τοῦ

251 999 423 1057 τόπου
448 997 652 1073 αυτοῦ,
685 1002 778 1056 καὶ
803 995 1232 1071 καταβήσεται,”
1267 1000 1359 1055 καὶ
1382 998 1449 1055 τὰ
1473 1001 1620 1072 ἑξῆς
1672 1003 1751 1055 19.
1781 995 1863 1066 οἷς
1887 1025 1927 1056 ιο

254 1086 522 1156 ἐπιλέγων
555 1090 763 1156 ἔφασκε
786 1079 899 1140 “’δι
944 1081 1205 1155 ἀσέβειαν
1233 1078 1425 1154 Ἰακωβ
1470 1105 1650 1140 παντα
1692 1085 1864 1141 ταῦτα

252 1170 344 1224 καὶ
378 1166 450 1224 δι’
488 1163 760 1241 ἁμαρτίαν
791 1176 947 1224 οἴκου
971 1163 1242 1239 Ἰσραήλ.”
1316 1167 1486 1239 σαφὲς
1531 1167 1593 1223 δὲ
1634 1168 1725 1223 καὶ
1756 1164 1864 1223 ἀπὸ

212 1281 230 1304 c
252 1255 364 1309 τῶν
406 1255 527 1324 ἑξῆς
567 1256 664 1309 τοῦ
696 1250 868 1308 αὐτοῦ
898 1249 1186 1324 προφήτου
1217 1248 1298 1307 ὅτι
1339 1250 1414 1324 μὴ
1446 1249 1617 1322 μόνον
1648 1250 1741 1307 διὰ
1769 1250 1865 1318 τὰς

253 1334 510 1408 ἀσεβείας
541 1339 639 1393 τοῦ
665 1332 951 1393 Ἰουδαίων
975 1341 1178 1401 ἔθνους
1196 1332 1298 1406 τὴν
1330 1337 1383 1404 ἐξ
1414 1331 1675 1408 οὐρανῶν
1704 1333 1730 1391 ὁ
1765 1332 1867 1392 κύ-

254 1444 368 1493 ριος
411 1425 674 1492 πεποίητο
714 1418 993 1492 κάθοδον,
1035 1417 1174 1475 ἀλλὰ
1205 1421 1297 1475 καὶ
1330 1418 1423 1475 διὰ
1453 1417 1555 1491 τὴν
1585 1424 1866 1492 σωτηρίαν
1890 1442 1929 1475 15
1960 1464 1962 1469 ,

254 1506 344 1560 καὶ
376 1507 572 1576 κλῆσιν
595 1506 707 1560 τῶν
732 1506 918 1562 ἐθνῶν
939 1501 1217 1560 ἁπάντων.
1268 1505 1506 1575 ἐπιλέγει
1531 1499 1585 1560 δ’
1620 1494 1722 1560 οὖν
1746 1505 1867 1575 ἑξῆς

244 1583 375 1644 ε(καὶ
410 1594 559 1645 ἔσται
591 1584 679 1645 ἐπ’
714 1586 959 1660 ἐσχάτων
988 1590 1099 1645 τῶν
1127 1583 1350 1661 ἡμερῶν
1381 1587 1621 1660 ἐμφανὲς
1651 1585 1711 1644 τὸ
1741 1586 1866 1662 ὅρος

254 1677 478 1744 κυρίου,
526 1674 618 1728 καὶ
662 1669 1005 1729 σπεύσουσιν
1047 1668 1134 1728 ἐπ’
1179 1669 1313 1728 αὐτὸ
1353 1673 1728 1744 λαοὶπολλοὶ,
1775 1672 1866 1727 καὶ

254 1754 619 1827 πορεύσονται
660 1763 801 1829 ἔθνη
841 1755 1045 1828 πολλὰ,
1099 1757 1192 1812 καὶ
1235 1758 1450 1829 ἐροῦσι,
1495 1759 1686 1827 δεῦτε,
1728 1753 1867 1811 ἀνα-

255 1844 442 1912 βωμεν
476 1846 551 1907 εἰς
581 1838 639 1897 τὸ
680 1838 806 1912 ὅρος
848 1846 1060 1911 κυρίου.
1073 1836 1101 1858 ”
1162 1844 1246 1896 20.
1284 1838 1369 1895 διὸ
1400 1840 1492 1895 καὶ
1530 1862 1665 1910 μετα
1694 1843 1865 1896 ταῦτα
1887 1861 1928 1893 20

254 1922 350 1981 τὸν
381 1923 486 1997 πρὸ
518 1923 743 1980 αἰώνων
773 1921 880 1979 ἀπὸ
909 1928 1004 1994 τῆς
1027 1923 1282 1994 Βηθλεεμ
1312 1920 1702 1989 ἐξελεύσεσθαι
1732 1921 1863 1980 ἀνα-

257 2005 522 2079 κηρύξας,
575 2005 760 2063 οὐκέτι
810 2011 908 2062 τοῦ
953 2003 1168 2078 Ἰσραὴλ
1205 2003 1407 2078 μόνου,
1449 2002 1600 2062 αλλὰ
1642 2003 1865 2076 αθρόως

150 2111 235 2153 [214]
260 2111 486 2147 παντων
510 2087 830 2163 ανθρώπων
853 2091 956 2155 ε’ως
979 2091 1069 2145 καὶ
1094 2095 1206 2146 τῶν
1228 2113 1416 2162 ακρων
1438 2094 1533 2162 τῆς
1556 2093 1656 2163 γῆς
1679 2088 1865 2164 ἄρξειν

256 2170 427 2230 αὐτόν
456 2189 616 2246 φησι·
664 2175 811 2245 λέγει
843 2171 895 2229 δ’
932 2164 1188 2230 οῧν“καὶ
1218 2172 1498 2246 στήσεται,
1531 2176 1623 2230 καὶ
1651 2172 1864 2246 ὄψεται,

211 2283 234 2315 d
258 2260 347 2314 καὶ
378 2270 641 2329 ποιμανεῖ
666 2255 725 2314 τὸ
757 2262 1016 2331 ποίμνιον
1046 2253 1216 2313 αὑτοῦ
1250 2260 1309 2314 ἐν
1340 2255 1492 2330 ἰσχύϊ
1520 2256 1739 2331 κύριος,
1771 2260 1865 2315 καὶ
1887 2279 1926 2311 25

259 2343 318 2398 έν
347 2345 412 2415 τῇ
445 2339 575 2416 δόξῃ
621 2344 721 2398 τοῦ
758 2339 1025 2414 ὀνόματος
1067 2345 1264 2414 κυρίου
1295 2346 1437 2398 θεοῦ
1469 2339 1655 2398 αὐτῶν
1683 2336 1865 2415 ὑπάρ-

257 2427 439 2493 ξουσι·
505 2424 644 2483 διότι
686 2430 792 2483 νῦν
843 2423 1362 2499 μεγαλυνθήσονται
1405 2428 1505 2491 ἕως
1543 2422 1731 2499 ἄκρων
1769 2431 1863 2498 τῆς

257 2513 384 2581 γῆς,
417 2512 508 2567 καὶ
540 2516 690 2567 ἔσται
721 2533 859 2582 αυτη
893 2508 1098 2616 εἰρήνη.
1112 2505 1144 2527 ”
1205 2514 1287 2565 21.
1321 2515 1431 2566 τίνι
1463 2509 1524 2566 δὲ
1549 2515 1699 2566 ἔσται
1723 2508 1863 2581 αὕτη

594 2590 606 2611 ,
650 2590 672 2611 Ἃ
747 2597 769 2609 ιν

261 2592 452 2667 εἰρήνη
484 2592 586 2650 ἀλλ
640 2618 673 2666 η
703 2619 769 2669 τῃ
799 2597 897 2669 γῇ,
939 2597 999 2650 ἐν
1029 2585 1064 2666 ᾗ
1094 2592 1613 2666 μεγαλυνθήσονται
1643 2617 1709 2650 τα
1739 2590 1863 2651 51:015—

257 2701 387 2747 μνια
418 2701 515 2734 του
548 2684 772 2752 κυρίου;
819 2680 910 2735 καὶ
948 2680 1107 2735 τοῦτο
1150 2678 1210 2734 δε
1249 2673 1444 2735 ὁποίου
1484 2679 1674 2744 τέλους
1706 2682 1862 2750 ἔτυχε
1885 2699 1925 2730 30

370 2871 394 2907 6
426 2870 531 2911 Mic.
557 2873 594 2922 1,
619 2873 656 2914 2.
