<?xml version="1.0" encoding="UTF-8"?>
<!DOCTYPE html PUBLIC "-//W3C//DTD XHTML 1.0 Transitional//EN"
    "http://www.w3.org/TR/xhtml1/DTD/xhtml1-transitional.dtd">
<html xmlns="http://www.w3.org/1999/xhtml" xml:lang="en" lang="en">
 <head>
  <title>
</title>
<meta http-equiv="Content-Type" content="text/html;charset=utf-8" />
  <meta name='ocr-system' content='tesseract 3.04.00' />
  <meta name='ocr-capabilities' content='ocr_page ocr_carea ocr_par ocr_line ocrx_word'/>
</head>
<body>
  <div class='ocr_page' id='page_1' title='image "./operaeusebius03euseuoft_0694.png"; bbox 0 0 1992 3186; ppageno 0'>
   <div class='ocr_carea' id='block_1_1' title="bbox 262 116 1191 168">
    <p class='ocr_par' dir='ltr' id='par_1_1' title="bbox 262 116 1191 168">
     <span class='ocr_line' id='line_1_1' title="bbox 262 116 1191 168; baseline -0.015 1"><span class='ocrx_word' id='word_1_1' title='bbox 262 117 366 168; x_wconf 87' lang='grc'><em>670</em></span> <span class='ocrx_word' id='word_1_2' title='bbox 945 116 1191 157; x_wconf 82' lang='lat' dir='ltr'>EUSEBn</span> 
     </span>
    </p>
   </div>
   <div class='ocr_carea' id='block_1_2' title="bbox 141 227 1938 2927">
    <p class='ocr_par' dir='ltr' id='par_1_2' title="bbox 141 227 1938 2927">
     <span class='ocr_line' id='line_1_2' title="bbox 261 227 1876 308; baseline 0 -17"><span class='ocrx_word' id='word_1_3' title='bbox 261 231 477 306; x_wconf 87' lang='grc' dir='ltr'><em>λέγων</em></span> <span class='ocrx_word' id='word_1_4' title='bbox 480 229 603 291; x_wconf 79' lang='grc' dir='ltr'><em>οὐκ</em></span> <span class='ocrx_word' id='word_1_5' title='bbox 635 233 1011 300; x_wconf 79' lang='grc' dir='ltr'><em>ἐξουδένωσεν</em></span> <span class='ocrx_word' id='word_1_6' title='bbox 1039 227 1172 288; x_wconf 70' lang='grc' dir='ltr'><em>οὐδὲ</em></span> <span class='ocrx_word' id='word_1_7' title='bbox 1201 232 1561 306; x_wconf 79' lang='grc' dir='ltr'><em>προσώχθισε</em></span> <span class='ocrx_word' id='word_1_8' title='bbox 1590 236 1658 308; x_wconf 81' lang='grc' dir='ltr'><em>τῇ</em></span> <span class='ocrx_word' id='word_1_9' title='bbox 1689 233 1876 307; x_wconf 80' lang='grc' dir='ltr'><em>δεήσει</em></span> 
     </span>
     <span class='ocr_line' id='line_1_3' title="bbox 259 314 1867 391; baseline 0 -15"><span class='ocrx_word' id='word_1_10' title='bbox 259 343 359 377; x_wconf 91' lang='grc' dir='ltr'><em>του</em></span> <span class='ocrx_word' id='word_1_11' title='bbox 393 323 643 391; x_wconf 83' lang='grc' dir='ltr'><em>πτωχοῦ,</em></span> <span class='ocrx_word' id='word_1_12' title='bbox 675 314 810 373; x_wconf 79' lang='grc' dir='ltr'><em>οὐδε</em></span> <span class='ocrx_word' id='word_1_13' title='bbox 833 314 1143 389; x_wconf 83' lang='grc' dir='ltr'><em>ἀπέστρεψε</em></span> <span class='ocrx_word' id='word_1_14' title='bbox 1165 315 1226 374; x_wconf 89' lang='grc' dir='ltr'>τό</span> <span class='ocrx_word' id='word_1_15' title='bbox 1249 315 1550 390; x_wconf 88' lang='grc' dir='ltr'><em>πρόσωπον</em></span> <span class='ocrx_word' id='word_1_16' title='bbox 1572 317 1747 376; x_wconf 81' lang='grc' dir='ltr'><em>αὑτοῦ</em></span> <span class='ocrx_word' id='word_1_17' title='bbox 1771 315 1867 376; x_wconf 71' lang='grc' dir='ltr'><em>ἀπ’</em></span> 
     </span>
     <span class='ocr_line' id='line_1_4' title="bbox 263 398 1872 502; baseline 0.001 -42"><span class='ocrx_word' id='word_1_18' title='bbox 263 405 424 476; x_wconf 83' lang='grc' dir='ltr'><em>ἐμοῦ,</em></span> <span class='ocrx_word' id='word_1_19' title='bbox 456 404 548 458; x_wconf 89' lang='grc' dir='ltr'><em>καὶ</em></span> <span class='ocrx_word' id='word_1_20' title='bbox 581 404 643 458; x_wconf 91' lang='grc' dir='ltr'><em>ἐν</em></span> <span class='ocrx_word' id='word_1_21' title='bbox 660 404 748 502; x_wconf 76' lang='grc' dir='ltr'><em>τῷ</em></span> <span class='ocrx_word' id='word_1_22' title='bbox 779 403 1107 474; x_wconf 79' lang='grc' dir='ltr'><strong><em>κεκραγέναι</em></strong></span> <span class='ocrx_word' id='word_1_23' title='bbox 1136 423 1206 474; x_wconf 86' lang='grc' dir='ltr'><em>με</em></span> <span class='ocrx_word' id='word_1_24' title='bbox 1223 400 1360 476; x_wconf 89' lang='grc' dir='ltr'><em>πρὸς</em></span> <span class='ocrx_word' id='word_1_25' title='bbox 1383 398 1554 460; x_wconf 80' lang='grc' dir='ltr'><em>αὐτὸν</em></span> <span class='ocrx_word' id='word_1_26' title='bbox 1579 401 1872 476; x_wconf 82' lang='grc' dir='ltr'><em>εἰσήκουσέ</em></span> 
     </span>
     <span class='ocr_line' id='line_1_5' title="bbox 259 476 1874 560; baseline 0.001 -16"><span class='ocrx_word' id='word_1_27' title='bbox 259 511 383 560; x_wconf 89' lang='grc' dir='ltr'><em>μου.</em></span> <span class='ocrx_word' id='word_1_28' title='bbox 391 483 421 503; x_wconf 86' lang='grc'><strong><em>”</em></strong></span> <span class='ocrx_word' id='word_1_29' title='bbox 463 490 581 552; x_wconf 77' lang='grc' dir='ltr'><em>πῶς</em></span> <span class='ocrx_word' id='word_1_30' title='bbox 611 476 716 542; x_wconf 82' lang='grc' dir='ltr'><em>οῦν</em></span> <span class='ocrx_word' id='word_1_31' title='bbox 745 483 1102 558; x_wconf 80' lang='grc' dir='ltr'><em>ἀποφατικῶς</em></span> <span class='ocrx_word' id='word_1_32' title='bbox 1131 487 1281 558; x_wconf 81' lang='grc' dir='ltr'><em>λέγοι</em></span> <span class='ocrx_word' id='word_1_33' title='bbox 1311 483 1433 543; x_wconf 73' lang='grc' dir='ltr'><em>ἂν“</em></span> <span class='ocrx_word' id='word_1_34' title='bbox 1441 484 1471 543; x_wconf 84' lang='grc' dir='ltr'>ὁ</span> <span class='ocrx_word' id='word_1_35' title='bbox 1500 486 1635 553; x_wconf 89' lang='grc' dir='ltr'><em>θεός</em></span> <span class='ocrx_word' id='word_1_36' title='bbox 1657 511 1765 560; x_wconf 90' lang='grc' dir='ltr'><em>μου</em></span> <span class='ocrx_word' id='word_1_37' title='bbox 1789 511 1874 544; x_wconf 91' lang='grc' dir='ltr'><em>κε-</em></span> 
     </span>
     <span class='ocr_line' id='line_1_6' title="bbox 259 566 1919 645; baseline 0.001 -17"><span class='ocrx_word' id='word_1_38' title='bbox 259 567 580 644; x_wconf 60' lang='grc' dir='ltr'><em>κράξομαι“</em></span> <span class='ocrx_word' id='word_1_39' title='bbox 549 572 776 644; x_wconf 87' lang='grc' dir='ltr'><em>ημέρας,</em></span> <span class='ocrx_word' id='word_1_40' title='bbox 808 574 900 627; x_wconf 86' lang='grc' dir='ltr'><em>καὶ</em></span> <span class='ocrx_word' id='word_1_41' title='bbox 921 567 1025 627; x_wconf 83' lang='grc' dir='ltr'><em>οῦκ</em></span> <span class='ocrx_word' id='word_1_42' title='bbox 1057 566 1406 645; x_wconf 82' lang='grc' dir='ltr'><em>εἰσακούσῃ,”</em></span> <span class='ocrx_word' id='word_1_43' title='bbox 1440 577 1491 628; x_wconf 82' lang='grc' dir='ltr'><em>εἰ</em></span> <span class='ocrx_word' id='word_1_44' title='bbox 1510 570 1586 645; x_wconf 85' lang='grc' dir='ltr'><em>μὴ</em></span> <span class='ocrx_word' id='word_1_45' title='bbox 1608 571 1745 632; x_wconf 81' lang='grc' dir='ltr'><em>κατὰ</em></span> <span class='ocrx_word' id='word_1_46' title='bbox 1773 573 1875 645; x_wconf 88' lang='grc' dir='ltr'><em>τὴν</em></span> <span class='ocrx_word' id='word_1_47' title='bbox 1896 599 1919 630; x_wconf 81' lang='lat'>5</span> 
     </span>
     <span class='ocr_line' id='line_1_7' title="bbox 217 650 1875 729; baseline 0.002 -19"><span class='ocrx_word' id='word_1_48' title='bbox 217 690 232 710; x_wconf 71' lang='lat' dir='ltr'>e</span> <span class='ocrx_word' id='word_1_49' title='bbox 258 650 692 713; x_wconf 79' lang='grc' dir='ltr'><em>ἀποδοθεῖσαν</em></span> <span class='ocrx_word' id='word_1_50' title='bbox 662 669 796 728; x_wconf 82' lang='grc' dir='ltr'><em>ημῖν</em></span> <span class='ocrx_word' id='word_1_51' title='bbox 818 661 1097 727; x_wconf 84' lang='grc' dir='ltr'><em>θεωρίαν;</em></span> <span class='ocrx_word' id='word_1_52' title='bbox 1128 652 1199 728; x_wconf 81' lang='grc' dir='ltr'><em>ἣν</em></span> <span class='ocrx_word' id='word_1_53' title='bbox 1221 655 1374 729; x_wconf 83' lang='grc' dir='ltr'><em>οἶμαι</em></span> <span class='ocrx_word' id='word_1_54' title='bbox 1398 658 1491 712; x_wconf 84' lang='grc' dir='ltr'><em>καὶ</em></span> <span class='ocrx_word' id='word_1_55' title='bbox 1515 653 1689 713; x_wconf 80' lang='grc' dir='ltr'><em>αὐτὸν</em></span> <span class='ocrx_word' id='word_1_56' title='bbox 1704 662 1875 714; x_wconf 81' lang='grc' dir='ltr'><em>αἰνίτ-</em></span> 
     </span>
     <span class='ocr_line' id='line_1_8' title="bbox 257 737 1873 848; baseline 0.001 -51"><span class='ocrx_word' id='word_1_57' title='bbox 257 749 483 812; x_wconf 90' lang='grc' dir='ltr'><em>τεσθαι,</em></span> <span class='ocrx_word' id='word_1_58' title='bbox 515 741 747 813; x_wconf 87' lang='grc' dir='ltr'><em>λέγοντα</em></span> <span class='ocrx_word' id='word_1_59' title='bbox 768 737 836 797; x_wconf 80' lang='grc' dir='ltr'><em>“ὁ</em></span> <span class='ocrx_word' id='word_1_60' title='bbox 863 738 998 807; x_wconf 88' lang='grc' dir='ltr'><em>θεός</em></span> <span class='ocrx_word' id='word_1_61' title='bbox 1025 764 1135 839; x_wconf 86' lang='grc' dir='ltr'><em>μου</em></span> <span class='ocrx_word' id='word_1_62' title='bbox 1160 738 1542 815; x_wconf 67' lang='grc' dir='ltr'><em>κεκράξομαι”</em></span> <span class='ocrx_word' id='word_1_63' title='bbox 1513 742 1751 848; x_wconf 41' lang='lat' dir='ltr'><em>&#39;umbaz’</em></span> <span class='ocrx_word' id='word_1_64' title='bbox 1783 743 1873 798; x_wconf 79' lang='grc' dir='ltr'><em>καὶ</em></span> 
     </span>
     <span class='ocr_line' id='line_1_9' title="bbox 256 822 1871 899; baseline 0.001 -17"><span class='ocrx_word' id='word_1_65' title='bbox 256 823 360 882; x_wconf 84' lang='grc' dir='ltr'><em>οὐκ</em></span> <span class='ocrx_word' id='word_1_66' title='bbox 391 822 719 899; x_wconf 80' lang='grc' dir='ltr'><em>εἰσακοῦσῃ;</em></span> <span class='ocrx_word' id='word_1_67' title='bbox 751 826 843 881; x_wconf 88' lang='grc' dir='ltr'><em>καὶ</em></span> <span class='ocrx_word' id='word_1_68' title='bbox 872 823 1092 896; x_wconf 85' lang='grc' dir='ltr'><em>νυκτὸς,</em></span> <span class='ocrx_word' id='word_1_69' title='bbox 1125 826 1218 882; x_wconf 87' lang='grc' dir='ltr'><em>καὶ</em></span> <span class='ocrx_word' id='word_1_70' title='bbox 1247 848 1352 882; x_wconf 91' lang='grc' dir='ltr'><em>ουκ</em></span> <span class='ocrx_word' id='word_1_71' title='bbox 1383 822 1519 891; x_wconf 74' lang='grc' dir='ltr'><em>εἰς”</em></span> <span class='ocrx_word' id='word_1_72' title='bbox 1483 849 1680 883; x_wconf 90' lang='grc' dir='ltr'><em>ανοιαν</em></span> <span class='ocrx_word' id='word_1_73' title='bbox 1705 823 1871 899; x_wconf 84' lang='grc' dir='ltr'><em>ἐμοί.”</em></span> 
     </span>
     <span class='ocr_line' id='line_1_10' title="bbox 255 907 1875 983; baseline 0.001 -19"><span class='ocrx_word' id='word_1_74' title='bbox 255 914 339 967; x_wconf 85' lang='lat'><em>46.</em></span> <span class='ocrx_word' id='word_1_75' title='bbox 372 908 441 967; x_wconf 83' lang='grc' dir='ltr'><em>οῦ</em></span> <span class='ocrx_word' id='word_1_76' title='bbox 483 909 588 982; x_wconf 78' lang='grc' dir='ltr'><em>γὰρ</em></span> <span class='ocrx_word' id='word_1_77' title='bbox 621 915 700 976; x_wconf 87' lang='grc' dir='ltr'><em>εἰς</em></span> <span class='ocrx_word' id='word_1_78' title='bbox 738 907 965 983; x_wconf 75' lang='grc' dir='ltr'><em>ἄνοιαν,</em></span> <span class='ocrx_word' id='word_1_79' title='bbox 997 912 1198 982; x_wconf 87' lang='grc' dir='ltr'><em>φησὶν,</em></span> <span class='ocrx_word' id='word_1_80' title='bbox 1233 911 1351 982; x_wconf 82' lang='grc' dir='ltr'><em>ἐμοὶ</em></span> <span class='ocrx_word' id='word_1_81' title='bbox 1382 912 1596 982; x_wconf 90' lang='grc' dir='ltr'><em>λέγεται</em></span> <span class='ocrx_word' id='word_1_82' title='bbox 1633 908 1693 967; x_wconf 84' lang='grc' dir='ltr'><em>τὸ</em></span> <span class='ocrx_word' id='word_1_83' title='bbox 1728 916 1875 967; x_wconf 88' lang='grc' dir='ltr'><em>εἰσα-</em></span> 
     </span>
     <span class='ocr_line' id='line_1_11' title="bbox 256 993 1938 1096; baseline 0 -45"><span class='ocrx_word' id='word_1_84' title='bbox 256 993 456 1069; x_wconf 82' lang='grc' dir='ltr'><em>κούσῃ</em></span> <span class='ocrx_word' id='word_1_85' title='bbox 502 994 630 1051; x_wconf 80' lang='grc' dir='ltr'><em>οἴδα</em></span> <span class='ocrx_word' id='word_1_86' title='bbox 659 993 764 1069; x_wconf 81' lang='grc' dir='ltr'><em>γὰρ</em></span> <span class='ocrx_word' id='word_1_87' title='bbox 795 993 960 1062; x_wconf 78' lang='grc' dir='ltr'><em>αὐτὸς</em></span> <span class='ocrx_word' id='word_1_88' title='bbox 991 1017 1141 1061; x_wconf 84' lang='grc' dir='ltr'><em>οπως</em></span> <span class='ocrx_word' id='word_1_89' title='bbox 1173 993 1334 1051; x_wconf 84' lang='grc' dir='ltr'><em>τοῦτό</em></span> <span class='ocrx_word' id='word_1_90' title='bbox 1373 1019 1544 1096; x_wconf 82' lang='grc' dir='ltr'><em>φημι,</em></span> <span class='ocrx_word' id='word_1_91' title='bbox 1575 998 1874 1069; x_wconf 86' lang='grc' dir='ltr'><em>πεπεισμέ-</em></span> <span class='ocrx_word' id='word_1_92' title='bbox 1897 1021 1938 1052; x_wconf 86' lang='lat'><em>10</em></span> 
     </span>
     <span class='ocr_line' id='line_1_12' title="bbox 256 1076 1875 1153; baseline 0 -17"><span class='ocrx_word' id='word_1_93' title='bbox 256 1103 351 1145; x_wconf 88' lang='grc' dir='ltr'><em>νος</em></span> <span class='ocrx_word' id='word_1_94' title='bbox 381 1078 465 1136; x_wconf 84' lang='grc' dir='ltr'><em>ὅτι</em></span> <span class='ocrx_word' id='word_1_95' title='bbox 504 1081 757 1152; x_wconf 81' lang='grc' dir='ltr'><strong><em>πέφυκας</em></strong></span> <span class='ocrx_word' id='word_1_96' title='bbox 796 1077 898 1153; x_wconf 86' lang='grc' dir='ltr'><em>οὐχ</em></span> <span class='ocrx_word' id='word_1_97' title='bbox 936 1103 1021 1136; x_wconf 89' lang='grc' dir='ltr'><em>οτι</em></span> <span class='ocrx_word' id='word_1_98' title='bbox 1049 1103 1114 1152; x_wconf 89' lang='grc' dir='ltr'><em>γε</em></span> <span class='ocrx_word' id='word_1_99' title='bbox 1156 1082 1290 1152; x_wconf 91' lang='grc' dir='ltr'><em>ἐμοῦ</em></span> <span class='ocrx_word' id='word_1_100' title='bbox 1330 1078 1506 1152; x_wconf 89' lang='grc' dir='ltr'><em>μόνον</em></span> <span class='ocrx_word' id='word_1_101' title='bbox 1535 1076 1875 1153; x_wconf 83' lang='grc' dir='ltr'><em>αντιλαμβα-</em></span> 
     </span>
     <span class='ocr_line' id='line_1_13' title="bbox 254 1160 1875 1236; baseline 0.001 -16"><span class='ocrx_word' id='word_1_102' title='bbox 254 1174 459 1221; x_wconf 87' lang='grc' dir='ltr'><em>νεσθαι</em></span> <span class='ocrx_word' id='word_1_103' title='bbox 488 1166 582 1221; x_wconf 88' lang='grc' dir='ltr'><em>καὶ</em></span> <span class='ocrx_word' id='word_1_104' title='bbox 614 1162 958 1236; x_wconf 84' lang='grc' dir='ltr'><em>εἰσακούειν,</em></span> <span class='ocrx_word' id='word_1_105' title='bbox 1005 1160 1145 1221; x_wconf 76' lang='grc' dir='ltr'><em>ἀλλὰ</em></span> <span class='ocrx_word' id='word_1_106' title='bbox 1175 1165 1268 1220; x_wconf 85' lang='grc' dir='ltr'><em>καὶ</em></span> <span class='ocrx_word' id='word_1_107' title='bbox 1298 1162 1524 1223; x_wconf 81' lang='grc' dir='ltr'><em>πάντων</em></span> <span class='ocrx_word' id='word_1_108' title='bbox 1552 1167 1666 1221; x_wconf 79' lang='grc' dir='ltr'><em>τῶν</em></span> <span class='ocrx_word' id='word_1_109' title='bbox 1695 1160 1875 1236; x_wconf 77' lang='grc' dir='ltr'><em>ἁγίων</em></span> 
     </span>
     <span class='ocr_line' id='line_1_14' title="bbox 256 1245 1872 1327; baseline 0.001 -22"><span class='ocrx_word' id='word_1_110' title='bbox 256 1267 374 1306; x_wconf 93' lang='grc' dir='ltr'><em>σου.</em></span> <span class='ocrx_word' id='word_1_111' title='bbox 422 1246 510 1306; x_wconf 83' lang='grc' dir='ltr'><em>ἀεὶ</em></span> <span class='ocrx_word' id='word_1_112' title='bbox 526 1272 638 1327; x_wconf 16' lang='grc' dir='ltr'><em>,γαρ</em></span> <span class='ocrx_word' id='word_1_113' title='bbox 668 1250 762 1304; x_wconf 89' lang='grc' dir='ltr'><em>καὶ</em></span> <span class='ocrx_word' id='word_1_114' title='bbox 783 1247 874 1305; x_wconf 83' lang='grc' dir='ltr'><em>δια</em></span> <span class='ocrx_word' id='word_1_115' title='bbox 897 1248 1106 1316; x_wconf 86' lang='grc' dir='ltr'><em>παντὸς</em></span> <span class='ocrx_word' id='word_1_116' title='bbox 1132 1251 1194 1306; x_wconf 86' lang='grc' dir='ltr'><em>ἐν</em></span> <span class='ocrx_word' id='word_1_117' title='bbox 1215 1261 1330 1315; x_wconf 81' lang='grc' dir='ltr'><em>τοῖς</em></span> <span class='ocrx_word' id='word_1_118' title='bbox 1354 1245 1531 1321; x_wconf 73' lang='grc' dir='ltr'><em>ἁγίοις</em></span> <span class='ocrx_word' id='word_1_119' title='bbox 1555 1267 1658 1306; x_wconf 90' lang='grc' dir='ltr'><em>σου</em></span> <span class='ocrx_word' id='word_1_120' title='bbox 1688 1272 1872 1306; x_wconf 91' lang='grc' dir='ltr'><em>κατοι-</em></span> 
     </span>
     <span class='ocr_line' id='line_1_15' title="bbox 255 1330 1873 1408; baseline 0 -18"><span class='ocrx_word' id='word_1_121' title='bbox 255 1346 398 1406; x_wconf 82' lang='grc' dir='ltr'><em>κεῖς,</em></span> <span class='ocrx_word' id='word_1_122' title='bbox 441 1335 533 1392; x_wconf 85' lang='grc' dir='ltr'><em>καὶ</em></span> <span class='ocrx_word' id='word_1_123' title='bbox 573 1332 644 1390; x_wconf 83' lang='grc' dir='ltr'><em>σὺ</em></span> <span class='ocrx_word' id='word_1_124' title='bbox 676 1333 729 1390; x_wconf 81' lang='grc' dir='ltr'><em>εἷ</em></span> <span class='ocrx_word' id='word_1_125' title='bbox 762 1331 792 1390; x_wconf 85' lang='grc' dir='ltr'>ὁ</span> <span class='ocrx_word' id='word_1_126' title='bbox 823 1331 1029 1400; x_wconf 84' lang='grc' dir='ltr'><em>παντὸς</em></span> <span class='ocrx_word' id='word_1_127' title='bbox 1059 1330 1266 1407; x_wconf 78' lang='grc' dir='ltr'><em>ἀνδρὸς</em></span> <span class='ocrx_word' id='word_1_128' title='bbox 1295 1338 1629 1406; x_wconf 80' lang='grc' dir='ltr'><em>θεοφιλοῦς,</em></span> <span class='ocrx_word' id='word_1_129' title='bbox 1655 1331 1873 1408; x_wconf 82' lang='grc' dir='ltr'><em>Ἰσραὴλ</em></span> 
     </span>
     <span class='ocr_line' id='line_1_16' title="bbox 255 1417 1937 1491; baseline 0.001 -17"><span class='ocrx_word' id='word_1_130' title='bbox 255 1419 842 1491; x_wconf 76' lang='grc' dir='ltr'><em>προσαγορευομένου,</em></span> <span class='ocrx_word' id='word_1_131' title='bbox 885 1424 1125 1486; x_wconf 85' lang='grc' dir='ltr'><em>ἔπαινος.</em></span> <span class='ocrx_word' id='word_1_132' title='bbox 1197 1423 1280 1475; x_wconf 86' lang='lat'><em>47.</em></span> <span class='ocrx_word' id='word_1_133' title='bbox 1328 1417 1420 1475; x_wconf 81' lang='grc' dir='ltr'><em>διὰ</em></span> <span class='ocrx_word' id='word_1_134' title='bbox 1460 1419 1524 1476; x_wconf 73' lang='grc' dir='ltr'><em>σὲ</em></span> <span class='ocrx_word' id='word_1_135' title='bbox 1561 1417 1669 1491; x_wconf 80' lang='grc' dir='ltr'><em>γὰρ</em></span> <span class='ocrx_word' id='word_1_136' title='bbox 1706 1420 1871 1476; x_wconf 86' lang='grc' dir='ltr'><em>παντὶ</em></span> <span class='ocrx_word' id='word_1_137' title='bbox 1896 1443 1937 1476; x_wconf 89' lang='lat'><em>15</em></span> 
     </span>
     <span class='ocr_line' id='line_1_17' title="bbox 212 1499 1872 1579; baseline 0.001 -20"><span class='ocrx_word' id='word_1_138' title='bbox 212 1529 233 1559; x_wconf 62' lang='lat' dir='ltr'><em>A</em></span> <span class='ocrx_word' id='word_1_139' title='bbox 257 1506 335 1579; x_wconf 73' lang='grc' dir='ltr'><em>τῷ</em></span> <span class='ocrx_word' id='word_1_140' title='bbox 364 1521 428 1559; x_wconf 88' lang='grc' dir='ltr'><em>σε</em></span> <span class='ocrx_word' id='word_1_141' title='bbox 458 1505 777 1577; x_wconf 86' lang='grc' dir='ltr'><em>περιέποντι</em></span> <span class='ocrx_word' id='word_1_142' title='bbox 815 1499 917 1576; x_wconf 80' lang='grc' dir='ltr'><em>οὐχ</em></span> <span class='ocrx_word' id='word_1_143' title='bbox 956 1501 986 1560; x_wconf 86' lang='grc' dir='ltr'>ὁ</span> <span class='ocrx_word' id='word_1_144' title='bbox 1015 1502 1201 1576; x_wconf 76' lang='grc' dir='ltr'><em>τυχών</em></span> <span class='ocrx_word' id='word_1_145' title='bbox 1239 1509 1598 1577; x_wconf 76' lang='grc' dir='ltr'><em>προσγίνεται</em></span> <span class='ocrx_word' id='word_1_146' title='bbox 1630 1509 1872 1575; x_wconf 83' lang='grc' dir='ltr'><em>ἔπαινος,</em></span> 
     </span>
     <span class='ocr_line' id='line_1_18' title="bbox 253 1583 1871 1662; baseline 0.001 -18"><span class='ocrx_word' id='word_1_147' title='bbox 253 1589 346 1644; x_wconf 89' lang='grc' dir='ltr'><em>καὶ</em></span> <span class='ocrx_word' id='word_1_148' title='bbox 378 1589 468 1644; x_wconf 88' lang='grc' dir='ltr'><em>ἐπὶ</em></span> <span class='ocrx_word' id='word_1_149' title='bbox 499 1589 588 1644; x_wconf 88' lang='grc' dir='ltr'><em>σοὶ</em></span> <span class='ocrx_word' id='word_1_150' title='bbox 618 1592 677 1644; x_wconf 81' lang='grc' dir='ltr'><em>οἷ</em></span> <span class='ocrx_word' id='word_1_151' title='bbox 696 1590 929 1662; x_wconf 81' lang='grc' dir='ltr'><em>πατέρες</em></span> <span class='ocrx_word' id='word_1_152' title='bbox 950 1583 1110 1661; x_wconf 76' lang='grc' dir='ltr'><em>ἡμῶν</em></span> <span class='ocrx_word' id='word_1_153' title='bbox 1137 1585 1402 1661; x_wconf 80' lang='grc' dir='ltr'><em>ἤλπισαν,</em></span> <span class='ocrx_word' id='word_1_154' title='bbox 1433 1590 1526 1644; x_wconf 87' lang='grc' dir='ltr'><em>καὶ</em></span> <span class='ocrx_word' id='word_1_155' title='bbox 1551 1589 1871 1654; x_wconf 88' lang='grc' dir='ltr'><em>ἐλπίσαντες</em></span> 
     </span>
     <span class='ocr_line' id='line_1_19' title="bbox 251 1668 1871 1747; baseline 0.001 -19"><span class='ocrx_word' id='word_1_156' title='bbox 251 1678 363 1729; x_wconf 79' lang='grc' dir='ltr'><em>τῶν</em></span> <span class='ocrx_word' id='word_1_157' title='bbox 379 1670 809 1731; x_wconf 78' lang='grc' dir='ltr'><em>ἐπαναστάντων</em></span> <span class='ocrx_word' id='word_1_158' title='bbox 825 1670 1014 1739; x_wconf 81' lang='grc' dir='ltr'><em>αὐτοῖς</em></span> <span class='ocrx_word' id='word_1_159' title='bbox 1029 1675 1216 1730; x_wconf 71' lang='grc' dir='ltr'><em>κακῶν</em></span> <span class='ocrx_word' id='word_1_160' title='bbox 1229 1672 1589 1747; x_wconf 84' lang='grc' dir='ltr'><em>ἐρρύσθησαν</em></span> <span class='ocrx_word' id='word_1_161' title='bbox 1600 1668 1871 1747; x_wconf 82' lang='grc' dir='ltr'><em>καὶ“πρὸς</em></span> 
     </span>
     <span class='ocr_line' id='line_1_20' title="bbox 144 1754 1867 1831; baseline -0.001 -17"><span class='ocrx_word' id='word_1_162' title='bbox 144 1782 231 1824; x_wconf 75' lang='lat'>[310]</span> <span class='ocrx_word' id='word_1_163' title='bbox 258 1757 320 1814; x_wconf 74' lang='grc' dir='ltr'><em>σὲ</em></span> <span class='ocrx_word' id='word_1_164' title='bbox 362 1758 687 1831; x_wconf 80' lang='grc' dir='ltr'><em>ἐκέκραξαν,</em></span> <span class='ocrx_word' id='word_1_165' title='bbox 729 1758 822 1814; x_wconf 86' lang='grc' dir='ltr'><em>καὶ</em></span> <span class='ocrx_word' id='word_1_166' title='bbox 864 1755 1176 1830; x_wconf 75' lang='grc' dir='ltr'><em>ἐσώθησαν.</em></span> <span class='ocrx_word' id='word_1_167' title='bbox 1249 1759 1340 1815; x_wconf 84' lang='grc' dir='ltr'><em>ἐπὶ</em></span> <span class='ocrx_word' id='word_1_168' title='bbox 1380 1764 1476 1814; x_wconf 91' lang='grc' dir='ltr'><em>σοι’</em></span> <span class='ocrx_word' id='word_1_169' title='bbox 1506 1781 1568 1815; x_wconf 90' lang='grc' dir='ltr'><em>τε</em></span> <span class='ocrx_word' id='word_1_170' title='bbox 1608 1754 1867 1829; x_wconf 78' lang='grc' dir='ltr'><em>ἤλπισαν,</em></span> 
     </span>
     <span class='ocr_line' id='line_1_21' title="bbox 253 1833 1932 1916; baseline 0 -18"><span class='ocrx_word' id='word_1_171' title='bbox 253 1843 346 1898; x_wconf 82' lang='grc' dir='ltr'><em>καὶ</em></span> <span class='ocrx_word' id='word_1_172' title='bbox 386 1838 454 1899; x_wconf 85' lang='grc' dir='ltr'><em>οῦ</em></span> <span class='ocrx_word' id='word_1_173' title='bbox 484 1838 1014 1916; x_wconf 80' lang='grc' dir='ltr'><em>κατῃσχύνθησαν.”</em></span> <span class='ocrx_word' id='word_1_174' title='bbox 1086 1846 1172 1899; x_wconf 85' lang='grc'><em>48.</em></span> <span class='ocrx_word' id='word_1_175' title='bbox 1209 1840 1400 1913; x_wconf 80' lang='grc' dir='ltr'><em>ἐπειδὴ</em></span> <span class='ocrx_word' id='word_1_176' title='bbox 1430 1833 1535 1898; x_wconf 80' lang='grc' dir='ltr'><em>οὖν</em></span> <span class='ocrx_word' id='word_1_177' title='bbox 1573 1839 1776 1908; x_wconf 80' lang='grc' dir='ltr'><em>πάντες</em></span> <span class='ocrx_word' id='word_1_178' title='bbox 1815 1846 1873 1897; x_wconf 77' lang='grc' dir='ltr'><em>οἱ</em></span> <span class='ocrx_word' id='word_1_179' title='bbox 1890 1865 1932 1898; x_wconf 80' lang='lat'><em>20</em></span> 
     </span>
     <span class='ocr_line' id='line_1_22' title="bbox 252 1923 1868 2000; baseline 0 -18"><span class='ocrx_word' id='word_1_180' title='bbox 252 1925 398 1997; x_wconf 82' lang='grc' dir='ltr'><em>ἅγιοι</em></span> <span class='ocrx_word' id='word_1_181' title='bbox 427 1924 642 1984; x_wconf 82' lang='grc' dir='ltr'><em>τούτων</em></span> <span class='ocrx_word' id='word_1_182' title='bbox 673 1933 872 2000; x_wconf 86' lang='grc' dir='ltr'><em>ἔτυχον</em></span> <span class='ocrx_word' id='word_1_183' title='bbox 899 1926 1050 2000; x_wconf 78' lang='grc' dir='ltr'><em>παρὰ</em></span> <span class='ocrx_word' id='word_1_184' title='bbox 1079 1929 1212 1998; x_wconf 86' lang='grc' dir='ltr'><em>σοῦ,</em></span> <span class='ocrx_word' id='word_1_185' title='bbox 1247 1923 1607 1998; x_wconf 78' lang='grc' dir='ltr'><em>κεκράξαντές</em></span> <span class='ocrx_word' id='word_1_186' title='bbox 1631 1949 1690 1982; x_wconf 90' lang='grc' dir='ltr'><em>τε</em></span> <span class='ocrx_word' id='word_1_187' title='bbox 1721 1931 1868 1998; x_wconf 81' lang='grc' dir='ltr'><em>εἰση-</em></span> 
     </span>
     <span class='ocr_line' id='line_1_23' title="bbox 253 2007 1868 2085; baseline 0 -18"><span class='ocrx_word' id='word_1_188' title='bbox 253 2009 581 2082; x_wconf 83' lang='grc' dir='ltr'><em>κου’σθησαν</em></span> <span class='ocrx_word' id='word_1_189' title='bbox 621 2012 713 2067; x_wconf 89' lang='grc' dir='ltr'><em>καὶ</em></span> <span class='ocrx_word' id='word_1_190' title='bbox 754 2008 823 2067; x_wconf 83' lang='grc' dir='ltr'><em>οῦ</em></span> <span class='ocrx_word' id='word_1_191' title='bbox 853 2007 1353 2084; x_wconf 79' lang='grc' dir='ltr'><em>κατῃσχύνθησαν,</em></span> <span class='ocrx_word' id='word_1_192' title='bbox 1400 2007 1555 2085; x_wconf 77' lang='grc' dir='ltr'><em>πόσῳ</em></span> <span class='ocrx_word' id='word_1_193' title='bbox 1597 2007 1666 2082; x_wconf 84' lang='grc' dir='ltr'><em>δὴ</em></span> <span class='ocrx_word' id='word_1_194' title='bbox 1697 2013 1868 2067; x_wconf 89' lang='grc' dir='ltr'><em>πλέον</em></span> 
     </span>
     <span class='ocr_line' id='line_1_24' title="bbox 254 2091 1867 2167; baseline 0.001 -17"><span class='ocrx_word' id='word_1_195' title='bbox 254 2098 387 2165; x_wconf 85' lang='grc' dir='ltr'><em>ἐμοῦ</em></span> <span class='ocrx_word' id='word_1_196' title='bbox 409 2098 510 2150; x_wconf 88' lang='grc' dir='ltr'><em>τοῦ</em></span> <span class='ocrx_word' id='word_1_197' title='bbox 536 2100 640 2151; x_wconf 91' lang='grc' dir='ltr'><em>σοῦ</em></span> <span class='ocrx_word' id='word_1_198' title='bbox 661 2093 949 2166; x_wconf 79' lang='grc' dir='ltr'><em>ἀγαπητοῦ</em></span> <span class='ocrx_word' id='word_1_199' title='bbox 972 2092 1169 2159; x_wconf 80' lang='grc' dir='ltr'><em>παιδὸς</em></span> <span class='ocrx_word' id='word_1_200' title='bbox 1193 2097 1435 2165; x_wconf 78' lang='grc' dir='ltr'><em>βοῶντος</em></span> <span class='ocrx_word' id='word_1_201' title='bbox 1458 2097 1671 2167; x_wconf 78' lang='grc' dir='ltr'><em>μᾶλλον</em></span> <span class='ocrx_word' id='word_1_202' title='bbox 1692 2091 1867 2151; x_wconf 76' lang='grc' dir='ltr'><em>ἁπάν-</em></span> 
     </span>
     <span class='ocr_line' id='line_1_25' title="bbox 250 2176 1868 2251; baseline 0.001 -17"><span class='ocrx_word' id='word_1_203' title='bbox 250 2201 363 2234; x_wconf 86' lang='grc' dir='ltr'><em>των</em></span> <span class='ocrx_word' id='word_1_204' title='bbox 403 2180 495 2234; x_wconf 88' lang='grc' dir='ltr'><em>καὶ</em></span> <span class='ocrx_word' id='word_1_205' title='bbox 536 2177 880 2251; x_wconf 84' lang='grc' dir='ltr'><em>ἑτοιμότερον</em></span> <span class='ocrx_word' id='word_1_206' title='bbox 924 2177 1254 2251; x_wconf 85' lang='grc' dir='ltr'><em>εἰσακούσῃ;</em></span> <span class='ocrx_word' id='word_1_207' title='bbox 1300 2183 1352 2235; x_wconf 78' lang='grc' dir='ltr'><em>εἰ</em></span> <span class='ocrx_word' id='word_1_208' title='bbox 1381 2179 1441 2234; x_wconf 75' lang='grc' dir='ltr'><em>δὲ</em></span> <span class='ocrx_word' id='word_1_209' title='bbox 1484 2181 1577 2235; x_wconf 84' lang='grc' dir='ltr'><em>καὶ</em></span> <span class='ocrx_word' id='word_1_210' title='bbox 1608 2176 1868 2236; x_wconf 81' lang='grc' dir='ltr'><em>ἀποθαυ-</em></span> 
     </span>
     <span class='ocr_line' id='line_1_26' title="bbox 249 2259 1928 2337; baseline 0.001 -18"><span class='ocrx_word' id='word_1_211' title='bbox 249 2267 525 2334; x_wconf 79' lang='grc' dir='ltr'><em>μαστικῶς</em></span> <span class='ocrx_word' id='word_1_212' title='bbox 555 2287 727 2336; x_wconf 90' lang='grc' dir='ltr'><em>φημι,</em></span> <span class='ocrx_word' id='word_1_213' title='bbox 756 2261 1090 2336; x_wconf 75' lang='grc' dir='ltr'><em>’κεκράξομαι</em></span> <span class='ocrx_word' id='word_1_214' title='bbox 1120 2265 1211 2319; x_wconf 87' lang='grc' dir='ltr'><em>καὶ</em></span> <span class='ocrx_word' id='word_1_215' title='bbox 1242 2259 1344 2319; x_wconf 80' lang='grc' dir='ltr'><em>οὐκ</em></span> <span class='ocrx_word' id='word_1_216' title='bbox 1377 2262 1704 2337; x_wconf 83' lang='grc' dir='ltr'><em>εἰσακοῦσῃ;</em></span> <span class='ocrx_word' id='word_1_217' title='bbox 1735 2260 1860 2320; x_wconf 72' lang='grc' dir='ltr'><em>ἀλλ’</em></span> <span class='ocrx_word' id='word_1_218' title='bbox 1885 2287 1928 2320; x_wconf 88' lang='lat'><em>25</em></span> 
     </span>
     <span class='ocr_line' id='line_1_27' title="bbox 250 2343 1864 2421; baseline 0.001 -17"><span class='ocrx_word' id='word_1_219' title='bbox 250 2343 353 2404; x_wconf 84' lang='grc' dir='ltr'><em>οῦκ</em></span> <span class='ocrx_word' id='word_1_220' title='bbox 393 2353 471 2414; x_wconf 83' lang='grc' dir='ltr'><em>εἰς</em></span> <span class='ocrx_word' id='word_1_221' title='bbox 513 2344 709 2405; x_wconf 71' lang='grc' dir='ltr'><em>ἄνοιαν</em></span> <span class='ocrx_word' id='word_1_222' title='bbox 749 2343 778 2404; x_wconf 86' lang='lat'>6</span> <span class='ocrx_word' id='word_1_223' title='bbox 818 2346 977 2419; x_wconf 81' lang='grc' dir='ltr'><em>λόγος</em></span> <span class='ocrx_word' id='word_1_224' title='bbox 1015 2371 1108 2420; x_wconf 92' lang='grc' dir='ltr'><em>μοι</em></span> <span class='ocrx_word' id='word_1_225' title='bbox 1146 2349 1495 2421; x_wconf 89' lang='grc' dir='ltr'><em>προφέρεται.</em></span> <span class='ocrx_word' id='word_1_226' title='bbox 1558 2346 1687 2404; x_wconf 81' lang='grc' dir='ltr'><em>οἶδα</em></span> <span class='ocrx_word' id='word_1_227' title='bbox 1724 2351 1864 2420; x_wconf 83' lang='grc' dir='ltr'><em>γοῦν</em></span> 
     </span>
     <span class='ocr_line' id='line_1_28' title="bbox 249 2429 1864 2506; baseline 0.001 -19"><span class='ocrx_word' id='word_1_228' title='bbox 249 2429 397 2498; x_wconf 81' lang='grc' dir='ltr'><em>ὅπως</em></span> <span class='ocrx_word' id='word_1_229' title='bbox 435 2429 540 2504; x_wconf 77' lang='grc' dir='ltr'><em>τὴν</em></span> <span class='ocrx_word' id='word_1_230' title='bbox 581 2429 751 2506; x_wconf 81' lang='grc' dir='ltr'><em>εὐχὴν</em></span> <span class='ocrx_word' id='word_1_231' title='bbox 789 2435 1081 2505; x_wconf 85' lang='grc' dir='ltr'><em>προφέρω,</em></span> <span class='ocrx_word' id='word_1_232' title='bbox 1122 2429 1197 2504; x_wconf 80' lang='grc' dir='ltr'><em>μὴ</em></span> <span class='ocrx_word' id='word_1_233' title='bbox 1241 2429 1683 2504; x_wconf 85' lang='grc' dir='ltr'><em>ἐναβρυνόμενος</em></span> <span class='ocrx_word' id='word_1_234' title='bbox 1721 2432 1864 2505; x_wconf 78' lang='grc' dir='ltr'><em>μηδὲ</em></span> 
     </span>
     <span class='ocr_line' id='line_1_29' title="bbox 251 2511 1862 2590; baseline 0 -18"><span class='ocrx_word' id='word_1_235' title='bbox 251 2515 696 2590; x_wconf 84' lang='grc' dir='ltr'><em>ἐγκαυχώμενος,</em></span> <span class='ocrx_word' id='word_1_236' title='bbox 727 2514 850 2574; x_wconf 83' lang='grc' dir='ltr'><em>ἀλλ’</em></span> <span class='ocrx_word' id='word_1_237' title='bbox 879 2511 953 2583; x_wconf 77' lang='grc' dir='ltr'><em>ὦς</em></span> <span class='ocrx_word' id='word_1_238' title='bbox 974 2519 1449 2588; x_wconf 79' lang='grc' dir='ltr'><em>ταπεινοφρονιόν.</em></span> <span class='ocrx_word' id='word_1_239' title='bbox 1502 2520 1587 2573; x_wconf 86' lang='grc'><em>49.</em></span> <span class='ocrx_word' id='word_1_240' title='bbox 1616 2518 1733 2573; x_wconf 84' lang='grc' dir='ltr'><em>ἐπεὶ</em></span> <span class='ocrx_word' id='word_1_241' title='bbox 1756 2514 1862 2589; x_wconf 74' lang='grc' dir='ltr'><em>γὰρ</em></span> 
     </span>
     <span class='ocr_line' id='line_1_30' title="bbox 251 2599 1861 2675; baseline 0.001 -19"><span class='ocrx_word' id='word_1_242' title='bbox 251 2599 424 2674; x_wconf 86' lang='grc' dir='ltr'><em>πρᾶός</em></span> <span class='ocrx_word' id='word_1_243' title='bbox 457 2607 567 2674; x_wconf 88' lang='grc' dir='ltr'><em>εἰμι</em></span> <span class='ocrx_word' id='word_1_244' title='bbox 600 2604 692 2658; x_wconf 84' lang='grc' dir='ltr'><em>καὶ</em></span> <span class='ocrx_word' id='word_1_245' title='bbox 721 2599 979 2668; x_wconf 86' lang='grc' dir='ltr'><em>ταπεινὸς</em></span> <span class='ocrx_word' id='word_1_246' title='bbox 1008 2603 1078 2675; x_wconf 80' lang='grc' dir='ltr'><em>τῇ</em></span> <span class='ocrx_word' id='word_1_247' title='bbox 1105 2605 1337 2675; x_wconf 77' lang='grc' dir='ltr'><em>καρδίᾳ,</em></span> <span class='ocrx_word' id='word_1_248' title='bbox 1369 2606 1641 2668; x_wconf 79' lang='grc' dir='ltr'><em>ταπεινῶς</em></span> <span class='ocrx_word' id='word_1_249' title='bbox 1671 2603 1763 2657; x_wconf 86' lang='grc' dir='ltr'><em>καὶ</em></span> <span class='ocrx_word' id='word_1_250' title='bbox 1793 2604 1861 2673; x_wconf 82' lang='grc' dir='ltr'><em>τῇ</em></span> 
     </span>
     <span class='ocr_line' id='line_1_31' title="bbox 252 2682 1924 2759; baseline 0 -18"><span class='ocrx_word' id='word_1_251' title='bbox 252 2687 490 2756; x_wconf 86' lang='grc' dir='ltr'><em>ἐμαυτοῦ</em></span> <span class='ocrx_word' id='word_1_252' title='bbox 507 2684 772 2759; x_wconf 82' lang='grc' dir='ltr'><em>πραότητι</em></span> <span class='ocrx_word' id='word_1_253' title='bbox 802 2691 1018 2752; x_wconf 82' lang='grc' dir='ltr'><em>οἰκείως</em></span> <span class='ocrx_word' id='word_1_254' title='bbox 1033 2687 1159 2759; x_wconf 88' lang='grc' dir='ltr'><em>περὶ</em></span> <span class='ocrx_word' id='word_1_255' title='bbox 1175 2687 1415 2758; x_wconf 86' lang='grc' dir='ltr'><em>ἐμαυτοῦ</em></span> <span class='ocrx_word' id='word_1_256' title='bbox 1429 2682 1662 2743; x_wconf 78' lang='grc' dir='ltr'><em>ταπεινὰ</em></span> <span class='ocrx_word' id='word_1_257' title='bbox 1683 2687 1858 2757; x_wconf 89' lang='grc' dir='ltr'><em>φθέγ-</em></span> <span class='ocrx_word' id='word_1_258' title='bbox 1882 2708 1924 2741; x_wconf 87' lang='lat'><em>30</em></span> 
     </span>
     <span class='ocr_line' id='line_1_32' title="bbox 141 2767 1865 2842; baseline 0.001 -18"><span class='ocrx_word' id='word_1_259' title='bbox 141 2791 447 2841; x_wconf 62' lang='grc' dir='ltr'><em>(498)γομαι,</em></span> <span class='ocrx_word' id='word_1_260' title='bbox 488 2767 637 2827; x_wconf 75' lang='grc' dir='ltr'><em>οὕτω</em></span> <span class='ocrx_word' id='word_1_261' title='bbox 670 2768 739 2842; x_wconf 81' lang='grc' dir='ltr'><em>δὴ</em></span> <span class='ocrx_word' id='word_1_262' title='bbox 779 2771 870 2826; x_wconf 91' lang='grc' dir='ltr'><em>καὶ</em></span> <span class='ocrx_word' id='word_1_263' title='bbox 915 2767 1172 2842; x_wconf 75' lang='grc' dir='ltr'><em>σκώληκα</em></span> <span class='ocrx_word' id='word_1_264' title='bbox 1215 2768 1453 2841; x_wconf 86' lang='grc' dir='ltr'><em>ἐμαυτὸν</em></span> <span class='ocrx_word' id='word_1_265' title='bbox 1483 2767 1744 2842; x_wconf 74' lang='grc' dir='ltr'><em>ὀνομάζω.</em></span> <span class='ocrx_word' id='word_1_266' title='bbox 1806 2775 1865 2825; x_wconf 87' lang='grc' dir='ltr'><em>τί</em></span> 
     </span>
     <span class='ocr_line' id='line_1_33' title="bbox 250 2849 1853 2927; baseline 0.001 -20"><span class='ocrx_word' id='word_1_267' title='bbox 250 2850 353 2926; x_wconf 81' lang='grc' dir='ltr'><em>γὰρ</em></span> <span class='ocrx_word' id='word_1_268' title='bbox 392 2849 463 2909; x_wconf 75' lang='grc' dir='ltr'><em>ἂν</em></span> <span class='ocrx_word' id='word_1_269' title='bbox 501 2856 713 2925; x_wconf 86' lang='grc' dir='ltr'><em>γένοιτο</em></span> <span class='ocrx_word' id='word_1_270' title='bbox 754 2852 1035 2927; x_wconf 77' lang='grc' dir='ltr'><em>σκώληκος</em></span> <span class='ocrx_word' id='word_1_271' title='bbox 1084 2851 1501 2926; x_wconf 83' lang='grc' dir='ltr'><em>ταπεινότερον;</em></span> <span class='ocrx_word' id='word_1_272' title='bbox 1553 2851 1692 2910; x_wconf 80' lang='grc' dir='ltr'><em>ὅθεν</em></span> <span class='ocrx_word' id='word_1_273' title='bbox 1731 2849 1853 2909; x_wconf 78' lang='grc' dir='ltr'><em>οὐδ’</em></span> 
     </span>
    </p>
   </div>
  </div>
 </body>
</html>
