1946 3158
570 131 876 172 DEMONST.
908 131 1131 173 EVANG.
1163 131 1197 173 Ι.
1237 135 1276 170 1.
1689 129 1723 181 5

115 250 302 305 παῦλα
329 245 468 304 οὐδέ
493 271 575 312 τις
605 244 943 313 ἀνάπνευσις
973 248 1086 302 τῶν
1116 248 1423 320 συμφορῶν
1455 245 1724 317 ἐλπισθή-

115 353 300 403 σεται,
332 327 367 387 ἂ
397 333 488 388 καὶ
519 334 731 407 τυφλῷ,
764 333 920 404 φασὶ,
955 334 1114 402 δῆλα,
1148 331 1315 387 εἰσέτι
1345 333 1452 387 νῦν
1481 328 1584 403 τὴν
1613 334 1725 388 τῶν

115 416 297 487 λόγων
347 414 482 482 ὄψιν
532 412 718 480 αὐτοῖς
759 421 937 487 ἔργοις
981 417 1356 486 ἐνδείκνυται,
1400 417 1458 471 ἐκ
1504 413 1724 489 πρώτης

115 498 284 573 αὐτῆς
326 496 530 574 ἡμέρας
572 502 626 568 ἐξ
678 491 743 571 ἧς
795 496 1001 565 ἀθέους
1042 496 1246 573 ἤραντο
1298 496 1432 556 κατὰ
1480 502 1722 572 Χριστοῦ

71 611 91 644 5
116 599 299 659 χεῖρας
329 583 432 656 τὴν
462 587 574 641 τῶν
605 589 792 641 κακῶν
822 581 998 657 ἀρχὴν
1029 589 1106 649 εἰς
1148 583 1377 649 ἑαυτοὺς
1420 582 1723 656 ἐπισπώμε-

114 694 216 727 νοι.
279 675 324 725 8.
357 667 458 726 οὐκ
490 661 559 740 ἦν
592 667 643 725 δ’
680 666 787 742 ἄρα
817 682 930 733 τοῖς
969 674 1289 735 θεσπεσίοις
1329 665 1603 742 ἀνδράσιν
1636 670 1724 724 ἐπὶ

115 764 473 826 σκυθρωποῖς
505 753 570 810 τὰ
599 759 712 809 τῶν
742 751 1104 825 προρρήσεων
1136 751 1373 824 ἱστάναι,
1404 751 1538 810 οὐδὲ
1568 755 1724 826 μέχρι

113 842 225 896 τῶν
257 841 523 912 λυπηρῶν
555 841 928 894 ἐπιτείνεσθαι
959 836 1062 908 τὴν
1078 835 1417 909 πρόγνωσιν,
1449 835 1589 894 ἄλλα
1620 837 1724 910 γὰρ

115 928 192 989 εἰς
238 922 295 980 τὸ
328 920 570 995 φαιδρὸν
608 920 1041 995 μεταβάλλοντες
1091 914 1259 988 αῦθις
1302 918 1536 994 ἀγαθῶν
1568 918 1725 994 ἄγγε-

49 1033 91 1065 10
115 1014 234 1074 λίας
264 1004 484 1079 ἀθρόως
514 1004 722 1064 ἅπασιν
765 1003 1086 1079 ἀνθρώποις
1121 1009 1208 1062 ἐπὶ
1250 1009 1316 1079 τῇ
1356 1010 1452 1063 τοῦ
1485 1010 1726 1080 Χριστοῦ

113 1098 393 1166 παρουσίᾳ
434 1090 872 1165 προεκήρυττον,
917 1088 1042 1147 ἀντὶ
1071 1094 1166 1162 τῆς
1199 1090 1322 1157 ἑνὸς
1354 1096 1558 1158 ἔθνους
1588 1088 1725 1148 ἄπο-

115 1181 280 1250 βολῆς
322 1179 434 1233 πᾶν
474 1182 640 1243 ἔθνος
679 1178 770 1232 καὶ
815 1177 972 1248 γένος
1013 1171 1334 1249 ἀνθρώπων
1372 1181 1727 1247 θεογνωσιάν

115 1259 605 1333 εὐαγγελιζόμενοι,
639 1262 729 1317 καὶ
767 1258 1049 1332 δαιμόνων
1084 1256 1411 1333 ἀποφυγὴν,
1445 1257 1724 1333 ἀγνωσίας

115 1368 172 1400 τε
212 1347 304 1401 καὶ
344 1343 555 1416 πλάνης
595 1343 952 1417 ἀπαλλαγὴν,
993 1343 1174 1417 φωτός
1212 1369 1271 1402 τε
1312 1347 1406 1402 καὶ
1438 1342 1721 1417 εὐσεβείας
1749 1372 1795 1411 (ῑ)

53 1452 93 1484 15
118 1425 454 1500 ἆνάλαμψιν,
487 1431 578 1485 καὶ
601 1427 675 1494 ὡς
698 1433 756 1485 οὗ
780 1434 878 1486 τοῦ
895 1433 1139 1500 Χριστοῦ
1156 1432 1401 1502 μαθηταὶ
1425 1429 1522 1487 τὸν
1546 1428 1726 1487 πάντα

115 1511 321 1585 κόσμον
360 1515 454 1584 τῆς
496 1509 666 1570 αὐτοῦ
709 1518 1067 1577 διδασκαλίας
1121 1513 1526 1586 ἐμπλήσουσιν,
1579 1513 1726 1581 ὅπως

113 1619 172 1653 τε
204 1603 282 1663 εἰς
311 1595 520 1663 πάντας
550 1595 888 1670 ἀνθρώπους
910 1596 969 1653 τὸ
996 1593 1318 1669 εὐαγγέλιον
1338 1595 1524 1654 αὐτῶν
1553 1622 1724 1670 κηρυ-

113 1679 379 1753 χθήσεται
410 1679 604 1738 καινόν
634 1706 758 1737 τινα
789 1683 880 1738 καὶ
912 1684 1188 1749 ξενίζοντα
1209 1680 1416 1754 τρόπον
1442 1681 1727 1754 εὐσεβείας

113 1767 402 1838 περιέχον,
455 1766 548 1821 καὶ
603 1761 676 1831 ῶς
725 1769 1290 1838 ἐκκλησίαίΧριστοῦ
1332 1764 1405 1823 δι’
1450 1763 1634 1823 αὐτῶν
1666 1771 1726 1824 ἐν

48 1873 91 1906 20
112 1847 258 1916 ὅλοις
288 1863 402 1916 τοῖς
423 1854 614 1906 ἔθνεσι
638 1848 1026 1921 συστήσονται,
1058 1848 1234 1916 καὶῶς
1257 1848 1379 1917 ἑνὸς
1402 1846 1429 1907 ὃ
1461 1860 1727 1923 Χριστια-

112 1938 229 1991 νῶν
259 1933 388 2001 λαὸς
419 1932 551 1991 καθ’
587 1931 717 2006 ὅλης
756 1937 853 2006 τῆς
893 1936 1220 2007 οἰκουμένης
1261 1931 1724 2009 ὀνομασθήσεται,

112 2020 203 2075 καὶ
237 2016 309 2085 ῶς
341 2022 404 2074 αἱ
438 2021 551 2075 τῶν
591 2017 728 2076 κατὰ
768 2019 1002 2093 χρόνους
1043 2015 1328 2092 ἀρχόντων
1358 2044 1416 2077 τε
1447 2022 1539 2077 καὶ
1570 2027 1724 2092 βασι-

112 2105 255 2169 λέων
285 2101 423 2159 κατὰ
453 2106 549 2175 τῆς
583 2107 875 2176 ἐκκλησίας
915 2105 1015 2160 τοῦ
1045 2108 1288 2175 Χριστοῦ
1330 2103 1725 2170 ἐπαναστάσεις

112 2184 281 2244 οὐδὲν
322 2193 399 2254 εἰς
437 2186 497 2244 τὸ
539 2195 802 2246 καθελεῖν
845 2184 1051 2260 αὐτὴν,
1094 2184 1167 2254 ῶς
1210 2185 1281 2246 ἂν
1319 2185 1428 2246 ῦπό
1458 2192 1559 2246 τοῦ
1585 2192 1727 2248 θεοῦ

0 2295 89 2341 ¹‘25
113 2273 585 2344 κραταιουμένην,
639 2270 944 2345 ίσχῦσουσι.
1038 2283 1084 2331 9.
1138 2271 1418 2331 τοσούτων
1470 2271 1563 2331 διὰ
1612 2277 1727 2332 τῶν

112 2353 247 2413 καθ’
284 2352 572 2428 Ἐβραίους
602 2355 890 2429 θεολόγων
927 2355 1459 2431 ἀναπεφωνημένων
1510 2360 1602 2415 καὶ
1646 2364 1723 2423 εἰς

114 2445 281 2514 δεῦρο
312 2443 483 2499 πᾶσιν
516 2447 593 2507 εἰς
633 2441 880 2514 φανερὸν
920 2439 1016 2510 τὰς
1058 2440 1311 2513 ἐκβάσεις
1344 2445 1723 2515 ἐπιδεικνυμέ-

111 2548 256 2596 νων,
297 2531 378 2592 τίς
422 2524 526 2583 οὐκ
567 2522 637 2583 ἂν
679 2525 738 2583 τὸ
780 2531 981 2584 ἔνθεον
1022 2522 1452 2600 ἄποθαυμάσειε
1480 2531 1592 2583 τῶν
1622 2524 1724 2583 ἆν-

114 2613 291 2682 δρῶν;
331 2615 412 2675 τίς
454 2608 504 2667 δ’
551 2608 676 2684 οὐχὶ
714 2614 810 2682 τῆς
851 2607 970 2668 κατ’
1018 2609 1222 2677 αὐτούς
1266 2616 1590 2682 θεοσεβείας
1631 2613 1724 2668 καὶ

47 2717 89 2749 30
111 2699 442 2767 φιλοσοφίας
482 2693 548 2752 τοὶ
589 2693 887 2769 μαθήματά
927 2719 987 2752 τε
1026 2697 1118 2752 καὶ
1157 2693 1222 2752 τοὶ
1275 2694 1518 2768 δόγματα
1558 2693 1722 2766 κύρια

111 2780 204 2835 καὶ
233 2775 416 2853 ἀληθῆ
459 2779 600 2838 εἶναι
641 2776 995 2854 ὁμολογήσει,
1039 2778 1140 2851 τὴν
1170 2776 1456 2848 ἀπόδειξιν
1485 2778 1720 2853 παρεχό-

111 2886 250 2935 μενα
280 2860 381 2920 οῦκ
421 2866 481 2922 ἐν
526 2867 702 2933 λέξεσι
734 2866 1232 2939 κεκομψευμέναις,
1275 2863 1398 2922 οὐδ’
1448 2869 1508 2922 ἐν
1541 2863 1722 2922 δεινό-

0 2486 8 2549 ἐ
