1992 3186
231 109 334 162 608
902 108 1149 151 EUSEBH

231 227 465 301 φανεροὶ
499 231 715 283 ἔσονται
753 229 811 281 οἱ
846 225 1272 298 σφραγιζόμενοι
1302 226 1399 284 τὸν
1437 227 1609 300 νόμον
1639 233 1738 285 τοῦ
1768 228 1841 301 μὴ

117 337 211 377 (451)
235 322 454 384 μαθεῖν.
518 312 609 365 καὶ
642 312 780 381 ἐρεῖ,
820 311 969 381 μενῶ
1000 307 1096 366 τὸν
1125 309 1264 367 θεὸν
1293 309 1389 368 τὸν
1418 308 1842 383 ἀποστρέψαντα

233 395 291 452 τὸ
322 393 621 468 πρόσωπον
645 391 818 450 αὑτοῦ
849 391 958 450 ἀπὸ
980 397 1079 450 τοῦ
1103 403 1261 452 οἴκου
1284 392 1499 466 Ἰακώβ,
1531 398 1622 452 καὶ
1654 419 1841 455 πεποι-

232 478 349 545 θώς
382 485 573 550 ἔσομαι
606 476 692 534 ἐπ’
730 473 919 553 αύτῷ”
953 481 1297 554 σαφέστερον
1338 477 1367 536 ὁ
1400 478 1702 554 Σύμμαχος
1734 484 1841 550 §55-

234 570 412 620 δωκεν
444 561 618 619 εἰπὼν
639 559 853 634 ((δῆσον
882 561 1205 636 μαρτύριον,
1237 562 1550 638 σφράγισον
1580 564 1751 637 νόμον
1783 568 1843 623 ἐν
1866 591 1885 624 5

231 660 343 714 τοῖς
385 645 722 720 διατάγμασί
754 666 876 719 μου.
959 649 1048 704 καὶ
1094 647 1461 720 προσδοκήσω
1512 645 1610 705 τὸν
1650 648 1844 720 κύριον

230 730 326 789 τὸν
356 730 635 804 κρύβοντα
666 729 726 788 τὸ
757 730 1057 803 πρόσωπον
1089 729 1262 790 αὑτοῦ
1290 728 1398 789 άπὸ
1428 736 1525 789 τοῦ
1558 742 1715 790 οἴκου
1739 730 1844 790 Ἰα-

232 814 368 890 κώβ,
402 819 493 873 καὶ
509 813 768 889 άναμενώ
791 812 1018 872 αὐτόν.”
1058 822 1106 874 5.
1132 819 1226 874 καὶ
1255 813 1284 874 ὁ
1308 815 1540 883 Ἀκύλας
1565 817 1624 874 δὲ
1648 820 1846 874 τοῦτον

235 903 326 958 καὶ
366 899 529 968 αὐτὸς
572 903 803 968 ἐξέδωκε
841 899 937 958 τὸν
977 899 1183 974 τρόπον
1205 898 1482 974 “ἑ’νδησον
1520 899 1844 975 μαρτύριον,

232 984 545 1058 σφράγισον
576 985 748 1059 νόμον
780 989 840 1042 ἐν
872 990 1151 1054 διδακτοῖς
1174 1011 1295 1059 μου.
1357 989 1450 1043 καὶ
1476 987 1844 1060 προσδέξομαι
1868 1012 1908 1044 10

231 1070 328 1127 τὸν
367 1068 505 1128 θεὸν
544 1069 642 1128 τὸν
672 1067 1062 1143 άποκρύβοντα
1101 1069 1160 1128 τὸ
1192 1069 1493 1142 πρόσωπον
1534 1069 1707 1127 αὑτοῦ
1736 1068 1843 1128 ἀπὸ

186 1158 328 1212 1)τοῦ
369 1164 525 1212 οῖ’κου
562 1151 786 1226 Ἰακώβ,
829 1156 920 1211 καὶ
961 1154 1221 1228 ὑπομενῶ
1263 1151 1487 1212 αύτόν.”
1573 1158 1745 1211 ταῦτα
1787 1153 1839 1211 δ’

233 1231 336 1296 οὖν
367 1244 424 1296 οἱ
449 1242 547 1296 τοῦ
576 1242 821 1312 σωτῆρος
839 1238 997 1312 ἡμῶν
1020 1238 1314 1297 ἀπόστολοι
1340 1238 1697 1296 διδάσκονται
1727 1261 1844 1295 ποι-

234 1336 332 1380 εῖν.
406 1320 488 1390 οἷς
529 1326 651 1395 ἑξῆς
696 1326 934 1395 ἐπιλέγει
956 1322 1123 1381 “ίδού
1163 1321 1269 1396 ἐγω
1309 1326 1402 1380 καὶ
1439 1323 1505 1380 τὰ
1545 1329 1770 1396 παιδία,
1811 1322 1844 1379 ἅ

231 1431 323 1479 μοι
354 1413 562 1465 ἔδωκεν
592 1406 620 1464 ὁ
653 1407 798 1474 θεός.
871 1411 961 1464 καὶ
993 1415 1145 1466 ἔσται
1176 1414 1254 1476 εἰς
1285 1421 1485 1482 σημεῖα
1524 1410 1615 1464 καὶ
1646 1410 1842 1481 τέρατα
1867 1432 1905 1465 15

122 1515 206 1558 [281]
235 1495 293 1548 ἐν
333 1495 409 1568 τῷ
432 1490 650 1564 Ἰσραὴλ
693 1491 842 1563 παρὰ
883 1499 1084 1567 κυρίου
1114 1491 1368 1565 Σαβαώθ
1407 1490 1467 1559 ὃς
1512 1505 1758 1550 κατοικεῖ
1785 1496 1844 1549 ἐν

232 1580 307 1653 τῷ
338 1574 454 1648 ὄρει
486 1574 699 1635 Σιών.”
765 1583 813 1634 6.
847 1577 1175 1650 κατοικήσας
1210 1579 1270 1635 δὲ
1299 1575 1328 1635 ὁ
1353 1576 1541 1649 κύριος
1566 1577 1842 1649 Σαβαὼθ,

231 1660 259 1716 ὁ
291 1665 390 1718 τοῦ
420 1665 560 1718 θεοῦ
591 1660 770 1735 λόγος,
803 1666 864 1720 ἐν
895 1654 940 1738 ᾦ
962 1659 1264 1735 ἀνείληφεν
1295 1660 1600 1737 ἀνθρώπῳ,
1633 1663 1726 1718 καὶ
1749 1661 1844 1728 τὰς

235 1745 518 1819 διατριβάς
559 1748 924 1820 πεποιημένος
966 1750 1027 1804 ἐν
1065 1751 1141 1823 τῷ
1171 1745 1287 1820 ὄρει
1318 1746 1503 1818 Σιών,
1543 1745 1746 1818 σημεῖά
1785 1768 1842 1802 τε

232 1832 324 1886 καὶ
353 1831 551 1902 τέρατα
584 1830 1040 1904 διαπραξάμενος,
1070 1830 1207 1904 ὁμοῦ
1230 1844 1343 1896 τοῖς
1373 1829 1544 1887 αὑτοῦ
1565 1839 1842 1901 μαθηταῖς
1865 1854 1906 1885 20

227 1917 324 1987 ,καὶ
365 1918 498 1972 πᾶσι
537 1929 651 1982 τοῖς
694 1922 770 1982 εἰς
814 1913 986 1972 αὐτὸν
1017 1912 1442 1972 πεπιστευκόσιν
1482 1916 1535 1980 ἐξ
1580 1909 1842 1971 ἁπάντων

186 2032 203 2053 e
231 2001 343 2056 τῶν
371 2002 506 2071 πρὶν
549 2005 966 2070 εἰδωλολατρῶν
1010 1996 1443 2070 παρακελεύεται
1473 1999 1663 2070 μηκέτι
1695 2002 1839 2054 δεδι-

236 2085 355 2139 έναι
387 2081 522 2139 κατὰ
551 2086 763 2155 μηδένα
803 2082 1011 2154 τρόπον
1041 2081 1142 2154 τὴν
1183 2087 1566 2154 δεισιδαίμονα
1598 2080 1837 2154 πλάνην·

233 2164 353 2222 ἀλλ’
394 2173 446 2223 εἰ
474 2169 564 2223 καὶ
595 2166 1035 2238 παρασαλεύοιεν
1065 2164 1266 2233 αὐτούς
1297 2163 1330 2238 ἢ
1360 2169 1451 2223 καὶ
1483 2162 1842 2237 ἄναγκάζοιεν

233 2255 291 2307 οὗ
310 2253 363 2318 ἐξ
390 2254 575 2308 ε’θνῶν
600 2251 993 2324 εἰδωλολάτραι
1012 2259 1191 2323 ζητεῖν
1212 2251 1339 2316 τοὺς
1366 2250 1842 2323 ἐγγαστριμύθους
1865 2273 1903 2304 25

233 2337 324 2392 καὶ
353 2334 420 2391 τὰ
447 2341 559 2392 τῶν
590 2335 872 2410 δαιμόνων
901 2349 1132 2409 μαντεῖα
1163 2331 1235 2401 ὣς
1274 2333 1564 2408 θαυμάσια
1594 2336 1685 2391 καὶ
1718 2331 1839 2391 κατ’

232 2415 400 2476 οὐδὲν
430 2416 691 2478 λείποντα
720 2426 814 2493 τῆς
846 2423 958 2478 τῶν
986 2426 1163 2478 θείων
1193 2421 1284 2476 καὶ
1307 2423 1593 2493 θεοφιλῶν
1617 2415 1843 2489 ἀνδρῶν

231 2509 574 2577 προφητικῆς
611 2502 851 2580 διαίτης,
902 2504 1102 2571 αὐτοὺς
1146 2509 1267 2561 δεῖν
1306 2500 1707 2574 ἀποκρίνεσθαι
1749 2505 1839 2559 καὶ

233 2589 417 2659 λέγειν
450 2588 699 2648 διδάσκει
724 2586 819 2648 “z-15
846 2592 1126 2663 ἐκζητοῦσι
1156 2591 1280 2662 περὶ
1322 2591 1433 2645 τω”ν
1465 2586 1682 2657 ζώντων
1713 2586 1840 2652 τοὺς
1884 2580 1889 2585 ’

232 2671 493 2744 νεκρούςς
549 2673 721 2748 νόμον
760 2674 864 2747 γὰρ
917 2681 993 2742 εἰς
1034 2672 1305 2747 βοήθειαν
1355 2668 1600 2730 δέδωκε”
1645 2674 1737 2727 καὶ
1775 2669 1903 2726 τοὶὸο

232 2755 443 2820 τούτοις
474 2756 772 2818 ἀκόλουθα.
819 2759 1005 2825 Γἰ.τούς
1035 2758 1140 2831 γὰρ
1171 2755 1313 2824 ἅπαξ
1343 2756 1515 2830 νόμον
1546 2753 1838 2828 εἰληφότας

231 2841 323 2895 καὶ
356 2847 659 2913 σωτηρίους
692 2841 914 2910 ἐντολάς
939 2845 1028 2900 ε’πὶ
1058 2850 1294 2916 βοηθείᾳ
1317 2844 1408 2898 καὶ
1434 2846 1707 2914 θεραπεία
1737 2841 1840 2896 τοῦ
