<?xml version="1.0" encoding="UTF-8"?>
<!DOCTYPE html PUBLIC "-//W3C//DTD XHTML 1.0 Transitional//EN"
    "http://www.w3.org/TR/xhtml1/DTD/xhtml1-transitional.dtd">
<html xmlns="http://www.w3.org/1999/xhtml" xml:lang="en" lang="en">
 <head>
  <title>
</title>
<meta http-equiv="Content-Type" content="text/html;charset=utf-8" />
  <meta name='ocr-system' content='tesseract 3.04.00' />
  <meta name='ocr-capabilities' content='ocr_page ocr_carea ocr_par ocr_line ocrx_word'/>
</head>
<body>
  <div class='ocr_page' id='page_1' title='image "./operaeusebius03euseuoft_0273.png"; bbox 0 0 1992 3186; ppageno 0'>
   <div class='ocr_carea' id='block_1_1' title="bbox 596 115 1757 167">
    <p class='ocr_par' dir='ltr' id='par_1_1' title="bbox 596 115 1757 167">
     <span class='ocr_line' id='line_1_1' title="bbox 596 115 1757 167; baseline 0.001 -9"><span class='ocrx_word' id='word_1_1' title='bbox 596 117 909 160; x_wconf 86' lang='lat' dir='ltr'><strong>DEMONST.</strong></span> <span class='ocrx_word' id='word_1_2' title='bbox 939 117 1163 160; x_wconf 77' lang='lat' dir='ltr'><strong>EVANG.</strong></span> <span class='ocrx_word' id='word_1_3' title='bbox 1193 118 1271 159; x_wconf 90' lang='lat' dir='ltr'><strong><em>IV.</em></strong></span> <span class='ocrx_word' id='word_1_4' title='bbox 1298 118 1363 157; x_wconf 84' lang='lat'><strong><em>15.</em></strong></span> <span class='ocrx_word' id='word_1_5' title='bbox 1652 115 1757 167; x_wconf 79' lang='grc'><strong><em>249</em></strong></span> 
     </span>
    </p>
   </div>
   <div class='ocr_carea' id='block_1_2' title="bbox 54 228 1870 2743">
    <p class='ocr_par' dir='ltr' id='par_1_2' title="bbox 108 228 1869 896">
     <span class='ocr_line' id='line_1_2' title="bbox 151 228 1757 310; baseline -0.002 -17"><span class='ocrx_word' id='word_1_6' title='bbox 151 235 556 310; x_wconf 87' lang='grc' dir='ltr'><strong><em>κεχρισμένους.</em></strong></span> <span class='ocrx_word' id='word_1_7' title='bbox 627 238 741 301; x_wconf 78' lang='grc' dir='ltr'><strong><em>πῶς</em></strong></span> <span class='ocrx_word' id='word_1_8' title='bbox 781 233 918 308; x_wconf 78' lang='grc' dir='ltr'><strong><em>γὰρ,</em></strong></span> <span class='ocrx_word' id='word_1_9' title='bbox 961 235 1214 300; x_wconf 73' lang='grc' dir='ltr'><strong><em>ΝΙωσέως</em></strong></span> <span class='ocrx_word' id='word_1_10' title='bbox 1252 228 1502 305; x_wconf 79' lang='grc' dir='ltr'><strong><em>ὑστέροις</em></strong></span> <span class='ocrx_word' id='word_1_11' title='bbox 1542 231 1757 307; x_wconf 77' lang='grc' dir='ltr'><strong><em>χρόνοις</em></strong></span> 
     </span>
     <span class='ocr_line' id='line_1_3' title="bbox 150 313 1758 391; baseline -0.002 -15"><span class='ocrx_word' id='word_1_12' title='bbox 150 316 296 376; x_wconf 80' lang='grc' dir='ltr'><strong><em>οὕτω</em></strong></span> <span class='ocrx_word' id='word_1_13' title='bbox 341 321 767 391; x_wconf 81' lang='grc' dir='ltr'><strong><em>διαταξαμένου;</em></strong></span> <span class='ocrx_word' id='word_1_14' title='bbox 810 315 976 375; x_wconf 74' lang='grc' dir='ltr'><strong><em>ἄκουε</em></strong></span> <span class='ocrx_word' id='word_1_15' title='bbox 1009 319 1069 375; x_wconf 70' lang='grc' dir='ltr'><strong><em>δὲ</em></strong></span> <span class='ocrx_word' id='word_1_16' title='bbox 1100 320 1192 374; x_wconf 89' lang='grc' dir='ltr'><strong><em>καὶ</em></strong></span> <span class='ocrx_word' id='word_1_17' title='bbox 1215 313 1445 374; x_wconf 83' lang='grc' dir='ltr'><em>Ἡσαΐου</em></span> <span class='ocrx_word' id='word_1_18' title='bbox 1475 315 1619 373; x_wconf 78' lang='grc' dir='ltr'><strong><em>οὕτω</em></strong></span> <span class='ocrx_word' id='word_1_19' title='bbox 1659 337 1758 374; x_wconf 85' lang='grc' dir='ltr'><strong><em>σα-</em></strong></span> 
     </span>
     <span class='ocr_line' id='line_1_4' title="bbox 151 396 1756 476; baseline -0.001 -16"><span class='ocrx_word' id='word_1_20' title='bbox 151 405 394 476; x_wconf 89' lang='grc' dir='ltr'><strong><em>φέστατα</em></strong></span> <span class='ocrx_word' id='word_1_21' title='bbox 425 405 552 475; x_wconf 84' lang='grc' dir='ltr'><strong><em>περὶ</em></strong></span> <span class='ocrx_word' id='word_1_22' title='bbox 583 406 681 459; x_wconf 83' lang='grc' dir='ltr'><strong><em>τοῦ</em></strong></span> <span class='ocrx_word' id='word_1_23' title='bbox 713 406 953 475; x_wconf 78' lang='grc' dir='ltr'><em>Χριστοῦ</em></span> <span class='ocrx_word' id='word_1_24' title='bbox 983 409 1370 472; x_wconf 80' lang='grc' dir='ltr'><strong><em>θεσπίζοντος,</em></strong></span> <span class='ocrx_word' id='word_1_25' title='bbox 1412 396 1484 466; x_wconf 70' lang='grc' dir='ltr'><strong><em>ὥς</em></strong></span> <span class='ocrx_word' id='word_1_26' title='bbox 1514 399 1756 458; x_wconf 78' lang='grc' dir='ltr'><strong><em>ἀποστα-</em></strong></span> 
     </span>
     <span class='ocr_line' id='line_1_5' title="bbox 149 484 1758 560; baseline -0.001 -16"><span class='ocrx_word' id='word_1_27' title='bbox 149 488 458 560; x_wconf 88' lang='grc' dir='ltr'><strong><em>λησομένου</em></strong></span> <span class='ocrx_word' id='word_1_28' title='bbox 498 485 608 543; x_wconf 84' lang='grc' dir='ltr'><strong><em>ὑπὸ</em></strong></span> <span class='ocrx_word' id='word_1_29' title='bbox 648 493 746 544; x_wconf 85' lang='grc' dir='ltr'><strong><em>τοῦ</em></strong></span> <span class='ocrx_word' id='word_1_30' title='bbox 787 492 927 544; x_wconf 81' lang='grc' dir='ltr'><strong><em>θεοῦ</em></strong></span> <span class='ocrx_word' id='word_1_31' title='bbox 967 501 1080 552; x_wconf 82' lang='grc' dir='ltr'><strong><em>τοῖς</em></strong></span> <span class='ocrx_word' id='word_1_32' title='bbox 1119 484 1440 559; x_wconf 81' lang='grc' dir='ltr'><strong><em>ἀνθρώποις</em></strong></span> <span class='ocrx_word' id='word_1_33' title='bbox 1475 489 1758 558; x_wconf 83' lang='grc' dir='ltr'><strong><em>λυτρωτοῦ</em></strong></span> 
     </span>
     <span class='ocr_line' id='line_1_6' title="bbox 108 567 1758 644; baseline -0.001 -17"><span class='ocrx_word' id='word_1_34' title='bbox 108 573 243 628; x_wconf 87' lang='grc' dir='ltr'><strong><em>5καὶ</em></strong></span> <span class='ocrx_word' id='word_1_35' title='bbox 288 573 560 644; x_wconf 82' lang='grc' dir='ltr'><strong><em>σωτῆρος,</em></strong></span> <span class='ocrx_word' id='word_1_36' title='bbox 617 570 840 643; x_wconf 83' lang='grc' dir='ltr'><strong><em>ῆξυντός</em></strong></span> <span class='ocrx_word' id='word_1_37' title='bbox 888 593 947 627; x_wconf 88' lang='grc' dir='ltr'><strong><em>τε</em></strong></span> <span class='ocrx_word' id='word_1_38' title='bbox 993 572 1225 644; x_wconf 83' lang='grc' dir='ltr'><strong><em>κηρῦξαι</em></strong></span> <span class='ocrx_word' id='word_1_39' title='bbox 1276 584 1389 635; x_wconf 83' lang='grc' dir='ltr'><strong><em>τοῖς</em></strong></span> <span class='ocrx_word' id='word_1_40' title='bbox 1437 569 1532 635; x_wconf 77' lang='grc' dir='ltr'><strong><em>τὰς</em></strong></span> <span class='ocrx_word' id='word_1_41' title='bbox 1580 567 1758 642; x_wconf 76' lang='grc' dir='ltr'><strong><em>ψυχας</em></strong></span> 
     </span>
     <span class='ocr_line' id='line_1_7' title="bbox 151 652 1757 728; baseline -0.001 -17"><span class='ocrx_word' id='word_1_42' title='bbox 151 653 512 728; x_wconf 79' lang='grc' dir='ltr'><strong><em>αἰχμαλώτοις</em></strong></span> <span class='ocrx_word' id='word_1_43' title='bbox 552 652 755 727; x_wconf 73' lang='grc' dir='ltr'><strong><em>ἄφεσιν</em></strong></span> <span class='ocrx_word' id='word_1_44' title='bbox 804 656 895 711; x_wconf 87' lang='grc' dir='ltr'><strong><em>καὶ</em></strong></span> <span class='ocrx_word' id='word_1_45' title='bbox 935 668 1050 719; x_wconf 81' lang='grc' dir='ltr'><strong><em>τοῖς</em></strong></span> <span class='ocrx_word' id='word_1_46' title='bbox 1093 678 1188 720; x_wconf 89' lang='grc' dir='ltr'><strong><em>τας</em></strong></span> <span class='ocrx_word' id='word_1_47' title='bbox 1241 659 1487 720; x_wconf 81' lang='grc' dir='ltr'><strong><em>διανοίας</em></strong></span> <span class='ocrx_word' id='word_1_48' title='bbox 1526 661 1757 726; x_wconf 81' lang='grc' dir='ltr'><strong><em>τυφλοῖς</em></strong></span> 
     </span>
     <span class='ocr_line' id='line_1_8' title="bbox 150 736 1758 827; baseline -0.001 -32"><span class='ocrx_word' id='word_1_49' title='bbox 150 738 474 827; x_wconf 82' lang='grc' dir='ltr'><strong><em>αναβλεψιν.</em></strong></span> <span class='ocrx_word' id='word_1_50' title='bbox 546 743 628 796; x_wconf 82' lang='grc'><strong><em>29</em></strong></span> <span class='ocrx_word' id='word_1_51' title='bbox 688 743 884 796; x_wconf 85' lang='grc' dir='ltr'><strong><em>τοῦτον</em></strong></span> <span class='ocrx_word' id='word_1_52' title='bbox 927 763 1032 810; x_wconf 76' lang='grc' dir='ltr'><strong><em>γαρ</em></strong></span> <span class='ocrx_word' id='word_1_53' title='bbox 1078 737 1246 796; x_wconf 92' lang='grc' dir='ltr'><strong><em>παλιν</em></strong></span> <span class='ocrx_word' id='word_1_54' title='bbox 1288 736 1317 794; x_wconf 84' lang='grc' dir='ltr'>ὁ</span> <span class='ocrx_word' id='word_1_55' title='bbox 1362 736 1647 810; x_wconf 80' lang='grc' dir='ltr'><strong><em>προφήτης</em></strong></span> <span class='ocrx_word' id='word_1_56' title='bbox 1691 736 1758 794; x_wconf 83' lang='grc' dir='ltr'><strong><em>οὐ</em></strong></span> 
     </span>
     <span class='ocr_line' id='line_1_9' title="bbox 150 819 1869 899; baseline -0.003 -20"><span class='ocrx_word' id='word_1_57' title='bbox 150 824 435 899; x_wconf 76' lang='grc' dir='ltr'><strong><em>σκευαστςό</em></strong></span> <span class='ocrx_word' id='word_1_58' title='bbox 483 821 670 899; x_wconf 77' lang='grc' dir='ltr'><strong><em>μύρῳ,</em></strong></span> <span class='ocrx_word' id='word_1_59' title='bbox 725 819 866 879; x_wconf 90' lang='grc' dir='ltr'><strong><em>αλλα</em></strong></span> <span class='ocrx_word' id='word_1_60' title='bbox 913 825 991 898; x_wconf 75' lang='grc' dir='ltr'><strong><em>τῷ</em></strong></span> <span class='ocrx_word' id='word_1_61' title='bbox 1040 825 1134 894; x_wconf 86' lang='grc' dir='ltr'><strong><em>τῆς</em></strong></span> <span class='ocrx_word' id='word_1_62' title='bbox 1186 826 1450 894; x_wconf 82' lang='grc' dir='ltr'><strong><em>πατρικῆς</em></strong></span> <span class='ocrx_word' id='word_1_63' title='bbox 1493 820 1756 894; x_wconf 82' lang='grc' dir='ltr'><strong><em>θεότητος</em></strong></span> <span class='ocrx_word' id='word_1_64' title='bbox 1781 843 1869 885; x_wconf 77' lang='lat'>[112]</span> 
     </span>
    </p>

    <p class='ocr_par' dir='ltr' id='par_1_3' title="bbox 88 903 1756 982">
     <span class='ocr_line' id='line_1_10' title="bbox 88 903 1756 982; baseline -0.001 -18"><span class='ocrx_word' id='word_1_65' title='bbox 88 951 93 955; x_wconf 90' lang='lat'>-</span> <span class='ocrx_word' id='word_1_66' title='bbox 149 910 329 982; x_wconf 75' lang='grc' dir='ltr'><strong><em>νοητῷ</em></strong></span> <span class='ocrx_word' id='word_1_67' title='bbox 351 909 443 963; x_wconf 85' lang='grc' dir='ltr'><strong><em>καὶ</em></strong></span> <span class='ocrx_word' id='word_1_68' title='bbox 465 916 772 980; x_wconf 88' lang='grc' dir='ltr'><strong><em>θεοπρεπει</em></strong></span> <span class='ocrx_word' id='word_1_69' title='bbox 803 903 1044 980; x_wconf 79' lang='grc' dir='ltr'><strong><em>Χριστὸν</em></strong></span> <span class='ocrx_word' id='word_1_70' title='bbox 1075 909 1450 977; x_wconf 77' lang='grc' dir='ltr'><strong><em>γεγεννῆσθαι</em></strong></span> <span class='ocrx_word' id='word_1_71' title='bbox 1485 904 1756 978; x_wconf 87' lang='grc' dir='ltr'><strong><em>διδασκει,</em></strong></span> 
     </span>
    </p>

    <p class='ocr_par' dir='ltr' id='par_1_4' title="bbox 54 988 1870 1402">
     <span class='ocr_line' id='line_1_11' title="bbox 54 988 1756 1064; baseline 0.001 -20"><span class='ocrx_word' id='word_1_72' title='bbox 54 1013 67 1017; x_wconf 92' lang='grc'><em>·</em></span> <span class='ocrx_word' id='word_1_73' title='bbox 87 1013 129 1046; x_wconf 87' lang='lat'><strong><em>10</em></strong></span> <span class='ocrx_word' id='word_1_74' title='bbox 151 1014 254 1064; x_wconf 91' lang='grc' dir='ltr'><strong><em>ουχ</em></strong></span> <span class='ocrx_word' id='word_1_75' title='bbox 282 988 374 1047; x_wconf 82' lang='grc' dir='ltr'><strong><em>ὑπ’</em></strong></span> <span class='ocrx_word' id='word_1_76' title='bbox 405 989 753 1062; x_wconf 81' lang='grc' dir='ltr'><strong><em>ἀνθρώπων,</em></strong></span> <span class='ocrx_word' id='word_1_77' title='bbox 789 989 928 1046; x_wconf 78' lang='grc' dir='ltr'><strong><em>ἀλλὰ</em></strong></span> <span class='ocrx_word' id='word_1_78' title='bbox 954 992 1012 1046; x_wconf 83' lang='grc' dir='ltr'><strong><em>ἐκ</em></strong></span> <span class='ocrx_word' id='word_1_79' title='bbox 1029 992 1127 1046; x_wconf 83' lang='grc' dir='ltr'><strong><em>τοῦ</em></strong></span> <span class='ocrx_word' id='word_1_80' title='bbox 1151 989 1354 1060; x_wconf 86' lang='grc' dir='ltr'><strong><em>πατρὸς</em></strong></span> <span class='ocrx_word' id='word_1_81' title='bbox 1378 992 1756 1063; x_wconf 82' lang='grc' dir='ltr'><strong><em>κεχρισμένον.</em></strong></span> 
     </span>
     <span class='ocr_line' id='line_1_12' title="bbox 148 1066 1870 1147; baseline 0.001 -17"><span class='ocrx_word' id='word_1_82' title='bbox 148 1078 232 1132; x_wconf 85' lang='lat'><strong><em>30.</em></strong></span> <span class='ocrx_word' id='word_1_83' title='bbox 266 1075 413 1146; x_wconf 76' lang='grc' dir='ltr'><strong><em>λέγει</em></strong></span> <span class='ocrx_word' id='word_1_84' title='bbox 444 1070 492 1131; x_wconf 86' lang='grc' dir='ltr'><strong><em>δ’</em></strong></span> <span class='ocrx_word' id='word_1_85' title='bbox 523 1066 626 1131; x_wconf 73' lang='grc' dir='ltr'><strong><em>οὖν</em></strong></span> <span class='ocrx_word' id='word_1_86' title='bbox 658 1077 712 1142; x_wconf 81' lang='grc' dir='ltr'><strong><em>ἐξ</em></strong></span> <span class='ocrx_word' id='word_1_87' title='bbox 743 1073 916 1131; x_wconf 83' lang='grc' dir='ltr'><strong><em>αὐτοῦ</em></strong></span> <span class='ocrx_word' id='word_1_88' title='bbox 947 1071 1248 1147; x_wconf 76' lang='grc' dir='ltr'><strong><em>προσώπου</em></strong></span> <span class='ocrx_word' id='word_1_89' title='bbox 1272 1069 1527 1146; x_wconf 45' lang='grc' dir='ltr'><strong><em>((πνεῦμα</em></strong></span> <span class='ocrx_word' id='word_1_90' title='bbox 1559 1080 1756 1147; x_wconf 83' lang='grc' dir='ltr'><strong><em>κυρίου</em></strong></span> <span class='ocrx_word' id='word_1_91' title='bbox 1777 1100 1870 1142; x_wconf 77' lang='lat'>(176)</span> 
     </span>
     <span class='ocr_line' id='line_1_13' title="bbox 153 1149 1759 1232; baseline 0 -17"><span class='ocrx_word' id='word_1_92' title='bbox 153 1155 230 1216; x_wconf 85' lang='grc' dir='ltr'><strong><em>ἐπ’</em></strong></span> <span class='ocrx_word' id='word_1_93' title='bbox 268 1159 386 1231; x_wconf 73' lang='grc' dir='ltr'><strong><em>ἐμὲ,</em></strong></span> <span class='ocrx_word' id='word_1_94' title='bbox 418 1149 486 1215; x_wconf 81' lang='grc' dir='ltr'><strong><em>οὗ</em></strong></span> <span class='ocrx_word' id='word_1_95' title='bbox 517 1163 730 1216; x_wconf 84' lang='grc' dir='ltr'><strong><em>εἵνεκεν</em></strong></span> <span class='ocrx_word' id='word_1_96' title='bbox 763 1159 947 1232; x_wconf 83' lang='grc' dir='ltr'><strong><em>ἔχρισέ</em></strong></span> <span class='ocrx_word' id='word_1_97' title='bbox 971 1181 1053 1230; x_wconf 92' lang='grc' dir='ltr'><strong><em>με.</em></strong></span> <span class='ocrx_word' id='word_1_98' title='bbox 1119 1154 1587 1230; x_wconf 79' lang='grc' dir='ltr'><strong><em>εὐαγγελίσασθαι</em></strong></span> <span class='ocrx_word' id='word_1_99' title='bbox 1619 1180 1759 1215; x_wconf 87' lang='grc' dir='ltr'><strong><em>πτω-</em></strong></span> 
     </span>
     <span class='ocr_line' id='line_1_14' title="bbox 151 1239 1758 1317; baseline -0.001 -17"><span class='ocrx_word' id='word_1_100' title='bbox 151 1256 266 1316; x_wconf 78' lang='grc' dir='ltr'><strong><em>χοῖς</em></strong></span> <span class='ocrx_word' id='word_1_101' title='bbox 319 1239 629 1299; x_wconf 75' lang='grc' dir='ltr'><strong><em>ἄπέσταλκέ</em></strong></span> <span class='ocrx_word' id='word_1_102' title='bbox 682 1266 780 1316; x_wconf 91' lang='grc' dir='ltr'><strong><em>με,</em></strong></span> <span class='ocrx_word' id='word_1_103' title='bbox 835 1245 1067 1317; x_wconf 81' lang='grc' dir='ltr'><strong><em>κηρῦξαι</em></strong></span> <span class='ocrx_word' id='word_1_104' title='bbox 1121 1240 1483 1315; x_wconf 83' lang='grc' dir='ltr'><strong><em>αἰχμαλώτοις</em></strong></span> <span class='ocrx_word' id='word_1_105' title='bbox 1537 1239 1758 1313; x_wconf 74' lang='grc' dir='ltr'><strong><em>ἄφεσιν,</em></strong></span> 
     </span>
     <span class='ocr_line' id='line_1_15' title="bbox 156 1324 1760 1402; baseline 0.001 -20"><span class='ocrx_word' id='word_1_106' title='bbox 156 1325 421 1383; x_wconf 74' lang='grc' dir='ltr'><strong><em>ἰάσασθαι</em></strong></span> <span class='ocrx_word' id='word_1_107' title='bbox 454 1325 582 1393; x_wconf 81' lang='grc' dir='ltr'><strong><em>τοὺς</em></strong></span> <span class='ocrx_word' id='word_1_108' title='bbox 609 1328 1106 1402; x_wconf 84' lang='grc' dir='ltr'><strong><em>συντετριμμένους</em></strong></span> <span class='ocrx_word' id='word_1_109' title='bbox 1139 1324 1242 1398; x_wconf 75' lang='grc' dir='ltr'><strong><em>τὴν</em></strong></span> <span class='ocrx_word' id='word_1_110' title='bbox 1274 1331 1511 1401; x_wconf 84' lang='grc' dir='ltr'><strong><em>καρδίαν</em></strong></span> <span class='ocrx_word' id='word_1_111' title='bbox 1543 1329 1633 1383; x_wconf 88' lang='grc' dir='ltr'><strong><em>καὶ</em></strong></span> <span class='ocrx_word' id='word_1_112' title='bbox 1667 1351 1760 1384; x_wconf 90' lang='grc' dir='ltr'><strong><em>τυ-</em></strong></span> 
     </span>
    </p>

    <p class='ocr_par' dir='ltr' id='par_1_5' title="bbox 89 1406 702 1483">
     <span class='ocr_line' id='line_1_16' title="bbox 89 1406 702 1483; baseline 0.003 -20"><span class='ocrx_word' id='word_1_113' title='bbox 89 1431 130 1464; x_wconf 82' lang='lat'><strong><em>15</em></strong></span> <span class='ocrx_word' id='word_1_114' title='bbox 156 1418 316 1483; x_wconf 85' lang='grc' dir='ltr'><strong><em>φλοῖς</em></strong></span> <span class='ocrx_word' id='word_1_115' title='bbox 347 1406 702 1481; x_wconf 75' lang='grc' dir='ltr'><strong><em>ἄναβλεψιν.”</em></strong></span> 
     </span>
    </p>

    <p class='ocr_par' dir='ltr' id='par_1_6' title="bbox 146 1485 1763 1821">
     <span class='ocr_line' id='line_1_17' title="bbox 276 1485 1763 1567; baseline 0.001 -18"><span class='ocrx_word' id='word_1_116' title='bbox 276 1498 359 1550; x_wconf 82' lang='grc'><strong><em>31.</em></strong></span> <span class='ocrx_word' id='word_1_117' title='bbox 417 1498 591 1551; x_wconf 85' lang='grc' dir='ltr'><strong><em>Τοῦτο</em></strong></span> <span class='ocrx_word' id='word_1_118' title='bbox 630 1495 731 1566; x_wconf 75' lang='grc' dir='ltr'><strong><em>μὲν</em></strong></span> <span class='ocrx_word' id='word_1_119' title='bbox 761 1485 863 1551; x_wconf 70' lang='grc' dir='ltr'><strong><em>οὖν</em></strong></span> <span class='ocrx_word' id='word_1_120' title='bbox 902 1495 1122 1567; x_wconf 79' lang='grc' dir='ltr'><strong><em>πρώτον</em></strong></span> <span class='ocrx_word' id='word_1_121' title='bbox 1161 1492 1514 1566; x_wconf 84' lang='grc' dir='ltr'><strong><em>τετηρήσθω,</em></strong></span> <span class='ocrx_word' id='word_1_122' title='bbox 1558 1490 1631 1560; x_wconf 75' lang='grc' dir='ltr'><strong><em>ὧς</em></strong></span> <span class='ocrx_word' id='word_1_123' title='bbox 1670 1496 1763 1550; x_wconf 84' lang='grc' dir='ltr'><strong><em>καὶ</em></strong></span> 
     </span>
     <span class='ocr_line' id='line_1_18' title="bbox 146 1574 1762 1653; baseline -0.001 -18"><span class='ocrx_word' id='word_1_124' title='bbox 146 1574 376 1644; x_wconf 58' lang='grc' dir='ltr'><strong><em>οΗσαΐας</em></strong></span> <span class='ocrx_word' id='word_1_125' title='bbox 405 1583 481 1653; x_wconf 77' lang='grc' dir='ltr'><strong><em>τῷ</em></strong></span> <span class='ocrx_word' id='word_1_126' title='bbox 514 1580 703 1649; x_wconf 88' lang='grc' dir='ltr'><strong><em>Δαβὶδ</em></strong></span> <span class='ocrx_word' id='word_1_127' title='bbox 733 1583 1128 1651; x_wconf 86' lang='grc' dir='ltr'><strong><em>παραπλησίως</em></strong></span> <span class='ocrx_word' id='word_1_128' title='bbox 1158 1574 1225 1633; x_wconf 75' lang='grc' dir='ltr'><strong><em>ὃν</em></strong></span> <span class='ocrx_word' id='word_1_129' title='bbox 1254 1576 1406 1648; x_wconf 79' lang='grc' dir='ltr'><strong><em>ἥξειν</em></strong></span> <span class='ocrx_word' id='word_1_130' title='bbox 1446 1584 1654 1649; x_wconf 82' lang='grc' dir='ltr'><strong><em>ἔφησεν</em></strong></span> <span class='ocrx_word' id='word_1_131' title='bbox 1686 1583 1762 1642; x_wconf 83' lang='grc' dir='ltr'><strong><em>εἰς</em></strong></span> 
     </span>
     <span class='ocr_line' id='line_1_19' title="bbox 153 1658 1762 1736; baseline 0 -18"><span class='ocrx_word' id='word_1_132' title='bbox 153 1660 489 1736; x_wconf 77' lang='grc' dir='ltr'><strong><em>ἀνθρώπους</em></strong></span> <span class='ocrx_word' id='word_1_133' title='bbox 520 1664 612 1718; x_wconf 87' lang='grc' dir='ltr'><strong><em>καὶ</em></strong></span> <span class='ocrx_word' id='word_1_134' title='bbox 642 1665 873 1735; x_wconf 83' lang='grc' dir='ltr'><strong><em>κηρῦξαι</em></strong></span> <span class='ocrx_word' id='word_1_135' title='bbox 904 1659 1264 1734; x_wconf 87' lang='grc' dir='ltr'><strong><em>αἰχμαλώτοις</em></strong></span> <span class='ocrx_word' id='word_1_136' title='bbox 1304 1658 1507 1733; x_wconf 72' lang='grc' dir='ltr'><strong><em>ἄφεσιν</em></strong></span> <span class='ocrx_word' id='word_1_137' title='bbox 1539 1663 1628 1717; x_wconf 84' lang='grc' dir='ltr'><strong><em>καὶ</em></strong></span> <span class='ocrx_word' id='word_1_138' title='bbox 1663 1685 1762 1718; x_wconf 87' lang='grc' dir='ltr'><strong><em>τυ-</em></strong></span> 
     </span>
     <span class='ocr_line' id='line_1_20' title="bbox 153 1742 1761 1821; baseline -0.001 -19"><span class='ocrx_word' id='word_1_139' title='bbox 153 1754 314 1818; x_wconf 80' lang='grc' dir='ltr'><strong><em>φλοῖς</em></strong></span> <span class='ocrx_word' id='word_1_140' title='bbox 344 1744 672 1817; x_wconf 80' lang='grc' dir='ltr'><strong><em>ἀνάβλεψιν,</em></strong></span> <span class='ocrx_word' id='word_1_141' title='bbox 712 1744 779 1802; x_wconf 80' lang='grc' dir='ltr'><strong><em>οὐ</em></strong></span> <span class='ocrx_word' id='word_1_142' title='bbox 822 1749 1106 1821; x_wconf 80' lang='grc' dir='ltr'><strong><em>σκευαστςό</em></strong></span> <span class='ocrx_word' id='word_1_143' title='bbox 1148 1742 1333 1821; x_wconf 75' lang='grc' dir='ltr'><strong><em>μύρῳ,</em></strong></span> <span class='ocrx_word' id='word_1_144' title='bbox 1376 1743 1515 1802; x_wconf 76' lang='grc' dir='ltr'><strong><em>ἄλλα</em></strong></span> <span class='ocrx_word' id='word_1_145' title='bbox 1554 1747 1631 1821; x_wconf 74' lang='grc' dir='ltr'><strong><em>τῷ</em></strong></span> <span class='ocrx_word' id='word_1_146' title='bbox 1667 1750 1761 1817; x_wconf 86' lang='grc' dir='ltr'><strong><em>τῆς</em></strong></span> 
     </span>
    </p>

    <p class='ocr_par' dir='ltr' id='par_1_7' title="bbox 89 1827 1808 2239">
     <span class='ocr_line' id='line_1_21' title="bbox 89 1827 1808 1903; baseline 0.003 -21"><span class='ocrx_word' id='word_1_147' title='bbox 89 1851 131 1884; x_wconf 84' lang='lat'><strong><em>20</em></strong></span> <span class='ocrx_word' id='word_1_148' title='bbox 154 1828 461 1902; x_wconf 82' lang='grc' dir='ltr'><strong><em>ἆγεννήτου</em></strong></span> <span class='ocrx_word' id='word_1_149' title='bbox 507 1833 775 1903; x_wconf 78' lang='grc' dir='ltr'><strong><em>πατρικῆς</em></strong></span> <span class='ocrx_word' id='word_1_150' title='bbox 826 1854 884 1887; x_wconf 87' lang='grc' dir='ltr'><strong><em>τε</em></strong></span> <span class='ocrx_word' id='word_1_151' title='bbox 932 1832 1024 1886; x_wconf 87' lang='grc' dir='ltr'><strong><em>καὶ</em></strong></span> <span class='ocrx_word' id='word_1_152' title='bbox 1083 1827 1417 1900; x_wconf 78' lang='grc' dir='ltr'><strong><em>παναγαθου</em></strong></span> <span class='ocrx_word' id='word_1_153' title='bbox 1473 1827 1808 1902; x_wconf 68' lang='grc' dir='ltr'><strong><em>δυνάμεωςι)</em></strong></span> 
     </span>
     <span class='ocr_line' id='line_1_22' title="bbox 153 1911 1762 1987; baseline -0.001 -16"><span class='ocrx_word' id='word_1_154' title='bbox 153 1912 394 1987; x_wconf 82' lang='grc' dir='ltr'><strong><em>Χριστὸν</em></strong></span> <span class='ocrx_word' id='word_1_155' title='bbox 423 1915 710 1986; x_wconf 75' lang='grc' dir='ltr'><strong><em>γεγονέναι</em></strong></span> <span class='ocrx_word' id='word_1_156' title='bbox 739 1919 1006 1982; x_wconf 80' lang='grc' dir='ltr'><strong><em>θεσπίζει.</em></strong></span> <span class='ocrx_word' id='word_1_157' title='bbox 1053 1911 1191 1970; x_wconf 77' lang='grc' dir='ltr'><strong><em>κατά</em></strong></span> <span class='ocrx_word' id='word_1_158' title='bbox 1212 1937 1336 1970; x_wconf 86' lang='grc' dir='ltr'><strong><em>τινα</em></strong></span> <span class='ocrx_word' id='word_1_159' title='bbox 1369 1913 1430 1969; x_wconf 76' lang='grc' dir='ltr'><strong><em>δὲ</em></strong></span> <span class='ocrx_word' id='word_1_160' title='bbox 1452 1911 1762 1985; x_wconf 84' lang='grc' dir='ltr'><strong><em>συνήθειαν</em></strong></span> 
     </span>
     <span class='ocr_line' id='line_1_23' title="bbox 154 1993 1762 2072; baseline 0 -18"><span class='ocrx_word' id='word_1_161' title='bbox 154 1996 504 2071; x_wconf 87' lang='grc' dir='ltr'><strong><em>προφητικὴν</em></strong></span> <span class='ocrx_word' id='word_1_162' title='bbox 542 1997 602 2054; x_wconf 88' lang='grc' dir='ltr'><strong><em>τὸ</em></strong></span> <span class='ocrx_word' id='word_1_163' title='bbox 641 1999 842 2071; x_wconf 89' lang='grc' dir='ltr'><strong><em>μέλλον</em></strong></span> <span class='ocrx_word' id='word_1_164' title='bbox 893 1993 921 2054; x_wconf 84' lang='grc' dir='ltr'>ὁ</span> <span class='ocrx_word' id='word_1_165' title='bbox 972 1995 1258 2070; x_wconf 84' lang='grc' dir='ltr'><strong><em>προφήτης</em></strong></span> <span class='ocrx_word' id='word_1_166' title='bbox 1313 1995 1386 2062; x_wconf 76' lang='grc' dir='ltr'><strong><em>ὡς</em></strong></span> <span class='ocrx_word' id='word_1_167' title='bbox 1437 1997 1762 2072; x_wconf 79' lang='grc' dir='ltr'><strong><em>παρῳχηκός</em></strong></span> 
     </span>
     <span class='ocr_line' id='line_1_24' title="bbox 153 2080 1763 2181; baseline 0 -43"><span class='ocrx_word' id='word_1_168' title='bbox 153 2096 444 2154; x_wconf 88' lang='grc' dir='ltr'><strong><em>αναφωνει</em></strong></span> <span class='ocrx_word' id='word_1_169' title='bbox 489 2084 580 2138; x_wconf 86' lang='grc' dir='ltr'><strong><em>καὶ</em></strong></span> <span class='ocrx_word' id='word_1_170' title='bbox 633 2106 706 2149; x_wconf 89' lang='grc' dir='ltr'><strong><em>ως</em></strong></span> <span class='ocrx_word' id='word_1_171' title='bbox 746 2083 873 2157; x_wconf 83' lang='grc' dir='ltr'><strong><em>περὶ</em></strong></span> <span class='ocrx_word' id='word_1_172' title='bbox 917 2083 1118 2138; x_wconf 84' lang='grc' dir='ltr'><strong><em>ἑαυτοῦ</em></strong></span> <span class='ocrx_word' id='word_1_173' title='bbox 1175 2084 1273 2138; x_wconf 85' lang='grc' dir='ltr'><strong><em>τοῦ</em></strong></span> <span class='ocrx_word' id='word_1_174' title='bbox 1317 2080 1763 2181; x_wconf 87' lang='grc' dir='ltr'><strong><em>προφητεύοντος</em></strong></span> 
     </span>
     <span class='ocr_line' id='line_1_25' title="bbox 156 2171 331 2239; baseline 0.006 -16"><span class='ocrx_word' id='word_1_175' title='bbox 156 2171 331 2239; x_wconf 81' lang='grc' dir='ltr'><strong><em>δηλοῖ.</em></strong></span> 
     </span>
    </p>

    <p class='ocr_par' dir='ltr' id='par_1_8' title="bbox 91 2242 1763 2660">
     <span class='ocr_line' id='line_1_26' title="bbox 91 2242 1762 2322; baseline 0.002 -20"><span class='ocrx_word' id='word_1_176' title='bbox 91 2268 133 2302; x_wconf 81' lang='lat'><strong><em>25</em></strong></span> <span class='ocrx_word' id='word_1_177' title='bbox 282 2254 364 2306; x_wconf 79' lang='grc'><strong><em>32.</em></strong></span> <span class='ocrx_word' id='word_1_178' title='bbox 407 2251 553 2315; x_wconf 89' lang='grc' dir='ltr'><strong><em>Τέως</em></strong></span> <span class='ocrx_word' id='word_1_179' title='bbox 582 2274 684 2322; x_wconf 89' lang='grc' dir='ltr'><strong><em>μεν</em></strong></span> <span class='ocrx_word' id='word_1_180' title='bbox 713 2242 816 2307; x_wconf 76' lang='grc' dir='ltr'><strong><em>οὖν</em></strong></span> <span class='ocrx_word' id='word_1_181' title='bbox 844 2247 954 2307; x_wconf 81' lang='grc' dir='ltr'><strong><em>ὑπὸ</em></strong></span> <span class='ocrx_word' id='word_1_182' title='bbox 970 2253 1128 2320; x_wconf 83' lang='grc' dir='ltr'><strong><em>θεοῦ,</em></strong></span> <span class='ocrx_word' id='word_1_183' title='bbox 1153 2245 1267 2306; x_wconf 87' lang='grc' dir='ltr'><strong><em>αλλ</em></strong></span> <span class='ocrx_word' id='word_1_184' title='bbox 1293 2246 1394 2321; x_wconf 82' lang='grc' dir='ltr'><strong><em>οὐχ</em></strong></span> <span class='ocrx_word' id='word_1_185' title='bbox 1417 2245 1505 2306; x_wconf 81' lang='grc' dir='ltr'><strong><em>υπ’</em></strong></span> <span class='ocrx_word' id='word_1_186' title='bbox 1534 2246 1762 2322; x_wconf 79' lang='grc' dir='ltr'><strong><em>ἀνθρώ-</em></strong></span> 
     </span>
     <span class='ocr_line' id='line_1_27' title="bbox 155 2330 1760 2411; baseline -0.002 -21"><span class='ocrx_word' id='word_1_187' title='bbox 155 2356 297 2405; x_wconf 86' lang='grc' dir='ltr'><strong><em>πων,</em></strong></span> <span class='ocrx_word' id='word_1_188' title='bbox 338 2335 430 2390; x_wconf 87' lang='grc' dir='ltr'><strong><em>καὶ</em></strong></span> <span class='ocrx_word' id='word_1_189' title='bbox 468 2332 740 2407; x_wconf 83' lang='grc' dir='ltr'><strong><em>πνεύματι</em></strong></span> <span class='ocrx_word' id='word_1_190' title='bbox 779 2340 950 2411; x_wconf 79' lang='grc' dir='ltr'><strong><em>θείῳ,</em></strong></span> <span class='ocrx_word' id='word_1_191' title='bbox 992 2330 1112 2390; x_wconf 78' lang='grc' dir='ltr'><strong><em>ἄλλ’</em></strong></span> <span class='ocrx_word' id='word_1_192' title='bbox 1159 2331 1225 2390; x_wconf 83' lang='grc' dir='ltr'><strong><em>οὐ</em></strong></span> <span class='ocrx_word' id='word_1_193' title='bbox 1270 2338 1554 2408; x_wconf 79' lang='grc' dir='ltr'><strong><em>σκευαστςό</em></strong></span> <span class='ocrx_word' id='word_1_194' title='bbox 1597 2336 1760 2406; x_wconf 80' lang='grc' dir='ltr'><strong><em>ἐλαίῳ</em></strong></span> 
     </span>
     <span class='ocr_line' id='line_1_28' title="bbox 156 2414 1761 2491; baseline -0.002 -17"><span class='ocrx_word' id='word_1_195' title='bbox 156 2418 502 2491; x_wconf 80' lang='grc' dir='ltr'><strong><em>χρωμένους,</em></strong></span> <span class='ocrx_word' id='word_1_196' title='bbox 553 2418 681 2484; x_wconf 80' lang='grc' dir='ltr'><strong><em>τοὺς</em></strong></span> <span class='ocrx_word' id='word_1_197' title='bbox 727 2418 862 2475; x_wconf 83' lang='grc' dir='ltr'><strong><em>κατὰ</em></strong></span> <span class='ocrx_word' id='word_1_198' title='bbox 900 2416 998 2475; x_wconf 85' lang='grc' dir='ltr'><strong><em>τὸν</em></strong></span> <span class='ocrx_word' id='word_1_199' title='bbox 1047 2414 1232 2490; x_wconf 79' lang='grc' dir='ltr'><strong><em>ἀληθῆ</em></strong></span> <span class='ocrx_word' id='word_1_200' title='bbox 1283 2415 1449 2488; x_wconf 83' lang='grc' dir='ltr'><strong><em>λόγον</em></strong></span> <span class='ocrx_word' id='word_1_201' title='bbox 1490 2415 1761 2489; x_wconf 83' lang='grc' dir='ltr'><strong><em>Χριστοὺς</em></strong></span> 
     </span>
     <span class='ocr_line' id='line_1_29' title="bbox 155 2496 1762 2575; baseline -0.001 -19"><span class='ocrx_word' id='word_1_202' title='bbox 155 2498 586 2574; x_wconf 83' lang='grc' dir='ltr'><strong><em>ὀνομαζομένους</em></strong></span> <span class='ocrx_word' id='word_1_203' title='bbox 618 2508 880 2575; x_wconf 78' lang='grc' dir='ltr'><strong><em>ἔγνωμεν.</em></strong></span> <span class='ocrx_word' id='word_1_204' title='bbox 935 2506 1018 2558; x_wconf 77' lang='lat'><strong><em>33.</em></strong></span> <span class='ocrx_word' id='word_1_205' title='bbox 1065 2500 1252 2573; x_wconf 85' lang='grc' dir='ltr'><strong><em>καιρὸς</em></strong></span> <span class='ocrx_word' id='word_1_206' title='bbox 1285 2502 1345 2556; x_wconf 76' lang='grc' dir='ltr'><strong><em>δὲ</em></strong></span> <span class='ocrx_word' id='word_1_207' title='bbox 1385 2505 1640 2557; x_wconf 80' lang='grc' dir='ltr'><strong><em>συνιδεῖν</em></strong></span> <span class='ocrx_word' id='word_1_208' title='bbox 1678 2496 1762 2555; x_wconf 81' lang='grc' dir='ltr'><strong><em>ὅτι</em></strong></span> 
     </span>
     <span class='ocr_line' id='line_1_30' title="bbox 157 2580 1763 2660; baseline 0 -21"><span class='ocrx_word' id='word_1_209' title='bbox 157 2585 249 2639; x_wconf 83' lang='grc' dir='ltr'><strong><em>καὶ</em></strong></span> <span class='ocrx_word' id='word_1_210' title='bbox 278 2591 445 2642; x_wconf 81' lang='grc' dir='ltr'><strong><em>θείαν</em></strong></span> <span class='ocrx_word' id='word_1_211' title='bbox 473 2585 597 2643; x_wconf 80' lang='grc' dir='ltr'><strong><em>τινὰ</em></strong></span> <span class='ocrx_word' id='word_1_212' title='bbox 631 2584 870 2659; x_wconf 85' lang='grc' dir='ltr'><strong><em>δύναμιν</em></strong></span> <span class='ocrx_word' id='word_1_213' title='bbox 900 2591 1186 2660; x_wconf 85' lang='grc' dir='ltr'><strong><em>κρείττονα</em></strong></span> <span class='ocrx_word' id='word_1_214' title='bbox 1216 2580 1249 2656; x_wconf 81' lang='grc' dir='ltr'>ἢ</span> <span class='ocrx_word' id='word_1_215' title='bbox 1288 2581 1408 2639; x_wconf 86' lang='grc' dir='ltr'><strong><em>κατ’</em></strong></span> <span class='ocrx_word' id='word_1_216' title='bbox 1455 2581 1763 2653; x_wconf 81' lang='grc' dir='ltr'><strong><em>ἀνθρώπου</em></strong></span> 
     </span>
    </p>

    <p class='ocr_par' dir='ltr' id='par_1_9' title="bbox 93 2664 1755 2743">
     <span class='ocr_line' id='line_1_31' title="bbox 93 2664 1755 2743; baseline 0 -21"><span class='ocrx_word' id='word_1_217' title='bbox 93 2688 134 2722; x_wconf 85' lang='lat'><strong><em>30</em></strong></span> <span class='ocrx_word' id='word_1_218' title='bbox 156 2665 330 2739; x_wconf 84' lang='grc' dir='ltr'><strong><em>φύσιν</em></strong></span> <span class='ocrx_word' id='word_1_219' title='bbox 358 2667 454 2724; x_wconf 85' lang='grc' dir='ltr'><strong><em>τὸν</em></strong></span> <span class='ocrx_word' id='word_1_220' title='bbox 483 2666 667 2742; x_wconf 76' lang='grc' dir='ltr'><strong><em>ἀληθῆ</em></strong></span> <span class='ocrx_word' id='word_1_221' title='bbox 698 2668 940 2743; x_wconf 84' lang='grc' dir='ltr'><strong><em>Χριστὸν</em></strong></span> <span class='ocrx_word' id='word_1_222' title='bbox 969 2674 1067 2726; x_wconf 83' lang='grc' dir='ltr'><strong><em>τοῦ</em></strong></span> <span class='ocrx_word' id='word_1_223' title='bbox 1089 2669 1232 2726; x_wconf 78' lang='grc' dir='ltr'><strong><em>θεοῦ</em></strong></span> <span class='ocrx_word' id='word_1_224' title='bbox 1253 2664 1549 2739; x_wconf 79' lang='grc' dir='ltr'><strong><em>τυγχάνειν</em></strong></span> <span class='ocrx_word' id='word_1_225' title='bbox 1572 2664 1599 2722; x_wconf 85' lang='grc' dir='ltr'><em>ὅ</em></span> <span class='ocrx_word' id='word_1_226' title='bbox 1625 2664 1755 2741; x_wconf 87' lang='grc' dir='ltr'><strong><em>παρ’</em></strong></span> 
     </span>
    </p>
   </div>
   <div class='ocr_carea' id='block_1_3' title="bbox 158 2791 494 2797">
    <p class='ocr_par' dir='ltr' id='par_1_10' title="bbox 158 2791 494 2797">
     <span class='ocr_line' id='line_1_32' title="bbox 158 2791 494 2797; baseline 0 0"><span class='ocrx_word' id='word_1_227' title='bbox 158 2791 494 2797; x_wconf 95' lang='lat' dir='ltr'><strong><em> </em></strong></span> 
     </span>
    </p>
   </div>
   <div class='ocr_carea' id='block_1_4' title="bbox 275 2861 935 2911">
    <p class='ocr_par' dir='ltr' id='par_1_11' title="bbox 275 2861 935 2911">
     <span class='ocr_line' id='line_1_33' title="bbox 275 2861 935 2911; baseline -0.002 -11"><span class='ocrx_word' id='word_1_228' title='bbox 275 2862 296 2900; x_wconf 84' lang='lat'>7</span> <span class='ocrx_word' id='word_1_229' title='bbox 329 2861 405 2902; x_wconf 79' lang='lat' dir='ltr'><strong><em>Es.</em></strong></span> <span class='ocrx_word' id='word_1_230' title='bbox 429 2862 497 2911; x_wconf 85' lang='lat'><strong><em>61,</em></strong></span> <span class='ocrx_word' id='word_1_231' title='bbox 524 2862 562 2901; x_wconf 91' lang='lat'><strong><em>1.</em></strong></span> <span class='ocrx_word' id='word_1_232' title='bbox 738 2863 786 2902; x_wconf 85' lang='lat'><strong><em>11</em></strong></span> <span class='ocrx_word' id='word_1_233' title='bbox 818 2861 935 2902; x_wconf 84' lang='lat' dir='ltr'><strong>Ibid.</strong></span> 
     </span>
    </p>
   </div>
  </div>
 </body>
</html>
