1992 3186
263 95 368 148 650
579 94 585 112 ¹
938 77 1186 136 EU'SEBII

263 215 422 285 μένες
459 210 599 268 καθ’
633 215 732 269 ἕνα
772 207 969 285 καιρὸν
1007 207 1105 266 τὸν
1149 211 1238 266 ἐπὶ
1275 213 1374 267 τοῦ
1413 214 1657 286 σωτῆρος
1696 210 1872 286 ἡμῶν,

265 295 318 370 (ὅ
347 320 406 354 τε
435 295 539 369 γὰρ
582 294 844 367 βασιλεὺς
884 291 1217 368 παρανόμως
1249 292 1433 352 αὐτῶν
1462 294 1676 369 ἡγεῖτο,
1708 295 1874 355 ἀλλό-

263 379 439 454 φυλός
468 404 548 446 τις
581 375 660 437 ω“ν
690 382 783 436 καὶ
812 377 916 436 οὐκ
945 385 1146 445 οἰκεῖος
1169 379 1271 435 τοῦ
1292 383 1521 447 ἔθνους
1554 379 1584 437 ὅ
1606 403 1665 438 τε
1694 379 1876 456 ἄρχιε·

263 463 393 538 ρεύς
431 455 543 520 υπὸ
565 462 848 536 Ρωμαίων
887 461 1332 535 παραγενόμενος
1368 465 1454 520 ἐπὶ
1494 463 1596 537 τὴν
1625 473 1876 541 λειτουρ-

261 555 424 620 γίαν,
465 545 531 605 οὐ
571 572 709 605 κατα
749 547 850 620 τὴν
891 551 990 605 τοῦ
1029 549 1225 620 γένους
1258 547 1527 620 διαδοχὴν
1573 547 1707 606 οὐδὲ
1737 575 1871 608 κατα
1895 575 1916 608 5

259 631 388 698 τοὺς
433 631 698 706 ἐννόμους
737 635 985 706 θεσμοὺς
1027 634 1115 688 ἐπὶ
1147 629 1250 704 τὴν
1287 629 1452 705 τιμὴν
1486 631 1711 708 παρῄει·
1758 633 1787 691 ὅ
1817 659 1876 694 τε

218 742 237 773 ι)
261 715 548 791 προφήτης
579 720 766 791 μέχρις
792 714 1056 775 Ἰωάννου
1087 714 1440 790 παυσάμενος
1470 715 1655 774 οὐκέτι
1689 720 1750 775 ἐν
1779 715 1876 776 αὖ·

259 815 373 867 τοῖς
406 800 644 874 ἐνήργει,
677 799 801 859 ἀντὶ
830 802 890 858 δὲ
911 800 1115 858 τούτου
1139 799 1604 875 ψευδοπροφήτης
1635 826 1716 870 τις
1746 801 1878 860 ἀσε-

262 884 364 958 βὴς
389 888 480 942 καὶ
505 890 735 943 πλανῶν
758 885 855 944 τὸν
877 884 1038 955 λαὸν)
1065 883 1285 952 εἰκότως
1309 884 1375 942 τά
1399 891 1526 957 τρία
1548 893 1875 960 χαρίσματα,

260 969 430 1027 πάλαι
461 969 731 1045 πρότερον
761 966 902 1045 ὑπὲρ
934 969 1113 1028 πάντα
1154 969 1361 1042 κόσμον
1391 966 1642 1045 εὐπρεπῆ
1671 969 1731 1028 τό
1762 977 1876 1034 πᾶν
1899 998 1939 1030 10

260 1060 426 1122 ἔθνος
458 1059 800 1128 κοσμοῦντα,
832 1053 1212 1154 περιαιρήσειν
1233 1051 1335 1126 ὑφ’
1369 1057 1469 1112 ἕνα
1498 1054 1693 1130 καιρὸν
1722 1054 1877 1114 ἄπει-

260 1147 349 1196 λεῖ
384 1139 610 1211 λέγων“
614 1138 728 1197 καὶ
770 1143 942 1213 ἐξαρῶ
981 1137 1110 1204 τούς
1149 1153 1296 1237 τρεῖς
1337 1141 1602 1245 ποιμένας
1643 1142 1703 1197 ἐν
1741 1142 1875 1212 μηνὶ

263 1225 375 1294 ἐνὶ,
408 1226 500 1280 καὶ
532 1222 951 1298 βαρυνθήσεται
981 1220 1013 1296 ἡ
1046 1221 1196 1296 ψυχή
1225 1247 1332 1295 μου
1366 1222 1446 1280 ἐπ’
1485 1222 1703 1291 αὐτούς.
1709 1222 1740 1243 ”
1786 1229 1872 1284 25.

259 1304 394 1364 ἄνθ’
429 1300 495 1365 οὗ
525 1305 554 1365 ὁ
585 1333 686 1381 μεν
708 1306 940 1374 Ἀκύλας
971 1310 1109 1380 φησὶ
1131 1303 1263 1364 “noel
1295 1306 1618 1380 ἐκολοβωθη
1662 1304 1695 1381 ἡ
1728 1307 1877 1382 ψυχή

718 1389 766 1416 ‚22
823 1391 851 1448 ὁ

260 1416 367 1464 μου
414 1395 474 1450 ἐν
514 1390 702 1459 αυτοῖς
897 1393 957 1449 δε
989 1390 1340 1500 Σύμμαχος“
1347 1394 1440 1449 καὶ
1482 1389 1875 1467 ωλιγοψύχησα
1898 1419 1940 1451 15

262 1480 322 1532 ἐν
338 1491 549 1542 αυτοις
539 1474 588 1502 ”
621 1473 650 1534 ὃ
678 1477 738 1533 δε
755 1472 1112 1534 Θεοδοτίων“
1121 1478 1212 1532 καὶ
1231 1474 1652 1550 ὠλιγοψύχησεν
1674 1473 1707 1550 ἦ
1726 1476 1875 1552 ψυχή

220 1597 236 1618 e
259 1585 366 1633 μου
399 1558 486 1618 ἐπ’
520 1558 780 1628 αὐτούς.”
851 1564 943 1618 καὶ
973 1559 1033 1618 τὸ
1076 1560 1255 1618 αἴτιόν
1294 1585 1358 1634 γε
1390 1564 1486 1634 τῆς
1515 1560 1875 1635 ὀλιγοψυχίας

262 1643 514 1702 διδάσκει
547 1644 851 1718 ἐπιλέγων“
857 1641 971 1703 ‘acal
1000 1670 1105 1719 γαρ
1152 1650 1215 1702 αἱ
1240 1647 1414 1718 ψυχαὶ
1445 1644 1630 1703 αὐτῶν
1662 1644 1875 1720 ἐπωρύ-

258 1753 385 1787 οντο
428 1729 511 1787 ἐπ’
553 1727 700 1803 ἐμέ.”
772 1728 906 1788 ἄνθ’
943 1722 1011 1788 οὗ
1049 1728 1217 1787 πάλιν
1256 1726 1543 1797 ὃἈκύλας
1577 1727 1712 1788 τεκαί
1747 1729 1873 1803 γεὴ

260 1813 407 1887 ψυχὴ
439 1814 627 1872 αὐτων
659 1817 964 1886 ἐπέρκασεν
997 1817 1056 1872 ἐν
1088 1817 1210 1887 ἐμοί
1222 1811 1269 1839 ”
1312 1819 1397 1871 26.
1421 1838 1451 1871 ο
1486 1815 1547 1870 δὲ
1570 1813 1872 1888 Σύμμαχος
1895 1839 1936 1872 20

251 1895 381 2000 θἰκαὶ
412 1895 446 1971 ἡ
479 1897 627 1972 ψυχὴ
659 1897 846 1957 αὐτων
877 1897 1123 2005 ήκμασεν
1155 1901 1216 1954 ἐν
1249 1895 1418 1969 ε’μοί.”
1481 1896 1672 1969 ὅμοιον
1706 1898 1767 1954 δε
1796 1922 1871 1955 τω

251 1979 382 2039 “ocal
411 1981 517 2054 γάρ
549 1988 610 2039 αἰ
637 1985 808 2055 ψυχαὶ
841 1982 1030 2039 αὐτῶν
1071 1981 1387 2052 ἐπωρύοντο
1430 1978 1516 2037 ἐπ’
1562 1979 1688 2055 ἐμέ”
1723 1982 1874 2057 παρὰ

148 2090 236 2132 [301]
260 2079 372 2132 τοις
415 2064 794 2138 ἑβδομήκοντα
835 2067 1105 2141 εἰρημένω
1156 2067 1384 2138 φέρεται
1425 2087 1573 2139 παρα
1611 2071 1686 2142 τῷ
1711 2062 1874 2142 Ἱερε-

259 2156 358 2224 μία
400 2152 458 2205 ἐκ
499 2148 799 2219 προσώπου
843 2155 941 2207 τοῦ
982 2155 1182 2222 κυρίου
1225 2155 1480 2222 κείμενον
1518 2147 1578 2207 τὸ
1603 2129 1873 2223 “ἐγκατα-

259 2236 487 2290 λέλοιπα
517 2234 614 2291 τὸν
643 2232 797 2291 οἷκον
827 2258 963 2306 μου,
995 2230 1184 2306 ἀφῆκα
1214 2232 1316 2305 τὴν
1339 2241 1713 2307 κληρονομίαν
1741 2259 1869 2308 μου,
1892 2258 1934 2291 25

261 2323 443 2374 ἔδωκα
474 2316 575 2391 τὴν
605 2317 968 2391 ἠγαπημένην
987 2316 1170 2391 ψυχήν
1192 2341 1299 2390 μου
1333 2323 1409 2384 εἰς
1434 2332 1618 2391 χεῖρας
1650 2322 1871 2392 ἐχθρῶν

216 2426 236 2457 a
262 2398 460 2474 αὐτῆς,
505 2401 744 2475 ἐγενήθη
783 2401 817 2475 ἡ
858 2407 1194 2475 κληρονομία
1223 2426 1330 2474 μου
1373 2404 1490 2475 ἐμοὶ
1532 2399 1603 2469 ὦς
1634 2406 1777 2460 λέων
1810 2406 1869 2461 ἐν

263 2491 482 2563 δρυμω,
516 2492 725 2544 ἔδωκεν
759 2484 846 2544 ἐπ’
885 2487 978 2559 ἐμε
1007 2485 1109 2558 τὴν
1138 2483 1335 2558 φωνὴν
1367 2483 1550 2559 αυτῆς.
1622 2485 1695 2559 μὴ
1731 2486 1869 2560 σπή-

260 2578 415 2629 λαιον
459 2570 657 2643 ὑαίνης
702 2571 735 2643 ἡ
769 2577 1101 2644 κληρονομία
1132 2595 1239 2643 μου
1282 2569 1465 2642 ἐμοί;”
1527 2575 1610 2629 27.
1647 2569 1869 2636 εἰκότως

259 2647 360 2711 οὗν
400 2655 490 2712 δια
529 2659 701 2713 ταῦτα
743 2659 863 2732 ἑξῆς
915 2657 1163 2729 ἐπιφέρει
1213 2653 1449 2726 λέγων“
1460 2657 1551 2711 καὶ
1605 2655 1757 2728 εἶπα,
1799 2679 1867 2712 ου
1890 2678 1932 2710 30

373 2849 426 2887 25
455 2848 551 2888 Jer.
578 2851 643 2894 12,
667 2851 705 2891 7.
