1992 3186
580 100 884 143 DEMONST.
915 102 1135 144 EVANG.
1170 103 1297 145 VIII
1330 104 1369 142 2.
1651 101 1755 154 517

135 216 262 276 “ἰ’δε
299 216 396 275 τὸν
436 214 754 290 ἀφανισμὸν
793 219 888 289 τῆς
931 215 1142 285 πόλεώς
1183 237 1315 290 σου,
1359 214 1447 292 ἐφ’
1479 210 1545 290 ἧς
1577 221 1757 276 ἐπικέ-

145 310 338 375 κληται
377 299 437 358 τὸ
478 299 653 374 όνομά
694 319 796 359 σου
840 300 923 358 ἐπ’
972 298 1201 374 αὐτῆς,”
1245 304 1335 359 καὶ
1382 305 1504 375 ἑξῆς
1538 298 1657 360 “gu
1695 302 1756 360 τὸ

144 384 319 459 όνομοῖ
349 403 450 442 σου
485 384 764 457 ἐπεκλήθη
797 388 887 442 ἐπὶ
930 385 1032 458 τὴν
1073 386 1236 443 πόλιν
1276 405 1378 444 σου
1418 389 1510 444 καὶ
1542 389 1630 444 ἐπὶ
1659 385 1757 444 τὸν

143 469 279 528 λαόν
309 467 468 528 σου.”
543 475 623 527 15.
656 474 886 527 τοιαῦτα
917 468 1214 543 εὐξάμενος
1255 473 1491 544 ἐπιλέγει
1514 468 1642 528 “καὶ
1678 477 1757 528 ἔτι

100 579 251 628 5μου
281 560 581 622 λαλοῦντος
612 557 705 611 καὶ
735 557 1210 654 προσευχομένου,
1255 555 1378 613 ἰδοὺ
1401 553 1707 657 Γαβριὴλ
1690 555 1756 613 dv

143 639 296 697 εἶδον
329 642 389 696 ἐν
418 644 484 713 τῇ
514 638 704 713 ὁράσει
745 663 852 712 μου
891 639 1214 712 πετόμενος,
1256 642 1348 696 καὶ
1378 638 1557 714 ἣψατό
1587 637 1752 713 μου,”

142 726 234 780 καὶ
268 722 388 781 εἷπε
417 723 483 780 τὰ
512 720 995 826 ἀναγεγραμμένα·
1053 727 1247 795 σαφῶς
1288 717 1389 781 οῦν
1422 726 1512 782 διὰ
1543 724 1757 784 τούτων
1781 748 1873 791 (384)

141 805 169 864 6
210 832 314 880 μεν
352 807 638 881 προφήτης
679 806 842 864 πόλιν
883 807 985 881 οὐχ
1028 804 1246 881 ἀπλῶς,
1298 807 1436 866 ἀλλά
1476 813 1575 867 τοῦ
1616 813 1754 867 θεοῖ

142 891 306 949 πόλιν
337 890 621 964 α’νόμασε,
664 893 755 948 καὶ
795 890 855 948 τὸ
899 891 1142 964 ἀγίασμα
1180 896 1279 949 τοῦ
1319 898 1460 951 θεοῦ
1492 891 1755 967 ἀγίασμα,

78 1006 119 1038 10
143 974 359 1034 καὶτὸν
398 974 535 1034 λαὸν
578 979 676 1034 τοῦ
714 979 857 1033 θεοῦ
884 976 1049 1048 λαὸν,
1094 979 1346 1034 διαθέσει
1386 982 1453 1051 τῇ
1494 976 1630 1051 πρὸς
1660 978 1757 1036 τὸν

143 1059 292 1119 λαόν.
366 1066 445 1118 16.
488 1059 672 1119 οῦκέτι
712 1058 823 1133 μὴν
863 1063 956 1118 καὶ
994 1057 1022 1117 6
1063 1061 1312 1135 Γαβριὴλ
1364 1061 1566 1135 ὁμοίως
1607 1060 1759 1139 αὐτῷ

142 1154 302 1203 καλεῖ
342 1145 408 1203 τὰ
452 1144 796 1219 δηλούμενα,
839 1151 1075 1222 ἔμπαλιν
1117 1146 1178 1203 δὲ
1221 1149 1310 1203 ἐπὶ
1349 1145 1446 1203 τὸν
1486 1146 1623 1204 λαόν
1654 1165 1757 1203 σου

143 1233 311 1304 φησὶ,
353 1233 446 1288 καὶ
490 1233 579 1288 ἐπὶ
619 1229 722 1302 τὴν
762 1227 926 1288 πόλιν
955 1228 1057 1303 τὴν
1087 1226 1255 1303 ἀγίαν
1286 1249 1417 1303 σου,
1458 1233 1758 1304 μονονουχὶ

143 1318 234 1372 καὶ
265 1309 368 1388 τὴν
397 1314 561 1373 πόλιν
601 1318 693 1372 καὶ
732 1313 829 1371 τὸν
867 1315 1003 1373 λαὸν
1031 1318 1123 1372 καὶ
1155 1315 1215 1372 τὸ
1253 1311 1498 1389 ἀγίασμα
1528 1313 1758 1384 ἀνάξιον

79 1426 120 1460 15
145 1399 288 1458 εἶναι
329 1403 424 1472 τῆς
465 1407 565 1458 τοῦ
596 1403 736 1458 θεοῦ
766 1408 1136 1473 προσηγορίας
1166 1399 1474 1472 ἀποφήνας.
1553 1405 1635 1457 17.
1668 1423 1760 1457 το-

142 1490 345 1542 σοῦτον
378 1483 446 1558 δὴ
476 1477 580 1543 οῦν
610 1483 812 1558 χρόνον
852 1482 1095 1558 ωρίσθαι
1137 1483 1273 1541 κατὰ
1303 1489 1402 1541 τοῦ
1433 1489 1570 1541 λαοῦ
1601 1488 1801 1557 πρῶ-ὸ

141 1593 239 1627 τον
269 1576 456 1626 ἔπειτα
486 1572 576 1626 καὶ
609 1567 745 1626 κατὰ
774 1572 870 1641 τῆς
901 1568 1111 1635 πόλεως
1145 1567 1413 1641 διδάσκει,
1446 1571 1538 1625 καὶ
1559 1571 1758 1626 τοσοῦ-

141 1652 233 1719 τός
284 1676 348 1725 γε
400 1651 480 1711 ὢν
531 1652 927 1711 ἀποδείκνυται
967 1651 1074 1710 ἀπὸ
1113 1657 1210 1724 τῆς
1258 1649 1618 1719 ἀνανεώσεως
1660 1656 1757 1725 τῆς

134 1735 509 1811 Ἰερουσαλὴμ,
535 1735 565 1795 ὃ
588 1741 816 1810 γέγονεν
841 1741 928 1794 ἐπὶ
953 1744 1201 1809 Δαρείου
1224 1740 1325 1794 τοῦ
1342 1741 1577 1810 Περσῶν
1600 1744 1756 1810 βασι-

78 1851 120 1883 2ο
143 1825 307 1894 λέως,
339 1824 499 1896 μέχρι
528 1828 622 1896 τῆς
654 1819 986 1894 Αὐγούστου
1008 1821 1290 1895 Ῥωμαίων
1332 1820 1755 1895 ἐπικρατήσεως,

133 1902 388 1981 Ἡρώδου
418 1930 477 1964 τε
499 1905 787 1965 Ἰουδαίων
826 1909 1096 1979 βασιλέως
1136 1903 1457 1979 ἀλλοφύλου
1487 1905 1547 1963 τὸ
1577 1909 1756 1978 γένος,

143 1988 276 2048 καθ’
325 1988 421 2057 οὓς
472 1990 539 2048 τὰ
588 1995 683 2064 τῆς
721 1994 992 2063 γενέσεως
1036 1996 1328 2064 ἱστορεῖται
1367 1995 1467 2048 τοῦ
1511 1994 1757 2064 σωτῆρος

142 2071 320 2147 ἡμῶν,
353 2071 424 2143 ὡς
454 2072 482 2132 6
514 2074 673 2148 λόγος
703 2074 915 2150 προϊών
940 2078 1214 2144 ἐπιδείξει.
1271 2081 1351 2132 18.
1388 2078 1510 2148 ἑξῆς
1542 2076 1603 2132 δὲ
1635 2079 1754 2132 ἐπι-
1779 2096 1867 2139 [239]

143 2162 290 2233 λέγει
323 2156 463 2217 “tofi
502 2164 943 2234 συντελεσθῆναι
988 2158 1264 2234 ἁμαρτίαν
1306 2162 1398 2217 καὶ
1437 2163 1535 2218 τοῦ
1577 2178 1758 2234 σφρα-

80 2273 121 2306 25
143 2250 297 2317 γίσαι
327 2240 592 2318 ἁμαρτίας
633 2247 724 2302 καὶ
764 2242 1068 2314 ἀπαλεῖψαι
1098 2245 1329 2318 ἀνομίας
1348 2289 1363 2316 ,
1395 2247 1489 2301 καὶ
1518 2247 1620 2302 τοῦ
1650 2247 1756 2312 ἐξι-

144 2327 423 2387 λάσασθαι
454 2327 701 2402 ἀδικίας,
733 2333 825 2387 καὶ
856 2327 1088 2402 ἀγαγεῖν
1120 2327 1486 2401 δικαιοσύνην,
1506 2327 1755 2399 αἰώνιον,

145 2415 237 2469 καὶ
279 2417 378 2470 τοῦ
427 2420 730 2486 σφραγίσαι
780 2411 977 2488 ὅρασιν
1029 2417 1122 2471 καὶ
1160 2412 1481 2486 προφήτην,
1526 2414 1618 2468 καὶ
1658 2413 1758 2468 τοῦ
1781 2443 1798 2464 e

143 2510 328 2569 χρῖσαι
369 2496 528 2568 ἅγιον
565 2495 793 2570 ἆγίων.”
867 2498 991 2556 ἀντὶ
1031 2499 1133 2570 μὲν
1173 2489 1276 2554 οῦν
1322 2499 1422 2553 τοῦ
1455 2494 1755 2554 “συντελε-

146 2583 354 2652 σθῆναι
403 2579 676 2654 ἁμαρτίαν
728 2585 820 2639 καὶ
868 2586 964 2639 τοῦ
1014 2587 1319 2654 σφραγίσαι
1370 2576 1669 2654 ἁμαρτίας”
1727 2578 1757 2636 6

0 2645 9 2716 ἶ
82 2661 371 2732 ωἈκύλας
416 2672 682 2738 πεποίηκε
714 2661 850 2723 “rofi
891 2667 1214 2723 συντελέσαι
1253 2664 1355 2736 τὴν
1393 2661 1633 2722 ἀθεσίαν
1664 2665 1756 2720 καὶ

0 2717 9 2802 1
146 2753 242 2806 τοῦ
273 2751 558 2806 τελειῶσαι
588 2746 913 2823 ἀμαρτίαν.”
970 2755 1050 2806 19.
1082 2747 1142 2806 τό
1173 2748 1279 2822 γάρ
1301 2745 1666 2823 “πληρω’σατε
1696 2745 1760 2805 τὰ

0 2811 7 2930 l
259 2876 310 2913 31
343 2873 505 2913 Matth.
532 2875 598 2923 23,
620 2875 689 2914 32.
