1992 3186
543 98 850 141 DEMONST.
882 99 1103 140 EVANG.
1134 99 1261 140 vm
1297 101 1335 139 1.
1647 97 1752 149 493

138 214 473 287 ἀποκείμενα
519 211 695 289 αὐτῷ,
743 216 834 270 καὶ
878 213 980 285 ὅρα
1022 220 1072 271 εἰ
1110 212 1184 286 μὴ
1227 210 1367 270 αὐτὰ
1416 205 1517 311 ἦν,
1563 210 1599 269 α’
1637 227 1753 279 τοῖς

139 297 281 372 άμφὶ
323 298 419 355 τὸν
446 295 692 400 Ἀβρααμ
739 297 1080 372 προπάτορσι
1120 300 1247 371 περὶ
1286 301 1382 404 τής
1422 302 1536 354 τῶν
1568 301 1753 355 ἐθνῶν

139 381 382 458 κλήσεως
411 378 440 439 ὁ
471 380 603 447 θεὸς
642 381 902 455 ἄνείρηκε
941 390 1228 448 θεσπίσας.
1282 387 1584 456 γέγραπται
1614 385 1754 454 γοῦν

141 466 213 533 ὡς
246 464 352 541 ἄρα
385 467 539 524 εἶπεν
568 465 596 523 ὁ
627 467 759 535 θεὸς
789 470 866 542 τῷ
887 465 1133 540 Ἀβραάμ
1156 463 1287 523 “noel
1311 473 1408 540 ἔσῃ
1439 465 1751 539 εὐλογητὸς,

95 570 116 603 5
141 553 232 608 καὶ
262 548 546 624 εὐλογήσω
572 549 698 616 τούς
731 550 1098 624 εὐλογοῦντάς
1125 571 1205 622 σε,
1238 549 1476 617 καὶτοὺς
1508 574 1752 624 καταρω-

139 638 339 708 μένους
363 653 425 692 σε
451 634 852 709 καταράσομαι·
902 637 991 692 καὶ
1020 634 1556 707 ἐνευλογηθήσονται
1582 642 1642 692 ἐν
1667 655 1754 692 σοι

139 724 310 777 πᾶσαι
340 724 402 776 αἱ
428 723 601 793 φυλαὶ
632 724 727 791 τῆς
757 718 911 792 γῆς.”
958 724 1006 776 4.
1026 721 1117 776 καὶ
1145 711 1311 784 αὖθις
1334 716 1618 790 ((Ἇβραὰμ
1654 715 1751 776 δὲ”
1772 788 1777 793 ..

139 806 278 877 φησὶ
301 802 626 877 ((γινόμενος
658 810 811 861 ἔσται
842 810 921 869 εἰς
956 809 1120 868 ἔθνος
1150 805 1289 876 μέγα
1321 807 1411 859 καὶ
1451 801 1620 876 πολύ,
1662 805 1755 860 καὶ

140 888 677 961 ἐνευλογηθήσονται
710 892 770 945 ἐν
801 885 953 964 αὐτῷ
982 887 1162 944 πάντα
1191 888 1258 943 τὰ
1295 893 1434 959 ἔθνη
1473 891 1567 960 τῆς
1598 884 1752 960 γῆς.”

77 991 116 1023 10
140 972 206 1029 τὰ
235 970 396 1045 ὅμοια
429 974 490 1029 δὲ
519 974 609 1028 καὶ
641 976 717 1048 τῷ
743 969 926 1030 Ἰσαάκ
956 970 984 1028 ὁ
1017 969 1256 1045 χρησμὸς
1287 976 1485 1028 τοῦτον
1517 975 1761 1043 ἐκφωνεῖ

138 1056 237 1114 τὸν
279 1055 486 1130 τρόπον
518 1052 648 1112 “uoci
692 1059 967 1128 πληθυνῶ
1010 1055 1070 1112 τὸ
1114 1057 1331 1129 σπέρμα
1371 1074 1474 1113 σου
1517 1052 1589 1120 ῶς
1627 1055 1755 1134 τοὺς

138 1139 369 1214 ἀστέρας
410 1146 507 1198 τοῦ
550 1139 824 1212 οὐρανοῦ,
866 1143 957 1197 καὶ
1000 1139 1538 1213 ἐνευλογηθήσονται
1582 1142 1642 1197 ἐν
1678 1143 1756 1216 τῷ
1780 1163 1871 1204 (367)

140 1228 415 1298 σπέρματί
450 1243 552 1282 σου
593 1223 774 1282 πάντα
813 1224 879 1281 τὰ
925 1231 1065 1297 ἔθνη
1104 1228 1199 1296 τῆς
1229 1223 1387 1297 γῆς.”
1461 1231 1549 1297 ἐτιἱ
1575 1225 1635 1281 δὲ
1667 1226 1759 1280 καὶ

139 1312 217 1385 τῷ
250 1306 444 1381 Ἰακῶβ
495 1313 722 1366 τοιαῦτα
775 1307 843 1382 δὴ
885 1318 1097 1382 εἴρηται
1127 1307 1275 1381 “ε’γῶ
1317 1308 1505 1382 κύριος
1551 1305 1579 1365 ὁ
1625 1306 1757 1375 θεὸς

78 1409 119 1440 15
134 1391 380 1466 Ἀβραὰμ
430 1397 531 1451 τοῦ
581 1392 785 1466 πατρός
846 1412 950 1451 σου
1003 1395 1095 1450 καὶ
1145 1389 1174 1450 ὁ
1227 1391 1362 1459 θεὸς
1408 1391 1621 1465 Ἰσαάκ,
1682 1392 1757 1466 μὴ

140 1482 336 1550 φοβοῦ.
347 1475 375 1497 ”
460 1481 551 1535 καὶ
605 1480 727 1551 ἑξῆς
771 1474 800 1494 “
819 1479 911 1534 καὶ
965 1476 1507 1549 ε’νευλογηθήσονται
1559 1483 1620 1534 ἐν
1672 1494 1758 1534 σοι

139 1565 310 1619 πᾶσαι
351 1567 414 1618 αἱ
451 1564 626 1634 φυλαὶ
669 1566 764 1633 τῆς
804 1558 956 1634 γῆς.”
1037 1563 1130 1618 καὶ
1169 1559 1364 1619 ἄλλοτε
1406 1561 1560 1617 εἶπεν
1609 1559 1758 1636 αὐτῶ

139 1642 167 1702 ὃ
209 1644 339 1711 θεὸς
384 1641 532 1718 “ἐγῶ
573 1642 601 1702 ὁ
647 1644 778 1712 θεός
821 1664 952 1717 σου,
994 1643 1237 1713 αὐξάνου
1288 1647 1380 1702 καὶ
1434 1643 1755 1716 πληθύνου·

143 1736 283 1801 ἔθνη
336 1732 427 1786 καὶ
479 1732 803 1802 συναγωγαὶ
858 1733 1044 1787 ἐθνῶν
1097 1728 1476 1797 ἐξελεύσονται
1530 1731 1589 1784 ἐκ
1635 1731 1756 1800 σοῦ,

4 1807 5 1811 “
79 1835 119 1867 20
143 1816 234 1871 καὶ
267 1821 515 1886 βασιλεῖς
548 1818 607 1871 ἐκ
637 1817 731 1887 τῆς
761 1810 972 1886 ὀσφύος
1004 1833 1106 1871 σου
1141 1813 1530 1881 ἐξελεύσονται.
1586 1818 1633 1870 6.
1666 1837 1759 1870 το-

4 1903 6 1907 ’
143 1897 347 1964 σαύτας
378 1901 504 1971 περὶ
533 1901 629 1971 τῆς
659 1902 772 1955 τῶν
804 1901 990 1956 ἐθνῶν
1021 1896 1267 1970 κλήσεως
1298 1895 1630 1970 προρρήσεις
1659 1901 1759 1954 τοῦ

143 1988 283 2040 θεοῦ
315 1980 756 2056 προμεμαθηκῶς
787 1981 815 2040 ὃ
844 1979 1058 2054 Ἰακῶβ,
1091 1987 1311 2040 παίδων
1342 1979 1491 2057 αὐτῷ
1515 1978 1612 2039 τὸν
1642 1978 1760 2054 άρι-

143 2066 295 2139 θμὸν
317 2070 739 2140 γεγεννημένων
766 2065 1025 2139 δεκαδύο,
1058 2064 1193 2137 πρὸς
1215 2070 1282 2140 τῇ
1303 2071 1530 2140 τελευτῇ
1555 2085 1760 2136 συγκα-

146 2153 306 2216 λέσας
335 2149 463 2216 τούς
494 2150 702 2218 πάντας
734 2150 1086 2225 περιεσκόπει
1119 2154 1172 2218 ἐξ
1204 2147 1402 2208 ὁποίου
1433 2148 1539 2222 ἄρα
1571 2147 1760 2207 αὐτῶν
1787 2174 1808 2205 b

83 2257 124 2288 25
146 2239 240 2307 τῆς
275 2240 536 2308 διαδοχῆς
567 2234 633 2292 τά
662 2240 775 2293 τῶν
803 2243 901 2293 τοῦ
931 2238 1073 2292 θεοῦ
1101 2234 1463 2309 προρρήσεων
1490 2236 1576 2290 ἐπὶ
1607 2236 1759 2299 τέλος

145 2317 287 2390 ἥξει·
331 2317 430 2377 εἶτ’
463 2322 677 2385 ἐπιθεὶς
708 2322 854 2394 τρισὶ
883 2321 986 2393 μὲν
1015 2332 1129 2384 τοῖς
1159 2318 1395 2391 πρῶτοις
1427 2316 1576 2394 αὐτῶ
1607 2342 1760 2389 γενο-

147 2404 330 2473 μένοις
375 2406 568 2461 παισὶν
609 2405 863 2477 ἐλέγχους
905 2397 983 2460 ῶν
1016 2405 1467 2476 ἐπλημμέλησαν,
1513 2403 1761 2474 ἐπιφέρει

150 2484 432 2544 διδάσκων
461 2485 544 2544 ὅτι
575 2491 686 2545 τῶν
715 2490 1135 2560 τετολμημένων
1168 2483 1354 2551 αὐτοῖς
1390 2489 1551 2542 ἕνεκα
1582 2483 1647 2541 οὐ
1682 2480 1758 2540 δι’

152 2566 337 2627 αὐτῶν
371 2571 859 2645 ἐκπληρωθήσεται
899 2570 965 2627 τά
1004 2573 1116 2626 τῶν
1155 2570 1516 2642 προρρήσεων
1559 2567 1762 2625 ἀποτε-

87 2675 128 2708 30
153 2655 407 2755 λέσματα.
482 2659 528 2710 7.
566 2657 654 2711 ἐπὶ
687 2657 746 2712 δὲ
775 2653 872 2712 τὸν
901 2656 1161 2726 τέταρτον
1194 2653 1378 2711 ἐλθῶν
1401 2651 1497 2710 τὸν
1523 2649 1759 2724 Ἰούδαν,

264 2793 291 2830 4
323 2791 434 2831 Gen.
462 2793 526 2837 12,
552 2794 592 2832 2.
822 2793 845 2830 7
878 2791 990 2831 Gen.
1016 2793 1081 2842 18,
1109 2791 1179 2833 18.
1410 2792 1458 2830 11
1492 2790 1605 2830 Gen.
1628 2791 1693 2839 26,
1718 2791 1759 2833 4,

154 2848 207 2886 14
240 2848 351 2887 Gen.
374 2848 441 2898 28,
468 2850 533 2889 13.
710 2849 760 2888 17
793 2847 907 2887 Gen.
932 2849 1000 2890 35.
1026 2849 1091 2887 11.
