1992 3186
232 126 335 179 528
907 124 1155 165 EUSEBII

228 241 492 313 Ἰωσεδὲκ,
525 247 623 298 τοῦ
655 243 843 313 ἱερέως
873 241 973 296 τοῦ
1001 237 1261 311 μεγάλου,
1293 237 1426 311 μετὰ
1455 238 1555 311 τὴν
1589 237 1696 296 άπὸ
1735 249 1840 297 Βα-

232 330 482 400 βυλῶνος
525 323 831 395 ἐπάνοδον,
874 325 965 380 καὶ
1007 324 1179 396 μέχριι
1203 329 1314 379 τῶν
1355 322 1570 396 χρόνων
1615 330 1710 396 τῆς
1741 329 1839 382 τοῦ

228 415 477 483 σωτῆρος
518 405 674 481 ἡμῶν
706 406 889 480 Ἰησοῦ
929 410 1171 479 Χριστοῦ
1217 413 1525 478 παρουσίας
1577 407 1840 482 παρειλή-

234 518 429 568 φαμεν.
503 498 584 550 60.
617 493 769 566 οἶμαι
810 495 950 564 γοῦν
988 490 1085 549 τὸν
1114 488 1316 564 μεταξύ
1349 490 1549 565 χρόνον
1589 496 1683 565 τῆς
1713 491 1842 550 τού-

232 603 343 636 των
373 583 738 651 προστασίας,
782 573 915 633 καθ’
957 573 1023 634 ὃν
1052 574 1356 648 ἡγήσαντο,
1402 581 1711 648 δηλοῦσθαι
1750 576 1840 635 διὰ
1863 607 1883 639 5

232 668 332 720 τοῦ
350 659 493 719 “dab
521 660 712 730 ἐξόδου
737 659 923 732 λόγου,
947 665 1045 717 τοῦ
1069 657 1444 733 ἀποκριθῆναι
1468 662 1559 717 καὶ
1581 665 1678 717 τοῦ
1700 667 1842 719 οἰκο-

235 750 471 820 δομῆσαι
502 742 855 821 Ἰερουσαλὴμ
898 747 998 811 ἕως
1041 747 1264 817 χριστοῦ
1310 743 1652 818 ἡγουμένου,
1687 747 1843 817 ἑβδο-

232 830 403 905 μάδες
435 829 569 888 ἑπτα
600 831 703 887 καὶ·
724 828 1026 903 ἑβδομάδες
1053 827 1444 901 ἑξηκονταδύο·
1490 835 1602 886 τῶν
1626 833 1763 888 ἐτῶν
1785 831 1846 887 δὲ

232 915 328 983 τὰς
350 914 663 988 ἑβδομάδας
685 915 1066 987 συναγομένας
1093 920 1169 981 εἰς
1189 919 1279 985 ἔτη
1301 913 1624 986 τετρακόσια
1645 911 1848 987 ὀγδοή-

234 1024 402 1057 κοντα
431 1006 556 1074 τρία
577 997 683 1056 άπὸ
706 1002 800 1071 τῆς
814 997 1008 1071 Κύρου
1030 1004 1312 1070 βασιλείας
1337 1000 1423 1054 ἐπὶ
1447 996 1550 1071 τὴν
1567 995 1846 1071 Ῥωμαίων
1870 1029 1909 1061 10

234 1091 696 1157 παρεκτείνεσθαι
737 1082 941 1156 ἀρχὴν,
986 1081 1118 1140 καθ’
1155 1079 1226 1154 ἣν
1254 1081 1543 1155 Πομπήιος
1568 1079 1847 1157 Ῥωμαίων

235 1166 535 1242 στρατηγὸς
569 1167 789 1235 ἐπιστὰς
820 1181 933 1234 τοῖς
955 1165 1354 1240 Ἱεροσολύμοις
1374 1163 1484 1224 εἷλε
1504 1168 1607 1240 μὲν
1623 1176 1847 1240 πολιορ-

125 1259 329 1328 (392)κία
374 1252 475 1325 τὴν
521 1252 710 1322 πόλιν,
757 1251 816 1309 τὸ
865 1253 926 1309 δὲ
971 1256 1083 1309 πᾶν
1124 1258 1288 1318 ἔθνος
1333 1255 1536 1309 δοῦλον
1567 1248 1848 1324 Ῥωμαίοις

235 1335 633 1410 κατεστήσατο,
679 1336 751 1403 ὡς
797 1338 888 1393 καὶ
932 1334 1140 1409 φόρους
1184 1339 1236 1402 ἐξ
1279 1339 1494 1393 ἐκείνου
1531 1344 1711 1393 τελεῖν
1756 1337 1848 1392 καὶ

235 1436 348 1488 τοῖς
371 1420 650 1494 Ρωμαίων
680 1431 1031 1522 πειθαρχεῖν
1041 1419 1417 1493 ἐπιτάγμασιν.
1489 1424 1572 1477 61.
1608 1422 1695 1477 ἐπὶ
1725 1424 1848 1478 τοῦ·
1873 1446 1913 1479 15

235 1530 332 1564 τον
363 1511 501 1579 γοῦν
530 1504 627 1563 τὸν
657 1503 859 1579 χρόνον
896 1502 924 1562 ὁ
958 1509 1069 1562 τῶν
1109 1510 1479 1578 τετρακοσίων
1508 1501 1849 1577 ὀγδοήκοντα

235 1614 406 1664 τριων
448 1593 586 1648 ἐτων
626 1597 990 1662 περιορίζεται
1031 1587 1295 1663 αριθμὸς,
1341 1586 1430 1662 ἐφ’
1474 1586 1540 1647 ὃν
1570 1591 1660 1646 καὶ
1693 1591 1851 1646 κατέ-

126 1698 213 1739 [244]
239 1678 409 1748 ληξαν
447 1679 505 1732 οἱ
540 1672 677 1732 κατα
717 1672 815 1732 τὸν
845 1677 1098 1740 Μωσέως
1137 1672 1309 1746 νόμον
1341 1676 1401 1730 ἐκ
1440 1676 1694 1744 πατέρων
1728 1678 1851 1730 διαὲ

239 1762 402 1832 δοχῆς
431 1759 534 1831 τὴν
565 1766 908 1831 προστασίαν
937 1762 1035 1816 τοῦ
1059 1764 1262 1823 ἔθνους
1293 1759 1386 1814 καὶ
1410 1758 1512 1830 τὴν
1537 1757 1850 1830 ἱερωσύνην

240 1843 611 1916 διειληφότες,
655 1839 752 1909 οὓς
792 1841 1014 1916 χριστὸν
1053 1838 1366 1914 ἡγούμενον
1404 1841 1507 1913 τὴν
1545 1848 1716 1898 θείαν
1760 1843 1847 1897 ἐπὶ
1872 1869 1912 1899 :20

237 1934 336 1985 τοῦ
368 1926 638 2001 παρόντος
669 1925 893 2000 γραφὴν
921 1923 1209 1998 ὀνομάζειν
1238 1921 1629 1997 ὑπολαμβάνω.
1682 1929 1765 1982 62.
1802 1931 1852 1981 εί

241 2012 300 2068 δὲ
332 2010 433 2085 χρὴ
475 2014 566 2068 καὶ
605 2011 702 2067 τὸν
744 2009 1051 2081 κατάλογον
1084 2010 1353 2066 ἐκθέσθαι
1396 2012 1492 2080 τῆς
1522 2014 1636 2065 τῶν
1665 2009 1851 2082 ἀρχιε-

193 2119 215 2151 b
239 2097 382 2168 ρέων
414 2097 702 2167 διαδοχῆς,
731 2098 847 2150 ’τῶν
879 2097 939 2150 ἐν
968 2095 1045 2170 τῷ
1075 2095 1399 2169 δηλουμένῳ
1435 2091 1638 2165 μεταξύ
1670 2093 1850 2169 χρόνῳ

242 2180 680 2251 διαγενομένων,
725 2180 817 2234 καὶ
856 2181 1016 2234 τοῦτο
1065 2174 1250 2242 οὐδεὶς
1292 2175 1507 2249 φθόνος
1553 2183 1628 2243 εἰς
1672 2177 1848 2250 παρά-

240 2280 434 2319 στασιν
457 2267 551 2335 τῆς
571 2267 683 2319 τῶν
697 2264 1002 2335 εἰρημένων
1023 2257 1288 2334 ἀληθείας
1306 2259 1660 2332 ποιήσασθαι.
1697 2266 1849 2334 πρεό-
1873 2287 1914 2319 25

238 2371 329 2412 τος
371 2352 566 2404 τοίνυν
610 2344 744 2419 μετά
798 2345 900 2418 τὴν
945 2350 1041 2403 τοῦ
1085 2342 1304 2416 Δανιὴλ
1342 2351 1712 2419 προφητείαν,
1763 2347 1850 2401 ἐπὶ

239 2429 434 2503 Κύρου
469 2436 566 2488 τοῦ
597 2433 865 2503 βασιλέως
895 2433 1163 2503 Περσῶν,
1204 2427 1338 2502 μετὰ
1375 2427 1478 2502 τὴν
1516 2427 1623 2487 ἀπὸ
1662 2436 1852 2501 Βαβυ-

242 2518 417 2582 λῶνος
452 2514 755 2587 ἐπάνοδον,
796 2509 1066 2588 Ἰησοῦςὸ
1097 2517 1196 2572 τοῦ
1214 2512 1494 2585 Ἰωσεδὲκ,
1540 2513 1568 2570 ὁ
1612 2513 1790 2588 ἱερεὺς
1820 2509 1849 2569 ὁ

241 2601 410 2671 μέγας
450 2607 815 2673 χρηματίσας,
862 2597 973 2672 ἅμα
1003 2596 1323 2671 Ζοροβάβελ
1365 2596 1580 2656 ἄνεισιν
1620 2596 1727 2654 ἀπὸ
1756 2601 1852 2667 τῆς

244 2690 646 2755 αἰχμαλωσίας,
680 2686 771 2740 καὶ
801 2689 1096 2757 θεμελίους
1121 2681 1518 2754 καταβάλλεται
1548 2685 1648 2739 τοῦ
1679 2686 1848 2755 ἱεροῦ,
1873 2707 1913 2741 30

243 2764 361 2822 ἀλλ’
401 2770 788 2841 ἐπισχεθέντος
830 2770 928 2825 τοῦ
960 2773 1125 2842 ἔργου
1164 2765 1273 2824 ὑπὸ
1304 2770 1415 2824 τῶν
1445 2774 1761 2841 περιοίκων,
1793 2770 1855 2822 αἱ

243 2853 453 2922 πρῶται
485 2851 618 2908 ἑπτὰ
653 2849 959 2925 ἑβδομάδες
988 2856 1100 2909 τῶν
1133 2853 1270 2908 ἐτῶν
1301 2856 1362 2908 αἱ
1389 2850 1480 2908 διὰ
1509 2856 1608 2908 τοῦ
1638 2850 1849 2923 προφή-
