1946 3158
530 133 840 177 DEMONST.
867 134 1089 178 EVANG.
1120 134 1206 176 111.
1240 137 1282 176 2.
1625 135 1731 187 143

251 254 330 307 15.
362 247 546 307 Πάλιν
561 251 774 322 ιΜωσῆς
801 249 892 306 διὰ
910 250 1079 323 μέσης
1099 253 1195 323 τῆς
1215 248 1502 323 θαλάσσης
1528 254 1726 323 διῆλθε

117 337 209 392 καὶ
240 334 336 392 τὸν
366 332 501 392 λαόν
531 332 850 407 ὡδήγησεν·
898 335 1046 407 λέγει
1077 331 1131 391 δ’
1164 326 1268 392 οὖν
1298 330 1331 406 ἡ
1362 335 1548 408 γραφὴ
1571 333 1725 404 “6²25'-

117 443 262 478 τεινε
292 422 506 491 Μωσῆς
534 417 637 491 τὴν
667 432 823 492 χεῖρα
847 415 1019 476 αὐτοῦ
1045 421 1134 477 ἐπὶ
1163 417 1265 491 τὴν
1286 417 1600 491 θάλασσαν,
1631 423 1724 477 καὶ

0 575 1 578 ¹
118 502 370 577 ὑπήγαγε
412 501 601 578 κύριος
647 501 750 575 τὴν
788 502 1082 562 θάλασσαν
1131 500 1316 580 άνέμῳ
1366 501 1509 580 νότῳ
1559 510 1723 581 βιαίῳ

0 587 1 611 ἢ
74 612 95 645 5
117 585 252 661 ὅλην
281 586 384 660 τὴν
413 586 644 662 ἡμέραν,
676 590 767 644 καὶ
800 591 1059 661 ἐποίησεν
1080 588 1182 660 τὴν
1204 587 1499 646 θάλασσαν
1529 587 1718 662 ξηράν,
1746 620 1771 647 c

115 675 208 730 καὶ
261 675 494 746 ἐσχίσθη
546 670 606 729 τὸ
653 670 838 747 ὕδωρ,
879 675 972 729 καὶ
1014 677 1250 745 διῆλθον
1288 677 1346 730 οἱ
1370 674 1485 730 υἱοὶ
1508 670 1725 747 Ἰσραὴλ

120 755 210 814 διὰ
241 759 409 830 μέσης
440 761 534 829 τῆς
565 755 853 829 θαλάσσης
876 756 1014 814 κατὰ
1043 756 1103 813 τὸ
1134 756 1319 830 ξηρὸν,
1352 759 1444 814 καὶ
1474 756 1535 814 τὸ
1565 755 1722 832 ὕδωρ

116 840 307 909 αὐτοῖς
336 854 515 914 τεῖχος
548 845 607 899 ἐκ
640 843 841 909 δεξιῶν
871 843 964 898 καὶ
992 854 1168 914 τεῖχος
1202 844 1256 909 ἐξ
1288 839 1650 914 εὐωνύμων.”

247 930 326 982 16.
359 923 643 993 Ὡσαύτως
674 926 734 982 δὲ
765 927 856 982 καὶ
887 931 1095 998 μᾶλλον
1124 923 1725 999 θεοπρεπέστερονΊη-

51 1034 93 1066 10
115 1015 245 1078 σοῦς
275 1008 303 1067 ὁ
335 1008 570 1083 Χριστὸς
599 1013 698 1067 τοῦ
737 1013 878 1067 θεοῦ
910 1012 1000 1067 ἐπὶ
1029 1014 1126 1081 τῆς
1155 1008 1442 1083 θαλάσσης
1488 1033 1726 1086 περιπα-

115 1093 282 1168 τήσας
334 1097 426 1151 καὶ
472 1093 567 1152 τὸν
604 1096 823 1168 Πέτρον
874 1101 1093 1167 βαίνειν
1134 1091 1222 1152 ἐπ’
1267 1091 1437 1167 αὐτῆς
1485 1099 1723 1167 ἐποίησε,

117 1181 417 1253 γέγραπται
457 1176 512 1236 δ’
555 1171 658 1238 οὖν
689 1177 958 1254 “τετάρτῃ
1012 1180 1074 1236 δὲ
1114 1182 1340 1253 φυλακῇ
1389 1183 1486 1252 τῆς
1526 1178 1728 1247 νυκτὸς

115 1256 291 1335 ἦλθεν
322 1261 582 1336 ὁἸησοῦς
614 1264 749 1337 πρὸς
782 1261 984 1330 αὐτοὺς
1014 1268 1335 1339 περιπατῶν
1369 1266 1459 1321 ἐπὶ
1488 1266 1585 1336 τῆς
1614 1274 1724 1321 θα-

118 1346 338 1419 λάσσης.
419 1349 511 1404 καὶ
563 1346 775 1413 ἰδόντες
817 1345 987 1406 αὐτὸν
1034 1352 1446 1422 περιπατοῦντα
1500 1350 1588 1405 ἐπὶ
1627 1350 1727 1421 τῆς

54 1454 95 1486 15
117 1430 404 1504 θαλάσσης
451 1428 893 1506 ἐταράχθησαν.”
957 1437 1037 1490 17.
1070 1434 1163 1489 καὶ
1202 1430 1322 1506 μετ’
1363 1432 1524 1505 ὀλίγα
1547 1429 1724 1489 “obvo-

118 1517 332 1587 κριθεὶς
373 1516 433 1572 δὲ
482 1512 632 1592 αὐτῷ
669 1515 699 1573 ὁ
742 1517 953 1590 Πέτρος
1003 1516 1187 1587 εἶπεν,
1227 1515 1419 1590 κύριε,
1462 1523 1512 1574 εἰ
1549 1515 1621 1572 σύ
1655 1518 1725 1588 εἴ,

117 1598 382 1657 κέλευσόν
404 1624 471 1673 με
496 1603 687 1658 ἐλθεῖν
708 1600 844 1674 πρὸς
866 1601 928 1658 σὲ
951 1603 1039 1657 ἐπὶ
1069 1597 1135 1657 τὰ
1154 1597 1349 1658 ὕδατα.
1391 1602 1419 1657 ὁ
1453 1601 1515 1657 δὲ
1547 1600 1726 1673 εἶπεν,

118 1686 274 1757 ἐλθέ·
307 1686 400 1740 καὶ
429 1684 671 1756 καταβὰς
695 1682 802 1741 ἀπὸ
827 1688 926 1743 τοῦ
948 1690 1146 1749 πλοίου
1157 1686 1368 1759 Πέτρος
1390 1683 1725 1758 περιεπάτη-

116 1786 214 1826 σεν
245 1771 332 1825 ἐπὶ
363 1767 429 1825 τὰ
458 1765 692 1826 ῧδατα.”

54 1874 94 1907 20
246 1857 326 1910 18
359 1851 543 1910 Πάλιν
573 1857 787 1927 Μωσης
807 1852 1011 1954 ἀνέμῳ
1050 1851 1195 1930 νότῳ
1235 1859 1398 1930 βιαίῳ
1431 1856 1594 1925 ἔπηξε
1622 1851 1726 1925 τὴν

115 1935 422 1995 θάλασσαν.
484 1941 631 2010 λέγει
662 1935 718 1995 δ’
760 1930 865 1996 οὖν
895 1934 929 2010 ἡ
959 1936 1148 2012 γραφή
1180 1936 1455 2006 “ἐξέτεινε
1488 1939 1549 1995 δε
1579 1947 1723 1996 Μω-

117 2025 214 2094 σῆς
243 2021 343 2095 τὴν
365 2036 523 2095 χεῖρα
547 2024 636 2080 ἐπὶ
659 2047 762 2095 την
791 2021 1104 2095 θάλασσαν,
1135 2024 1228 2079 καὶ
1238 2018 1504 2125 υπήγαγε
1535 2021 1724 2097 κύριος
1750 2047 1825 2088 (93).

116 2105 216 2178 τὴν
254 2104 550 2165 θάλασσαν
600 2103 784 2185 άνέμῳ
835 2106 978 2185 νότῳ
1028 2104 1234 2184 sscocc'gof
1334 2109 1427 2164 καὶ
1474 2111 1723 2182 ἐπιφέρει

127 2188 325 2263 ἐπάγη
355 2215 420 2248 τα
450 2190 666 2265 κύματα
700 2195 759 2249 ἐν
789 2194 938 2270 μέσῳ
970 2194 1065 2265 τῆς
1094 2188 1436 2264 θαλάσσης.”

54 2296 96 2329 25
247 2280 326 2332 19.
361 2273 643 2344 ῼσαύτως
685 2277 747 2334 δὲ
786 2279 878 2334 καὶ
917 2275 1060 2334 πολὺ
1099 2275 1426 2350 κρειττόνως
1470 2275 1499 2333 ὁ
1540 2274 1723 2350 σωτὴρ

116 2358 273 2433 ἡμῶν
305 2362 596 2434 ἐπετίμησε
625 2363 702 2438 τῷ
731 2359 916 2437 ἀνέμῳ
947 2363 1041 2418 καὶ
1068 2365 1135 2436 τῇ
1164 2359 1452 2435 θαλάσσῃ,
1485 2363 1578 2418 καὶ
1610 2363 1724 2432 ἐγέ-

123 2467 241 2501 νετο
271 2443 484 2519 γαλήνη
514 2426 738 2519 μεγάλη.
801 2444 968 2503 πάλιν
999 2447 1250 2512 Μωσέως
1280 2443 1389 2502 ἀπὸ
1419 2449 1518 2502 τοῦ
1558 2442 1726 2518 ὅρους

119 2526 399 2596 κατιόντος
437 2529 497 2587 τὸ
542 2529 840 2604 πρόσωπον
881 2533 1087 2605 ἑωρᾶτο
1131 2528 1342 2631 πλήρης
1386 2526 1560 2601 δόξης.
1630 2529 1724 2600 γέ-

119 2635 357 2685 γραπται
399 2610 451 2669 δ’
495 2606 599 2673 οὖν
629 2613 1022 2687 “καταβαίνων
1055 2612 1104 2670 δ’
1142 2610 1305 2680 αὐτὸς
1338 2617 1398 2670 ἐκ
1429 2616 1530 2670 τοῦ
1558 2610 1727 2686 ὅρους

233 2835 257 2872 2
289 2833 434 2877 Exod.
459 2836 525 2886 14,
548 2837 617 2880 21,
756 2838 806 2877 12
835 2837 1000 2878 Matth.
1028 2836 1092 2887 14,
1115 2837 1183 2876 25.
1319 2836 1374 2875 24
1404 2834 1567 2875 Matth.
1589 2834 1629 2885 8,
1652 2834 1725 2873 26.

122 2890 175 2929 29
208 2889 347 2930 Exod.
371 2892 439 2939 34,
464 2893 531 2932 29.
