1992 3186
559 140 865 183 DEMONST.
895 140 1114 183 EVANG.
1143 140 1268 185 vm.
1300 142 1340 184 2.
1665 138 1773 192 545

160 254 490 332 προρρήσεις
523 251 595 324 ῶς
626 262 880 329 ψευδεῖς,
911 253 971 314 τὸ
1000 253 1133 314 ὅσον
1166 254 1249 313 ἐπ’
1286 252 1501 328 αὐτοῖς,
1539 255 1773 328 διαβάλ-

159 349 374 414 λοντας,
407 349 463 399 εἴ
486 364 550 414 γε
572 346 634 398 αἱ
647 342 748 414 μὲν
773 347 848 407 εἰς
877 339 1257 414 ἑβδομήκοντα
1287 338 1599 414 ἑβδομάδας
1633 343 1773 399 ἐτῶν

156 425 253 484 τὸν
303 423 484 483 πάντα
534 431 905 500 περιορίζουσι
943 423 1173 500 χρόνον,
1223 423 1288 483 τά
1334 427 1394 482 ἐν
1450 428 1528 501 τῷ
1567 423 1771 500 μεταξύ

157 509 553 584 συμβησόμενα
590 516 983 582 θεσπίζουσαι,
1008 514 1089 566 ἀι’
1124 510 1186 567 δὲ
1217 507 1417 584 σχεδὸν
1460 507 1568 584 ῆδη
1599 518 1765 584 χιλιο·
1789 533 1815 566 d

113 618 134 650 5
158 600 290 653 στοῦ
334 601 488 663 ἔτους
530 592 636 652 ἆπό
678 600 776 668 τῆς
817 600 1155 669 προφητείας
1202 596 1294 651 καὶ
1327 600 1404 661 εἰς
1435 593 1574 668 ῆμᾶς
1608 593 1773 652 ἐλαύ-

155 703 349 747 νοντος
380 675 548 738 οὐδὲν
589 682 701 736 τῶν
730 681 1128 752 γεγραμμένων
1158 677 1386 752 γεγονὸς
1419 681 1772 737 ἐπιδείκνυν-

155 788 276 837 ται,
329 769 506 821 καίτοι
549 765 1046 837 ἐξολοθρευθέντος
1087 761 1273 820 αὐτῶν
1311 766 1412 820 τοῦ
1455 770 1771 838 χρίσματος,

157 847 294 905 κατὰ
324 847 426 920 τὴν
456 854 625 906 θείαν
654 846 990 922 πρόρρησιν,
1030 848 1123 904 καὶ
1162 851 1260 904 τοῦ
1300 843 1634 921 ἆγιάσματος
1668 847 1773 906 αὐ-

155 936 296 1004 τῶν,
328 934 421 989 καὶ
450 935 562 991 τῶν
592 933 726 1006 πρὶν
756 930 1062 1004 οἰκητόρων
1095 934 1524 1005 διαφθαρέντων
1555 934 1648 990 καὶ
1682 936 1774 990 ἐκ-

94 1039 134 1071 10
157 1019 441 1074 κοπέντων
494 1022 552 1074 ἐν
604 1021 971 1093 κατακλυσμῷ
1025 1019 1268 1090 πολέμου
1322 1019 1772 1091 συντετμημένου

157 1099 549 1204 ἀφανισμοῖς,
554 1102 646 1157 καὶ
677 1104 774 1157 τοῦ
805 1123 868 1173 γε
891 1098 1117 1159 πάντων
1134 1100 1581 1175 παραδοξοτοὲτου
1608 1103 1774 1159 εἰσέτι

157 1191 264 1243 νῦν
296 1181 496 1243 αὐτόθι
526 1183 832 1260 ὁρωμένου,
865 1186 1005 1258 λέγω
1039 1184 1107 1259 δὴ
1138 1189 1236 1244 τοῦ
1267 1183 1645 1259 βδελύγματος
1675 1189 1774 1259 τῆς

159 1267 482 1343 ἐρημώσεως
515 1275 593 1336 εἰς
625 1274 792 1343 δεῦρο
826 1271 1056 1337 ἑστῶτος
1089 1273 1148 1328 ἐν
1170 1275 1246 1328 τῶ
1270 1273 1404 1345 πρὶν
1427 1268 1566 1347 ἁγίῳ
1599 1269 1771 1348 τόπω,

158 1355 285 1428 περὶ
317 1377 384 1411 ου
414 1356 508 1412 καὶ
537 1353 566 1411 ὁ
599 1352 780 1428 σωτὴρ
806 1356 895 1411 καὶ
922 1378 1110 1428 κυριος
1134 1351 1291 1429 ἡμῶν
1321 1379 1414 1422 τας
1448 1358 1772 1422 ἐκτεθείσας

94 1458 154 1492 15
139 1436 435 1512 προήκατο
479 1437 686 1510 φωνάς.
783 1443 899 1496 128.
952 1431 1032 1496 ῶν
1078 1445 1267 1512 σαφῶς
1303 1438 1406 1496 ὑπ’
1456 1437 1772 1513 ὀφθαλμοῖς

161 1521 480 1597 ὁρωμένων
510 1521 644 1596 ἡμῖν
686 1525 851 1580 εἰσέτι
893 1525 1000 1581 νῦν
1040 1523 1329 1597 θαυμάσαι
1383 1529 1495 1580 ἔστι
1534 1523 1662 1590 τούς
1712 1527 1773 1580 ἐκ
1795 1549 1884 1589 (404)

158 1610 452 1680 περιτομῆς
484 1606 584 1681 οὐχ
615 1605 791 1674 οὕτως
822 1606 1176 1680 ἀντιβλέπειν
1214 1622 1328 1675 τοῖς
1361 1610 1616 1682 ἐναργέσι
1645 1615 1773 1665 τολ-

159 1697 395 1765 μῶντας,
427 1686 562 1750 ὅσον
591 1690 1000 1764 ἀβλεπτοῦντας
1023 1695 1115 1750 καὶ
1137 1691 1240 1764 τῆν
1265 1691 1518 1751 διάνοιαν
1543 1695 1774 1749 ἐσκοτω-

157 1779 358 1848 μένους
400 1774 537 1849 πρὸς
578 1774 637 1832 τό
678 1773 752 1849 μὴ
795 1772 934 1850 ὁρᾶν
974 1775 1041 1833 τὰ
1071 1774 1217 1834 οὕτω
1257 1780 1420 1878 σαφῆ
1442 1778 1533 1833 καὶ
1568 1779 1772 1879 ἐναργῆ

95 1878 155 1913 20
160 1863 271 1917 τῶν
301 1865 478 1917 θείων
508 1864 742 1934 γραφῶν
765 1858 1192 1934 ἀποτελέσματα.
1241 1866 1355 1918 129.
1390 1886 1418 1918 ο
1451 1862 1542 1918 καὶ
1569 1860 1773 1928 πεπόν-

159 1954 296 2002 θασι
317 1969 454 2002 κατα
477 1943 579 2017 τὴν
604 1950 682 2012 εἰς
709 1969 910 2012 αυτους
931 1954 1329 2020 πληρωθεῖσαν
1346 1944 1451 2003 κάν
1473 1944 1648 2003 τούτω
1672 1951 1772 2003 τοῦ

153 2027 384 2086 Ησαίου
405 2027 622 2103 φωνὴν,
658 2027 730 2087 δι’
759 2021 825 2102 ῆς
851 2031 1149 2088 ἐθέσπισεν
1174 2029 1363 2097 αὐτοῖς
1396 2027 1626 2087 εἰπῶν“
1634 2027 1772 2106 ακοῇ

160 2132 453 2186 ακουσετε,
485 2116 578 2171 καὶ
607 2111 674 2171 οὐ
705 2112 779 2187 μὴ
818 2120 1050 2187 συνῆτε,
1082 2118 1174 2172 καὶ
1197 2118 1494 2187 βλέποντες
1518 2116 1772 2188 βλέψετε,

162 2199 254 2254 καὶ
285 2195 351 2254 οὐ
390 2158 464 2272 μῆ
510 2204 674 2271 ἴδητε.
750 2197 1040 2272 ἐπαχύνθη
1070 2197 1175 2274 γαρ
1207 2199 1240 2272 ῆ
1273 2205 1475 2274 καρδία
1505 2203 1604 2256 τοῦ
1636 2205 1773 2257 λαοῦ

76 2301 139 2342 {25
161 2280 388 2356 τούτου,
431 2284 522 2340 καὶ
568 2295 682 2349 τοῖς
723 2281 861 2340 ῶσὶν
893 2280 1078 2342 αὐτῶν
1108 2286 1321 2359 βαρέως
1361 2282 1636 2357 ἤκουσαν,
1681 2287 1772 2340 καὶ

161 2390 288 2432 τοις
308 2364 638 2440 ὀφθαλμους
663 2363 848 2426 αυτῶν
874 2367 1212 2441 ἐκαμμυσαν,
1237 2367 1448 2442 μήποτε
1474 2374 1633 2425 ἴδωσι
1658 2381 1770 2434 τοῖς
1796 2394 1818 2426 b

159 2447 502 2524 ὀφθαλμοῖς,
544 2453 636 2508 καὶ
675 2464 789 2518 τοῖς
823 2449 960 2509 ῶσὶν
990 2449 1297 2524 ἀκούσωσι,
1340 2455 1430 2509 καὶ
1471 2455 1537 2525 τῇ
1569 2456 1773 2528 καρδία

164 2539 404 2605 συνῶσι,
437 2536 529 2591 καὶ
561 2537 956 2609 ἐπιστρέψωσι,
990 2537 1080 2592 καὶ
1114 2534 1349 2608 ἰασωμαι
1381 2534 1599 2601 αὐτούς.

295 2621 410 2674 130.
431 2614 578 2675 ”Αλλ
608 2620 723 2676 ἐπεὶ
750 2621 977 2694 καὶπερὶ
995 2622 1107 2677 τῶν
1121 2618 1567 2678 πεπιστευκότων
1586 2622 1773 2678 ἐθνῶν

101 2721 143 2755 30
168 2706 244 2768 εἰς
274 2700 370 2758 τὸν
401 2700 641 2775 Χριστὸν
669 2706 768 2760 τοῦ
799 2706 941 2761 θεοῦ
963 2701 1131 2761 πάλαι
1155 2703 1422 2779 πρότερον
1447 2713 1629 2779 εἴρητο
1651 2701 1773 2772 “οἷς

281 2897 333 2935 22
365 2897 443 2937 Es.
467 2897 507 2950 6,
531 2897 569 2936 9.
711 2916 719 2937 ι
745 2898 798 2938 30
828 2897 904 2940 Es.
927 2898 994 2948 52,
1022 2899 1086 2939 15.

251 2977 483 3008 EUSEBIUS
517 2979 592 3011 111.
1448 2968 1516 3021 35
