1946 3158
555 96 863 137 DEMONST.
895 96 1116 140 EVANG.
1155 98 1238 138 111.
1273 99 1310 138 7.
1626 95 1726 147 207

125 217 438 285 βουθυσίας
466 213 558 285 καὶ
592 210 862 283 σπονδὰς,
894 210 966 278 ὡς
997 208 1067 270 ἄν
1096 210 1205 285 ἤδη
1229 222 1382 278 θεοῖς
1406 203 1586 283 οῦσιν,
1618 227 1730 279 τοῖς

124 299 221 353 τοῦ
247 292 429 368 Ἰησοῦ
469 298 930 369 προσαγηοχέναι·
989 299 1079 353 καὶ
1118 294 1243 353 τινα
1285 296 1388 369 μὲν
1418 293 1603 353 αὐτῶν
1633 295 1730 353 τὸν
1755 320 1775 352 b

116 378 511 454 Ἑρμῆνεῖναι,
542 379 666 436 τινὰ
698 380 759 436 δὲ
788 379 885 437 τὸν
916 387 1029 437 Δία
1059 382 1434 454 νενομικέναι,
1466 384 1731 438 τοσοῦτον

52 493 57 496 ’
125 461 312 522 αὐτῶν
361 463 456 530 τὰς
512 469 758 531 διανοίας
804 467 1126 537 ἐξέπληττεν
1165 462 1198 536 ἡ
1249 458 1359 522 ταῖν
1400 463 1730 538 παραδόξων

78 572 99 604 5
123 554 303 623 ἔργων
334 551 607 616 ἐπίδειξις.
654 554 740 605 27.
773 551 864 606 καὶ
898 546 964 621 δὴ
988 546 1132 606 οὕτω
1156 551 1519 622 διακειμένοις
1549 547 1723 606 πάνθ’

120 630 226 690 ὅσα
265 634 394 708 περὶ
433 635 534 690 τοῦ
566 630 747 706 Ἰησοῦ
794 633 1165 706 κατήγγελλον
1212 631 1318 706 ἤδη
1360 632 1555 691 λοιπὸν
1594 630 1728 706 άλη-

120 715 316 774 θεύειν
347 713 587 790 εὐλόγως
613 721 940 791 ἐνομίζοντο,
973 720 1061 774 καὶ
1094 720 1163 791 τῇ
1191 715 1326 790 μετὰ
1355 717 1452 775 τὸν
1481 715 1730 775 θάνατον

121 799 422 873 ἆναβιωσει
440 799 611 858 αὐτοῦ
636 799 735 874 οὐχ
756 800 950 868 ἁπλοῖς
969 798 1095 858 οὐδ’
1123 800 1542 867 ἀναποδείκτοις
1567 806 1727 874 ἐμαρ-

119 883 329 959 τύρουν
358 883 567 957 λόγοις,
603 884 676 949 δι’
715 882 885 957 αὐτῆς
918 883 970 942 δ’
1007 889 1284 959 ἐνεργείας
1313 891 1559 956 ἔπειθον,
1593 889 1730 955 ζῶν-

58 996 99 1027 10
121 992 211 1035 τος
243 974 376 1042 ἔργα
406 972 793 1042 παριστῶντες.
854 974 936 1026 28.
973 976 1023 1026 εί
1054 971 1112 1026 δὲ
1145 972 1237 1026 καὶ
1267 967 1404 1026 θεὸν
1436 966 1605 1026 αὐτὸν
1635 972 1727 1026 καὶ

120 1057 259 1111 θεοῦ
300 1059 475 1110 παῖδα
519 1053 624 1126 πρὸ
663 1058 758 1127 τῆς
805 1059 882 1120 εἰς
922 1052 1259 1126 ἀνθρώπους
1300 1052 1538 1126 ἀφίξεως
1579 1054 1726 1126 παρὰ
1750 1091 1766 1112 0

118 1141 196 1213 τῷ
235 1140 402 1211 πατρὶ
440 1136 785 1211 τυγχάνοντα
825 1137 1222 1211 κατήγγελλον,
1265 1140 1357 1194 καὶ
1396 1136 1572 1214 τούτῳ
1613 1144 1728 1204 πῶς

120 1219 224 1278 οὐκ
247 1219 317 1278 ἂν
337 1223 678 1296 προσέθεντο
699 1227 927 1296 μᾶλλον,
962 1221 1021 1279 τὸ
1047 1225 1300 1280 έναντιόν
1331 1220 1563 1301 ἄπιστον
1586 1222 1728 1279 εἶναι

121 1307 214 1361 καὶ
257 1303 540 1363 ἀδύνατον
591 1305 887 1380 ἡγούμενοι
943 1305 1195 1380 εἰκότως,
1253 1305 1602 1380 λογισάμενοι
1654 1305 1727 1379 μὴ

59 1414 98 1446 15
124 1387 406 1446 δύνασθαι
454 1393 664 1462 θνητῆς
716 1396 849 1466 ἔργα
902 1389 1124 1464 φύσεως
1179 1391 1322 1449 εἶναι
1370 1396 1613 1464 νομίζειν
1662 1390 1727 1447 τά

125 1471 406 1546 δρώμενα,
438 1470 576 1530 ἀλλὰ
605 1478 773 1547 θεοῦ,
807 1470 910 1532 κᾶν
939 1473 1012 1548 μὴ
1045 1477 1175 1549 λέγῃ
1206 1500 1314 1545 τις,
1355 1479 1439 1532 29.
1473 1473 1620 1532 τοῦτ’
1659 1467 1727 1545 ἧν

121 1555 227 1631 ἄρα
269 1560 360 1614 καὶ
400 1556 568 1615 οὐδὲν
607 1556 739 1615 ἄλλο
781 1558 840 1615 τὸ
885 1559 1119 1632 ζητηθὲν
1150 1557 1284 1616 αὐτὸ
1318 1561 1522 1630 ἐκεῖνο,
1563 1554 1726 1634 ὁποίᾳ

122 1639 356 1714 δυνάμει
386 1641 775 1715 περιγεγόνασι
805 1649 917 1700 τῶν
949 1647 1009 1700 ἐν
1039 1640 1231 1716 άρχαῖς
1275 1640 1645 1716 ἀκροωμένων
1675 1647 1731 1700 oe

119 1729 216 1783 τοῦ
241 1723 420 1798 Ἰησοῦ
450 1729 716 1799 μαθηταὶ,
747 1729 838 1783 καὶ
859 1724 1006 1793 ὅπως
1021 1725 1291 1800 ’Έλληνας
1313 1723 1450 1800 ὁμοῦ
1472 1729 1563 1783 καὶ
1594 1733 1725 1800 βαρ-

56 1833 98 1866 20
122 1807 326 1885 βάρους
359 1808 430 1877 ὡς
463 1808 775 1884 περὶλόγου
796 1818 937 1869 θεοῦ
969 1812 1095 1885 περὶ
1120 1813 1293 1868 αὐτοῦ
1314 1825 1548 1884 φρονεῖν
1579 1816 1727 1884 ἔπει-

121 1911 253 1966 σαν,
300 1891 447 1961 ὅπως
495 1919 554 1953 τε
597 1899 656 1952 ἐν
696 1897 886 1969 μέσαις
924 1910 1043 1962 ταῖς
1082 1894 1310 1953 πόλεσιν
1349 1897 1441 1952 καὶ
1481 1893 1587 1952 ἀνὰ
1632 1893 1726 1962 τὰς
1750 1920 1771 1952 α

121 1977 299 2053 χώρας
332 1977 617 2051 εὐσεβείας
651 1978 772 2046 ἑνὸς
794 1983 893 2037 τοῦ
923 1982 1011 2037 ἐπὶ
1039 1978 1264 2038 πάντων
1287 1982 1428 2037 θεοῦ
1457 1978 1728 2052 συνεστή-

121 2080 287 2120 σαντο
320 2069 692 2122 διδασκαλεῖα.
754 2069 836 2121 30.
873 2070 1049 2122 καίτοι
1079 2071 1160 2131 τίς
1191 2061 1293 2122 οὐκ
1315 2061 1385 2120 ἂν
1415 2062 1727 2136 θαυμάσειε

120 2147 255 2221 πρὸς
298 2147 496 2205 ἑαυτὸν
538 2147 984 2222 ἐπιλογισάμενος
1024 2150 1115 2206 καὶ
1147 2150 1490 2221 ἐνθυμηθεὶς
1521 2144 1594 2214 ὡς
1623 2146 1727 2205 οὐκ

57 2258 98 2290 25
120 2229 480 2305 ἀνθρώπινον
521 2225 590 2304 ἦν
628 2232 688 2290 τὸ
727 2232 857 2307 μηδ’
902 2232 1095 2291 ἄλλοτε
1137 2231 1244 2290 ὑπὸ
1277 2238 1411 2306 μίαν
1460 2230 1562 2305 τὴν
1595 2230 1726 2290 Ῥω-

120 2323 299 2388 μαίων
319 2318 582 2389 γενέσθαι
603 2317 667 2374 τὰ
689 2325 919 2375 πλεῖστα
942 2322 1036 2391 τῆς
1058 2319 1383 2390 οἰκουμένης
1408 2322 1566 2388 ἔθνη,
1599 2314 1719 2372 ἀλλ’

121 2398 227 2457 ἀπὸ
258 2405 370 2459 τῶν
399 2404 498 2459 τοῦ
521 2400 699 2474 Ἰησοῦ
730 2401 960 2477 χρόνων.
1025 2406 1108 2458 31.
1143 2401 1254 2475 ἅμα
1285 2400 1390 2474 γὰρ
1420 2406 1486 2474 τῇ
1521 2406 1599 2466 εἰς
1630 2398 1723 2456 ἀν-

121 2482 382 2555 θρώπους
414 2484 584 2543 αὐτοῦ
615 2486 910 2564 παραδόξῳ
944 2489 1205 2561 ἐπιδημιά
1236 2488 1327 2542 καὶ
1356 2482 1421 2541 τὰ
1446 2481 1725 2556 Ῥωμαίων

121 2566 361 2640 ἀκμάσαι
407 2573 754 2644 συνηνέχθη,
805 2571 925 2628 τότε
975 2574 1195 2642 πρῶτον
1238 2566 1566 2641 Αὐγούστου
1614 2571 1725 2624 τῶν

57 2677 99 2711 30
122 2658 397 2710 πλείστων
421 2656 603 2713 ἐθνῶν
622 2653 1087 2730 μοναρχήσαντος,
1121 2651 1250 2711 καθ’
1282 2649 1347 2710 ὂν
1368 2650 1724 2725 Κλεοπάτρας

235 2849 259 2887 3
291 2847 390 2887 Aet..
415 2848 480 2899 14,
506 2848 571 2887 12.
