1992 3186
235 118 338 171 328
917 120 1164 162 EUSEBH

227 240 638 339 προσηγορίας,
710 243 765 290 εἴ
809 257 873 306 γε
927 235 1276 307 ἑρμηνευθεν
1331 230 1547 308 ὁρῶντα
1597 234 1736 293 θεὸν
1785 235 1845 293 τὸ

227 317 444 392 Ἰσραὴλ
484 317 658 391 ὄνομα
697 323 968 390 σημαίνει.
1049 315 1151 375 οὐκ
1190 317 1298 390 ἄρα
1349 317 1446 376 τὸν
1486 321 1573 375 ἐπὶ
1622 317 1847 377 πάντων

234 403 373 461 θεὸν
406 400 577 473 ἑώρα·
609 399 840 501 ἀόρατος
870 400 975 474 γάρ
1006 394 1165 469 οὗτος
1195 406 1288 460 καὶ
1317 400 1600 477 άτρεπτος,
1633 405 1726 460 καὶ
1755 402 1847 461 οὐ·

237 490 422 560 δαμῶς
452 482 523 542 ἂν
561 491 639 552 εἰς
669 483 975 559 ἄνθρωπον
1002 485 1300 559 μεταβάλοι
1329 483 1358 544 5
1388 485 1565 560 πάσης
1598 484 1677 544 ῶν
1705 484 1846 545 ἀνω-

236 571 380 628 τάτω
410 568 630 635 οὐσίας·
679 573 870 644 ἕτερον
899 567 1034 643 άρα,
1065 571 1132 627 οὐ
1164 573 1256 627 καὶ
1287 575 1846 673 πολυπραγμονοῦντι
1868 595 1891 628 5

190 692 207 714 ο
236 652 424 728 καιρός
464 675 550 710 πω
592 651 697 711 οὐκ
737 655 808 724 ἠν
840 657 1076 727 ἐκφᾶναι
1117 658 1195 711 τῶ
1219 652 1409 727 Ἰακώβ
1439 654 1543 727 τὴν
1572 674 1849 728 προσηγο-

238 745 383 812 ρίαν.
455 742 503 795 3.
540 743 592 795 εί
631 739 691 795 δε
730 734 981 811 ἀγγέλων
1020 763 1174 811 τινα,
1215 735 1249 811 ἢ
1291 743 1403 796 τῶν
1443 735 1563 796 κατ’
1606 737 1850 812 οὐρανὸν

236 828 414 881 θείων
443 820 778 895 πνευμάτων
800 821 898 880 τὸν
913 836 1027 890 τοῖς
1058 819 1235 895 ἀγίοις
1264 823 1392 890 τοὺς
1423 821 1701 897 χρησμοὺς
1733 829 1849 880 δια-

238 905 579 980 κονούμενον
619 905 895 979 ὑπολάβοι
933 931 1014 974 τις
1055 907 1225 980 εἶναι,
1267 911 1460 981 σαφῶς
1501 910 1847 975 διέψευσται·

237 995 400 1048 τοῦτο
430 991 533 1064 μὲν
564 988 670 1048 ἀπὸ
700 994 796 1048 τοῦ
829 999 1311 1064 κυριολεκτεῖσθαι
1341 994 1433 1050 καὶ
1455 999 1849 1064 θεολογεῖσθαι
1871 1015 1914 1048 10

236 1074 333 1133 τὸν
386 1073 759 1148 δηλούμενον·
827 1078 920 1131 καὶ
971 1074 1078 1148 γὰρ
1119 1078 1213 1132 καὶ
1250 1074 1390 1134 θεὸν
1430 1074 1602 1133 αὐτὸν
1647 1071 1679 1147 ἡ
1718 1081 1851 1133 θεία

236 1157 424 1232 γραφὴ
457 1158 766 1233 διαρρήδην
795 1157 1152 1232 ἀναγορεύει,
1194 1161 1286 1216 καὶ
1326 1159 1522 1234 κύριον
1561 1156 1847 1231 ἀποκαλεῖ,

236 1247 303 1318 τῇ
338 1241 429 1300 διὰ
458 1246 571 1300 τῶν
594 1242 880 1315 τεσσάρων
903 1240 1037 1317 παρ’
1056 1242 1329 1317 Ἑβραίοις
1353 1250 1641 1318 στοιχείων
1665 1246 1851 1315 ἐπιση-

238 1325 462 1400 μειῶσει
491 1330 731 1400 τιμῶσα,
762 1325 835 1399 ἣν
866 1329 955 1384 ἐπὶ
986 1326 1160 1400 μόνης
1188 1331 1284 1400 τῆς
1327 1325 1728 1401 ἀνεκφωνήτου
1759 1329 1852 1384 καὶ

238 1410 483 1485 ἀρρήτου
514 1418 886 1485 προσηγορίας
924 1413 1020 1483 τῆς
1063 1416 1163 1468 τοῦ
1194 1415 1335 1469 θεοῦ
1364 1413 1690 1469 συντιθέναι
1720 1425 1851 1469 παῖ-
1874 1434 1916 1466 15

242 1501 332 1561 δες
354 1494 629 1567 Ἐβραίων
661 1493 923 1552 εἰώθασι·
979 1499 1140 1553 τοῦτο
1186 1496 1248 1552 δὲ
1277 1498 1369 1552 καὶ
1411 1493 1519 1553 ἀπὸ
1557 1500 1655 1553 τοῦ
1686 1493 1848 1568 ἀγγέ-

238 1588 370 1646 λους
401 1582 592 1651 σαφῶς
624 1585 914 1652 διορίζειν,
947 1576 1038 1637 ὅτε
1071 1578 1140 1652 δὴ
1170 1579 1428 1652 βούλοιτο
1459 1577 1726 1652 ἀγγέλους
1755 1603 1850 1636 κα-

196 1691 218 1722 d
239 1671 359 1722 λεῖν
387 1662 416 1720 5
448 1663 637 1736 λόγος,
671 1661 855 1738 ῶσπερ
885 1664 1015 1731 τούς
1047 1667 1108 1721 ἐν
1138 1663 1412 1737 Σοδόμοις
1442 1663 1660 1735 ἀσεβεῖς
1689 1661 1852 1729 ὄντας

238 1746 267 1804 5
310 1749 412 1820 μὲν
450 1752 526 1823 τῷ
551 1746 799 1821 Ἀβραὰμ
839 1754 1184 1821 χρηματίζων
1220 1746 1355 1813 θεὸς
1394 1751 1487 1804 καὶ
1525 1746 1713 1821 κύριος
1755 1750 1852 1818 τῆς

242 1829 414 1889 αὐτοῦ
453 1838 759 1906 παρουσίας
797 1829 1053 1904 οὐδαμῶς
1093 1829 1264 1902 ἀξιοῖ,
1320 1827 1394 1898 ῶς
1439 1823 1607 1896 αὖθις
1643 1829 1677 1902 ἡ
1718 1836 1850 1888 θεία
1872 1854 1916 1886 20

241 1915 427 1988 γραφὴ
469 1918 616 1988 λέγει
650 1912 714 1971 “5
754 1916 858 1987 μὲν
899 1914 1088 1987 κύριος
1130 1913 1416 1986 ἀπῆλθεν,
1460 1913 1534 1980 ῶς
1577 1912 1850 1972 ἐπαύσατο

241 2005 426 2056 λαλῶν
464 2004 540 2074 τῷ
576 1996 850 2072 Ἀβραὰμ,
891 2002 949 2055 οί
986 1998 1047 2054 δὲ
1081 1996 1182 2054 δύο
1221 1995 1444 2070 ἄγγελοι
1483 1999 1743 2070 ἀπῆλθον
1773 2004 1852 2064 εἰς

241 2081 471 2154 Σόδομα
504 2080 793 2154 ἑσπέρας.”
856 2085 905 2137 4.
939 2083 1128 2158 καὶτῷ
1151 2080 1344 2154 Ἰακώβ
1371 2083 1434 2139 δὲ
1456 2078 1852 2154 “συνη’ντησαν

240 2163 463 2238 ἄγγελοι
493 2169 661 2222 θεοῦ·
708 2167 800 2222 καὶ
831 2163 970 2222 ίδῶν
1002 2165 1140 2238 εἶπε,
1171 2165 1491 2239 παρεμβολὴ
1521 2169 1664 2223 θεοῦ
1694 2163 1847 2237 αὕτη.

242 2252 334 2306 καὶ
375 2247 600 2306 ἐκάλεσε
646 2248 706 2306 τὸ
746 2246 921 2321 ὄνομα
961 2252 1062 2306 τοῦ
1098 2247 1271 2307 τόπου
1312 2256 1530 2307 ἐκείνου
1569 2254 1851 2323 παρεμβο-
1873 2271 1916 2304 25

243 2331 393 2390 λαί.”

370 2421 418 2474 5.
457 2414 647 2483 Οὕτως
681 2414 747 2489 δὴ
777 2414 806 2473 5
836 2414 1106 2489 θεοφιλὴς
1147 2408 1209 2473 εὖ
1242 2418 1518 2489 διέκρινεν
1556 2415 1652 2482 τάς
1680 2414 1852 2472 ὀπτα-

244 2508 368 2567 σίας
412 2498 551 2558 ῶστε
589 2504 696 2558 νῦν
725 2501 827 2573 μὲν
867 2497 927 2557 τὸ
958 2498 1130 2573 ὄνομα
1159 2505 1257 2557 τοῦ
1285 2498 1461 2557 τόπου
1499 2499 1851 2573 παρεμβολὰς

245 2593 463 2657 καλεῖν,
507 2581 614 2641 ἀπὸ
654 2587 750 2656 τῆς
789 2586 900 2641 τῶν
942 2581 1248 2657 ἀγγελικῶν
1287 2588 1655 2656 παρεμβολῶν
1697 2585 1849 2650 θέας.

243 2667 333 2725 ὅτε
366 2669 428 2725 δὲ
457 2671 534 2745 τῷ
562 2672 682 2745 θεῷ
713 2676 1055 2744 προσομιλεῖ,
1088 2675 1248 2726 καλεῖ
1265 2666 1325 2724 τὸ
1349 2665 1522 2741 ὄνομα
1551 2669 1650 2725 τοῦ
1679 2665 1849 2724 τόπου
1871 2688 1915 2720 3ο

358 2862 409 2900 21
443 2860 556 2903 Gen.
581 2863 649 2913 32,
671 2864 710 2901 2.
745 2885 749 2887 -
887 2863 940 2903 23
972 2861 1086 2902 Gen.
1109 2862 1176 2909 32,
1199 2863 1237 2903 1.
