1992 3186
624 154 929 197 DEMONST.
965 155 1182 196 EVANG.
1214 155 1266 198 V.
1301 157 1337 196 1.
1675 154 1775 206 301

169 270 362 344 κύριον
394 274 486 328 καὶ
516 269 688 344 μόνον
718 267 943 343 ἀληθῶς
983 268 1230 342 ἀγαθὸν,
1271 266 1491 342 ἆγαθοῦ
1529 294 1778 344 γεννητι-

167 358 294 427 κὸν,
340 354 763 428 δευτερεύοντος
805 355 895 426 δὲ,
939 357 1030 411 καὶ
1075 350 1148 420 ὥς
1189 350 1259 412 ἂν
1299 351 1406 411 ἀπὸ
1437 354 1655 427 πρώτης
1686 358 1776 412 καὶ

167 440 478 514 ἡγουμένης
509 436 702 506 οὐσίας
736 441 1240 512 ἐπιχορηγουμένου
1271 443 1368 496 τοῦ
1400 442 1557 511 υἱοῦ,
1594 436 1652 506 ὃς
1685 443 1776 496 καὶ

167 524 332 598 μόνος
361 527 456 597 τῆς
487 527 751 597 πατρικῆς
783 521 976 590 οὐσίας
1002 522 1211 581 εὐωδία
1232 548 1312 590 τις
1337 519 1469 596 ἡμῖν
1491 522 1778 597 ἀνείρηται

124 632 144 665 5
171 608 503 667 δουλεύουσι
548 614 717 685 λογίω
763 607 1086 666 παιδεύοντι
1131 610 1257 682 περὶ
1310 606 1512 679 αὐτοῦ,
1571 607 1654 666 ὅτι
1707 609 1775 681 δὴ

162 691 358 767 “ἄτμίς
404 696 517 750 ἐστι
557 697 652 765 τῆς
698 697 794 750 τοῦ
834 696 975 750 θεοῦ
1018 692 1332 765 δυνάμεως,
1374 694 1467 749 καὶ
1509 691 1779 766 ἀπόρροια

167 782 263 851 τῆς
293 782 391 835 τοῦ
423 800 862 850 παντοκρατορος
905 775 1064 849 δόξης
1099 777 1426 849 εἰλικρινὴς,
1476 779 1569 834 καὶ
1600 776 1778 834 ἀπαύ-

170 881 355 936 γασμα
384 860 566 935 φωτὸς
606 858 821 931 αϊδίου,
863 862 954 917 καὶ
996 867 1264 934 ἔσοπτρον
1302 858 1647 933 ακηλίόωτον
1686 865 1780 934 τῆς

168 951 266 1004 τοῦ
289 949 430 1004 θεοῦ
454 950 735 1018 ἐνεργείας
758 948 850 1001 καὶ
886 944 1052 1002 εἰκών
1075 949 1170 1017 τῆς
1194 942 1534 1018 αγαθότητος
1559 944 1760 1004 αῦτοῦῖ

105 1055 146 1087 10
295 1035 379 1087 25.
437 1029 598 1102 Πλὴν
647 1027 786 1086 ἄλλα
836 1033 1010 1086 ταῦτα
1051 1027 1158 1102 ὅπη
1200 1054 1271 1085 αν
1322 1054 1403 1094 τις
1455 1031 1546 1086 καὶ
1599 1033 1774 1101 θέλοι,

168 1113 341 1189 ταύτῃ
381 1116 657 1172 τιθέσθω
726 1113 861 1187 ἡμῖν
902 1114 963 1170 δε
1004 1117 1222 1186 ἐξαρκεῖ
1260 1113 1319 1170 τὸ
1363 1112 1568 1186 ἀληθὲς
1602 1118 1779 1172 ἐκεῖνο

170 1202 260 1257 καὶ
294 1196 521 1272 εὐσεβες
554 1191 722 1265 αὖθις
756 1196 1243 1271 ἐπαναλαμβανειν
1274 1201 1448 1272 ῥῆμα,
1482 1198 1553 1256 δι’
1592 1191 1657 1256 οὗ
1688 1201 1780 1256 καὶ

168 1283 270 1356 τὴν
322 1283 486 1341 λύσιν
529 1281 869 1356 ἐπιθήσομεν
923 1297 1036 1350 τοῖς
1090 1286 1465 1356 ἐζητημένοις,
1520 1282 1780 1348 πολλακις

169 1365 277 1440 ἤδη
311 1367 624 1433 ἐπειπόντες
647 1365 790 1438 “τὴν
819 1366 1020 1438 γενεὰν
1061 1366 1234 1425 αὐτοῦ
1275 1374 1357 1434 τίς
1393 1366 1775 1440 ὃιηγήσεται;”

107 1475 146 1507 15
172 1450 464 1523 ἀνέφικτος
495 1450 599 1524 γὰρ
626 1450 698 1516 ὡς
723 1449 968 1523 ἀληθῶς,
1000 1453 1093 1508 καὶ
1116 1450 1220 1508 οὐκ
1243 1450 1566 1523 ἀνθρώποις
1588 1452 1779 1525 μόνον,

171 1534 309 1592 ἀλλὰ
341 1538 433 1592 καὶ
462 1548 581 1603 ταῖς
612 1534 789 1607 πάσης
833 1537 1086 1592 ἐπέκεινα
1127 1532 1319 1602 οῦσίας
1367 1535 1703 1609 δυνάμεσιν,
1745 1532 1778 1607 ἡ

170 1624 268 1677 τοῦ
309 1624 646 1692 μονογενοῦς
690 1624 787 1676 τοῦ
830 1624 970 1676 θεοῦ
1011 1643 1270 1693 τυγχανει
1311 1623 1553 1691 γένεσις,
1597 1617 1780 1693 ὥσπερ

171 1705 272 1761 οὐν
296 1706 387 1760 καὶ
412 1701 574 1770 αὐτὸς
598 1703 626 1760 ὁ
653 1702 835 1776 σωτὴρ
870 1707 961 1760 καὶ
998 1702 1186 1774 κύριος
1212 1703 1368 1777 ἡμῶν
1391 1703 1518 1770 τούς
1542 1710 1780 1771 οἰκείους

170 1787 420 1860 μαθητας
451 1785 592 1845 αὐτὰ
626 1787 693 1861 δὴ
724 1794 896 1844 ταῦτα
937 1795 1318 1860 μυσταγωγῶν
1363 1785 1393 1807 ‘
1412 1787 1597 1855 οὐδεὶς
1639 1795 1780 1860 ἔγνω

107 1895 148 1927 20
172 1872 358 1945 (φησὶ)
390 1872 487 1929 τὸν
512 1874 719 1945 πατέρα
753 1879 802 1929 εἰ
831 1870 904 1946 μὴ
935 1871 963 1928 ὁ
997 1869 1163 1938 υίός.”
1222 1877 1304 1928 26.
1355 1865 1397 1929 ω
1427 1875 1518 1929 καὶ
1547 1875 1780 1945 ἐπιλέγει

163 1953 291 2012 “uoci
314 1955 502 2024 οὐδεὶς
527 1965 668 2029 ἔγνω
699 1955 796 2014 τὸν
826 1956 954 2014 υἱὸν
986 1963 1034 2014 εί
1064 1955 1136 2030 μὴ
1168 1952 1196 2013 ὁ
1229 1954 1457 2029 πατήρ.”
1491 1955 1782 2030 ἀγνώστου

170 2047 365 2098 τοίνυν
384 2037 582 2114 ὁμοίως
612 2044 708 2113 τῆς
733 2064 792 2098 τε
813 2044 940 2114 περὶ
960 2043 1060 2098 τοῦ
1083 2040 1286 2114 πατρὸς
1307 2045 1399 2099 καὶ
1419 2045 1514 2114 τῆς
1538 2045 1663 2115 περὶ
1685 2046 1781 2099 τοῦ

1809 1476 1830 1507 d

171 2128 300 2182 υἱοῦ
315 2132 606 2199 θεολογίας
625 2139 738 2192 τοῖς
758 2129 890 2182 πᾶσι
914 2125 1060 2197 πλὴν
1081 2124 1267 2193 αὐτοῖς
1291 2126 1690 2200 τυγχανούσης,
1713 2123 1784 2194 ὡς
1806 2151 1891 2193 [137]

174 2211 232 2265 ἐν
264 2208 593 2282 ἀπορρήτοις
627 2213 686 2267 ἐν
715 2223 834 2277 ταῖς
864 2217 1291 2284 παρατεθείσαις
1322 2215 1420 2267 τοῦ
1454 2215 1784 2284 Σολομῶνος

108 2313 148 2348 25
173 2295 347 2362 λέξεσι
377 2297 472 2367 τῆς
505 2302 722 2366 Σοφίας
753 2293 1055 2352 ἀκουστέον
1087 2293 1356 2367 λεγούσης
1380 2294 1524 2369 “πρὸ
1555 2298 1654 2352 τοῦ
1676 2293 1777 2367 ὅρη

176 2379 522 2451 ἑδρασθῆναι
564 2381 656 2435 καὶ
699 2383 1021 2451 πλασθῆναι
1051 2378 1152 2450 τὴν
1182 2384 1307 2452 γῆν,
1341 2379 1446 2451 πρὸ
1474 2380 1534 2435 δὲ
1558 2379 1782 2436 πάντων

175 2465 394 2530 βουνῶν
431 2466 604 2537 γεννᾷ
645 2460 756 2536 με.”
837 2467 920 2520 27.
983 2470 1061 2519 ἔτι
1106 2467 1168 2519 δέ
1217 2483 1355 2536 φησι
1408 2475 1779 2535 συμπαρεῖναι
1805 2488 1892 2529 (217)

175 2546 251 2618 τῷ
281 2549 444 2619 πατρὶ
473 2547 571 2604 τὸν
599 2545 842 2619 οὐρανὸν
875 2546 1359 2616 κατασκευάζοντι·
1399 2546 1428 2566 “
1446 2546 1612 2617 ἡνίκα
1637 2549 1779 2618 γοῦν

175 2626 425 2699 ἡτοίμαζε
466 2629 564 2688 τὸν
593 2630 863 2705 οὐρανὸν,
906 2629 1280 2704 συμπαρήμην
1320 2628 1520 2706 αὐτῷ.”
1587 2633 1677 2687 καὶ
1719 2630 1779 2687 τὸ

290 2850 314 2888 6
348 2848 452 2901 Sap.
477 2851 514 2898 7,
538 2852 603 2893 25.
824 2855 875 2892 14
907 2853 981 2895 Es.
1006 2854 1072 2895 53,
1097 2853 1135 2894 S.
1351 2853 1401 2892 19
1434 2852 1596 2893 Matth.
1621 2854 1687 2903 11,
1712 2854 1779 2893 27.

178 2905 231 2944 '28
267 2905 399 2947 Prov.
422 2904 461 2955 8,
485 2907 552 2946 25.
810 2909 863 2947 {28
886 2909 1018 2948 Prov.
1052 2909 1090 2952 8,
1117 2910 1185 2949 27.
