1946 3158
599 146 902 190 DEMONST.
936 148 1152 190 EVANG.
1184 149 1243 191 11.
1274 151 1313 190 3.
1660 147 1760 200 109

287 269 367 321 77.
396 261 560 321 Ἀλλὰ
585 261 690 336 γὰρ
723 266 784 320 ἐν
813 265 1008 340 τοιῷδε
1040 266 1232 340 καιρῷ,
1267 266 1328 321 ἐν
1358 254 1401 340 ᾧ
1431 262 1491 321 τὸ
1514 261 1639 337 ὅρος
1664 289 1759 322 κυ-

156 356 283 421 ρίου
327 353 462 406 πᾶσι
501 361 614 415 τοῖς
660 353 888 406 ἔθνεσιν
926 345 1139 420 ἀνάγκη
1189 346 1590 420 κηρύττεσθαι,
1631 347 1662 405 ὅ
1701 374 1759 407 τε

159 436 246 490 ἐπὶ
276 436 376 491 τοῦ
404 431 569 506 ὅρους
599 431 747 500 οἶκος
776 435 876 489 τοῦ
907 437 1046 491 θεοῦ
1091 430 1177 505 ἐφ’
1214 424 1281 489 οὗ
1311 430 1491 490 πάντα
1523 432 1588 490 τὰ
1619 439 1758 507 ἔθνη

155 516 419 576 συνιόντα
461 519 637 591 φασὶν
670 511 700 534 “
718 522 780 574 δε
800 519 878 574 ’τε
920 518 1010 574 καὶ
1062 515 1360 590 ἆναβῶμεν
1411 523 1490 585 εἰς
1532 517 1592 575 τὸ
1633 515 1758 592 ὅρος
1784 552 1799 574 c

110 628 133 658 5
157 607 374 675 κυρίου,
407 604 498 659 καὶ
531 607 607 667 εἰς
637 601 734 659 τὸν
764 601 919 659 οἷκον
948 605 1046 659 τοῦ
1085 605 1223 658 θεοῦ
1248 599 1444 674 Ἰακώβ
1462 598 1504 627 ·”
1575 601 1757 660 τοιαύ-

153 711 270 754 ταις
299 682 328 744 ὁ
361 685 520 759 λόγος
562 684 904 760 χρησάμενος
937 692 1286 758 κατηγορίαις
1330 691 1427 744 τοῦ
1466 685 1753 744 Ἰουδαίων
1782 717 1846 759 {45}

153 779 377 844 ἔθνους,
409 769 712 843 ἀπειλήσας
741 793 801 827 τε
834 767 1019 838 αὐτοῖς
1049 770 1114 827 τὰ
1146 777 1364 843 ἔσχατα,
1402 771 1758 830 ἐπισυνάπτει

152 854 365 922 τούτοις
401 858 533 913 πᾶσι
575 853 671 922 τοὶς
713 861 1140 928 προεκτεθείσας
1184 852 1318 928 ἡμῖν
1357 858 1557 928 λέξεις,
1603 856 1756 913 διδά-

155 958 307 997 σκων
355 938 437 997 ὅτι
489 942 590 996 τοῦ
641 939 845 1005 παντὸς
883 935 1170 997 Ἰουδαίων
1224 945 1426 1007 ἔθνους
1466 943 1758 1013 μέλλοντος

90 1051 131 1082 10
153 1021 558 1082 ἀποπεσεῖσθαι
599 1029 695 1096 τῆς
737 1023 873 1081 κατὰ
924 1023 1021 1081 τὸν
1071 1021 1210 1082 θεὸν
1242 1020 1559 1098 εὐσεβείας,
1602 1049 1761 1099 περι-

152 1108 560 1182 λειφθήσονταί
600 1132 746 1177 τινες
789 1111 848 1166 ἐν
889 1105 1075 1176 αὐτοῖς
1126 1107 1194 1166 οὐ
1235 1107 1759 1176 συναπολαύσαντες

151 1207 264 1261 τοῖς
295 1196 427 1251 πᾶσι
457 1197 569 1251 τῶν
599 1197 811 1251 κακῶν·
855 1200 1091 1267 ἔμπαλιν
1125 1194 1185 1250 δὲ
1227 1192 1299 1261 ὡς
1334 1189 1404 1252 ἄν
1448 1197 1508 1251 ἐκ
1545 1204 1760 1267 μοχθη-

152 1281 269 1352 ρων
299 1280 392 1335 καὶ
421 1277 762 1352 παρανόμων
797 1279 1259 1351 διασεσωσμένοι,
1292 1281 1385 1335 καὶ
1415 1276 1474 1335 τὸ
1508 1283 1758 1352 δοκίμιον

155 1364 246 1418 καὶ
277 1360 336 1419 τὸ
371 1362 661 1437 εἰλικρινὲς
690 1366 788 1435 τῆς
831 1359 1117 1435 εὐσεβείας
1149 1365 1617 1436 ἐπιδεδειγμένοι,
1663 1367 1759 1435 τῆς

91 1473 132 1504 15
155 1445 303 1520 παρὰ
332 1449 407 1523 τῷ
430 1452 548 1522 θεῷ
580 1450 796 1520 γραφῆς
820 1446 1332 1519 καταξιωθήσονται
1355 1449 1447 1504 καὶ
1473 1446 1617 1520 ἅγιοι
1631 1455 1751 1521 κλη-
1785 1465 1807 1496 d

152 1529 423 1602 θήσονται
457 1533 557 1588 τοῦ
594 1534 735 1588 θεοῦ
771 1534 974 1588 δοῦλοι.
1049 1531 1128 1588 78.
1164 1537 1327 1603 δηλοῖ
1347 1532 1409 1588 δὲ
1434 1530 1524 1588 διὰ
1545 1530 1758 1589 τούτων

152 1614 279 1681 τοὺς
309 1619 408 1672 τοῦ
439 1620 686 1690 σωτῆρος
717 1611 875 1688 ἡμῶν
905 1611 1244 1682 ἀποστόλους
1270 1618 1362 1672 καὶ
1391 1614 1645 1688 μαθητὰς
1667 1618 1758 1673 καὶ

152 1697 542 1772 εὐαγγελιστὰς
572 1701 664 1756 καὶ
694 1699 822 1765 τούς
852 1697 1078 1766 λοιποὺς
1107 1697 1354 1767 ἅπαντας
1394 1699 1522 1766 τούς
1569 1703 1629 1757 ἐν
1659 1724 1759 1758 πε-

151 1786 348 1858 ριτομῇ
378 1789 454 1850 είς
488 1779 657 1841 αὐτὸν
679 1782 1110 1850 πεπιστευκότας
1142 1783 1278 1840 κατὰ
1308 1782 1404 1841 τὸν
1433 1782 1634 1857 χρόνον
1664 1787 1758 1857 τῆς

86 1893 130 1926 20
153 1865 523 1934 ἀποπτώσεως
553 1872 652 1925 τοῦ
683 1865 889 1936 παντὸς
921 1864 1107 1926 αὐτῶν
1139 1874 1357 1934 ἔθνους.
1466 1873 1544 1925 79.
1586 1873 1757 1926 ταῦτα

153 1953 214 2010 δὲ
237 1958 534 2010 αἰνίττεται
565 1951 799 2025 φάσκων
828 1949 856 2010 ὃ
890 1951 1050 2025 λόγος
1096 1948 1127 1970 “
1148 1956 1209 2011 ἐν
1239 1957 1304 2027 τῇ
1336 1948 1514 2029 ἡμέρα
1554 1956 1756 2028 ἐκείνῃ,

154 2038 213 2095 ἐν
251 2029 287 2111 ᾗ
329 2036 585 2110 δηλονότι
637 2035 703 2094 τα
746 2039 1202 2112 προηγορευμένα
1240 2035 1420 2095 πάντα
1479 2040 1605 2109 περὶ
1663 2041 1757 2110 τῆς

150 2121 395 2193 κλήσεως
434 2128 548 2179 τῶν
594 2124 780 2179 ἐθνῶν
829 2124 921 2179 καὶ
982 2124 1110 2195 περὶ
1163 2126 1259 2195 τῆς
1315 2125 1427 2180 τῶν
1472 2120 1758 2180 Ἰουδαίων

149 2202 519 2273 ἄποπτιόσεως
549 2205 872 2280 γενήσεται,
905 2205 1199 2280 ἐπιλάμψει
1238 2202 1266 2264 ὁ
1308 2204 1439 2273 θεὸς
1482 2209 1541 2264 ἐν
1581 2210 1757 2282 βουλῇ

4 2313 11 2368 .’ῧ
85 2315 130 2348 25
152 2291 287 2364 μετὰ
319 2290 479 2364 δόξης
505 2292 594 2348 ε’πὶ
625 2297 722 2364 τῆς
744 2293 863 2365 γῆς,
895 2294 991 2349 τοῦ
1031 2290 1255 2359 ὑψῶσαι
1296 2293 1388 2348 καὶ
1433 2290 1658 2359 δοξάσαι
1697 2291 1756 2348 τὸ

3 2373 12 2386 k
149 2376 524 2449 καταλειφθὲν
564 2379 663 2433 τοῦ
699 2372 931 2450 Ἰσραὴλ,
976 2377 1068 2432 καὶ
1103 2383 1272 2436 ,ἔσται
1311 2374 1370 2433 τὸ
1410 2374 1758 2448 ὑπολειφθὲν

151 2462 211 2516 ἐν
242 2458 418 2533 Σιών,
451 2461 543 2518 καὶ
583 2459 642 2518 τὸ
683 2461 1059 2534 καταλειφθὲν
1093 2463 1152 2517 ἐν
1188 2458 1570 2534 Ἰερουσαλὴμ,
1612 2456 1756 2531 ἅγιοι

0 2615 3 2619 .
151 2542 526 2616 κληθήσονται
582 2544 783 2612 πάντες
832 2550 890 2604 οἱ
928 2547 1230 2619 γραφέντες
1271 2550 1348 2612 εἰς
1394 2543 1535 2616 ζωὴν
1577 2546 1637 2600 ἐν
1665 2540 1752 2602 Ἰε-
1779 2576 1845 2615 (69)

0 2626 13 2704 Ξ
152 2626 497 2702 ρουσαλημ”,
541 2627 614 2687 δι’
661 2627 757 2696 οὓς
809 2632 900 2687 καὶ
942 2628 1164 2697 εἰκότως
1205 2626 1311 2686 ἀπὸ
1359 2632 1453 2700 τῆς
1486 2626 1756 2700 Ἰερουσα-

0 2707 10 2777 :⁸
84 2736 130 2768 30
152 2710 259 2785 λὴμ
311 2715 401 2769 καὶ
442 2711 550 2771 ἀπὸ
597 2717 693 2787 τῆς
727 2713 995 2781 Ἰουδαίας
1045 2711 1421 2786 προελθόντας
1470 2711 1609 2787 ὑπὲρ
1662 2716 1756 2785 τῆς

263 2907 314 2946 21
346 2907 425 2946 Es.
458 2909 499 2959 4,
533 2909 570 2948 2.
