<?xml version="1.0" encoding="UTF-8"?>
<!DOCTYPE html PUBLIC "-//W3C//DTD XHTML 1.0 Transitional//EN"
    "http://www.w3.org/TR/xhtml1/DTD/xhtml1-transitional.dtd">
<html xmlns="http://www.w3.org/1999/xhtml" xml:lang="en" lang="en">
 <head>
  <title>
</title>
<meta http-equiv="Content-Type" content="text/html;charset=utf-8" />
  <meta name='ocr-system' content='tesseract 3.04.00' />
  <meta name='ocr-capabilities' content='ocr_page ocr_carea ocr_par ocr_line ocrx_word'/>
</head>
<body>
  <div class='ocr_page' id='page_1' title='image "./operaeusebius03euseuoft_0309.png"; bbox 0 0 1992 3186; ppageno 0'>
   <div class='ocr_carea' id='block_1_1' title="bbox 523 114 1777 168">
    <p class='ocr_par' dir='ltr' id='par_1_1' title="bbox 523 114 1777 168">
     <span class='ocr_line' id='line_1_1' title="bbox 523 114 1777 168; baseline 0.004 -14"><span class='ocrx_word' id='word_1_1' title='bbox 523 114 827 155; x_wconf 80' lang='lat' dir='ltr'>DEMONST.</span> <span class='ocrx_word' id='word_1_2' title='bbox 859 114 1079 155; x_wconf 77' lang='lat' dir='ltr'>EVANG.</span> <span class='ocrx_word' id='word_1_3' title='bbox 1120 117 1172 156; x_wconf 89' lang='lat' dir='ltr'><em>V.</em></span> <span class='ocrx_word' id='word_1_4' title='bbox 1205 117 1418 156; x_wconf 66' lang='lat' dir='ltr'>Pnooffiz.</span> <span class='ocrx_word' id='word_1_5' title='bbox 1674 115 1777 168; x_wconf 79' lang='lat'><em>285</em></span> 
     </span>
    </p>
   </div>
   <div class='ocr_carea' id='block_1_2' title="bbox 107 226 1893 2916">
    <p class='ocr_par' dir='ltr' id='par_1_2' title="bbox 107 226 1893 2916">
     <span class='ocr_line' id='line_1_2' title="bbox 174 226 1779 304; baseline 0 -15"><span class='ocrx_word' id='word_1_6' title='bbox 174 231 316 290; x_wconf 85' lang='grc' dir='ltr'><em>εἶναι</em></span> <span class='ocrx_word' id='word_1_7' title='bbox 346 236 650 304; x_wconf 83' lang='grc' dir='ltr'><em>προφῆται;</em></span> <span class='ocrx_word' id='word_1_8' title='bbox 682 228 932 302; x_wconf 81' lang='grc' dir='ltr'><em>φαύλους</em></span> <span class='ocrx_word' id='word_1_9' title='bbox 967 231 1026 286; x_wconf 74' lang='grc' dir='ltr'><em>δὲ</em></span> <span class='ocrx_word' id='word_1_10' title='bbox 1057 226 1308 296; x_wconf 80' lang='grc' dir='ltr'><em>αὐτούςὸ</em></span> <span class='ocrx_word' id='word_1_11' title='bbox 1342 230 1499 303; x_wconf 89' lang='grc' dir='ltr'><em>λόγος</em></span> <span class='ocrx_word' id='word_1_12' title='bbox 1529 230 1779 304; x_wconf 73' lang='grc' dir='ltr'><em>ἐφώρασε</em></span> 
     </span>
     <span class='ocr_line' id='line_1_3' title="bbox 174 311 1778 388; baseline 0.001 -16"><span class='ocrx_word' id='word_1_13' title='bbox 174 314 266 372; x_wconf 74' lang='grc' dir='ltr'><em>διὰ</em></span> <span class='ocrx_word' id='word_1_14' title='bbox 294 321 390 388; x_wconf 87' lang='grc' dir='ltr'><em>τῆς</em></span> <span class='ocrx_word' id='word_1_15' title='bbox 420 311 798 387; x_wconf 80' lang='grc' dir='ltr'><em>Εὖαγγελικῆς</em></span> <span class='ocrx_word' id='word_1_16' title='bbox 830 321 1333 388; x_wconf 84' lang='grc' dir='ltr'><em>Προπαρασκευῆς,</em></span> <span class='ocrx_word' id='word_1_17' title='bbox 1376 322 1437 372; x_wconf 81' lang='grc' dir='ltr'><em>ἔκ</em></span> <span class='ocrx_word' id='word_1_18' title='bbox 1467 339 1524 372; x_wconf 89' lang='grc' dir='ltr'><em>τε</em></span> <span class='ocrx_word' id='word_1_19' title='bbox 1553 322 1646 388; x_wconf 82' lang='grc' dir='ltr'><em>τῆς</em></span> <span class='ocrx_word' id='word_1_20' title='bbox 1679 316 1778 373; x_wconf 79' lang='grc' dir='ltr'><em>πά-</em></span> 
     </span>
     <span class='ocr_line' id='line_1_4' title="bbox 173 397 1777 473; baseline 0.001 -17"><span class='ocrx_word' id='word_1_21' title='bbox 173 409 262 457; x_wconf 89' lang='grc' dir='ltr'><em>λαι</em></span> <span class='ocrx_word' id='word_1_22' title='bbox 303 397 439 456; x_wconf 76' lang='grc' dir='ltr'><em>κατὰ</em></span> <span class='ocrx_word' id='word_1_23' title='bbox 479 397 659 456; x_wconf 77' lang='grc' dir='ltr'><em>πάντα</em></span> <span class='ocrx_word' id='word_1_24' title='bbox 697 398 867 456; x_wconf 87' lang='grc' dir='ltr'><em>τόπον</em></span> <span class='ocrx_word' id='word_1_25' title='bbox 908 401 998 455; x_wconf 82' lang='grc' dir='ltr'><em>καὶ</em></span> <span class='ocrx_word' id='word_1_26' title='bbox 1040 397 1202 457; x_wconf 87' lang='grc' dir='ltr'><em>πόλιν</em></span> <span class='ocrx_word' id='word_1_27' title='bbox 1240 402 1331 456; x_wconf 82' lang='grc' dir='ltr'><em>καὶ</em></span> <span class='ocrx_word' id='word_1_28' title='bbox 1372 398 1557 473; x_wconf 78' lang='grc' dir='ltr'><em>χώραν</em></span> <span class='ocrx_word' id='word_1_29' title='bbox 1588 419 1777 457; x_wconf 86' lang='grc' dir='ltr'><em>συντε-</em></span> 
     </span>
     <span class='ocr_line' id='line_1_5' title="bbox 173 476 1779 557; baseline 0.001 -16"><span class='ocrx_word' id='word_1_30' title='bbox 173 487 442 557; x_wconf 78' lang='grc' dir='ltr'><em>λουμένης</em></span> <span class='ocrx_word' id='word_1_31' title='bbox 483 481 670 550; x_wconf 78' lang='grc' dir='ltr'><em>αὐτοῖς</em></span> <span class='ocrx_word' id='word_1_32' title='bbox 711 480 1212 555; x_wconf 76' lang='grc' dir='ltr'><em>ἀνθρωποθυσίας,</em></span> <span class='ocrx_word' id='word_1_33' title='bbox 1255 490 1316 541; x_wconf 78' lang='grc' dir='ltr'><em>ἔκ</em></span> <span class='ocrx_word' id='word_1_34' title='bbox 1344 507 1403 541; x_wconf 88' lang='grc' dir='ltr'><em>τε</em></span> <span class='ocrx_word' id='word_1_35' title='bbox 1435 476 1514 541; x_wconf 74' lang='grc' dir='ltr'><em>ὦν</em></span> <span class='ocrx_word' id='word_1_36' title='bbox 1552 481 1779 556; x_wconf 76' lang='grc' dir='ltr'><em>ἠπάτων</em></span> 
     </span>
     <span class='ocr_line' id='line_1_6' title="bbox 126 566 1779 643; baseline 0 -17"><span class='ocrx_word' id='word_1_37' title='bbox 126 595 147 627; x_wconf 71' lang='grc' dir='ltr'><em>ε,</em></span> <span class='ocrx_word' id='word_1_38' title='bbox 170 569 298 635; x_wconf 81' lang='grc' dir='ltr'><em>τοὺς</em></span> <span class='ocrx_word' id='word_1_39' title='bbox 330 572 646 641; x_wconf 76' lang='grc' dir='ltr'><strong><em>ἐρωτῶντας</em></strong></span> <span class='ocrx_word' id='word_1_40' title='bbox 676 566 874 643; x_wconf 76' lang='grc' dir='ltr'><em>ἀγνοίᾳ</em></span> <span class='ocrx_word' id='word_1_41' title='bbox 903 574 1000 626; x_wconf 86' lang='grc' dir='ltr'><em>τοῦ</em></span> <span class='ocrx_word' id='word_1_42' title='bbox 1024 573 1342 642; x_wconf 84' lang='grc' dir='ltr'><em>μέλλοντος,</em></span> <span class='ocrx_word' id='word_1_43' title='bbox 1377 576 1437 627; x_wconf 82' lang='grc' dir='ltr'><em>ἔκ</em></span> <span class='ocrx_word' id='word_1_44' title='bbox 1466 593 1524 626; x_wconf 87' lang='grc' dir='ltr'><em>τε</em></span> <span class='ocrx_word' id='word_1_45' title='bbox 1555 593 1634 626; x_wconf 87' lang='grc' dir='ltr'><em>ων</em></span> <span class='ocrx_word' id='word_1_46' title='bbox 1664 567 1779 641; x_wconf 81' lang='grc' dir='ltr'><em>ἡλί-</em></span> 
     </span>
     <span class='ocr_line' id='line_1_7' title="bbox 171 652 1778 726; baseline -0.001 -15"><span class='ocrx_word' id='word_1_47' title='bbox 171 672 368 711; x_wconf 85' lang='grc' dir='ltr'><em>σκοντο</em></span> <span class='ocrx_word' id='word_1_48' title='bbox 391 659 562 726; x_wconf 90' lang='grc' dir='ltr'><em>μυριά</em></span> <span class='ocrx_word' id='word_1_49' title='bbox 586 652 940 725; x_wconf 75' lang='grc' dir='ltr'><em>ψευδόμενοι,</em></span> <span class='ocrx_word' id='word_1_50' title='bbox 966 678 1085 711; x_wconf 89' lang='grc' dir='ltr'><em>τοτε</em></span> <span class='ocrx_word' id='word_1_51' title='bbox 1108 677 1211 726; x_wconf 88' lang='grc' dir='ltr'><em>μεν</em></span> <span class='ocrx_word' id='word_1_52' title='bbox 1232 657 1292 710; x_wconf 82' lang='grc' dir='ltr'><em>ἐκ</em></span> <span class='ocrx_word' id='word_1_53' title='bbox 1314 659 1414 711; x_wconf 86' lang='grc' dir='ltr'><em>τοῦ</em></span> <span class='ocrx_word' id='word_1_54' title='bbox 1438 658 1778 726; x_wconf 77' lang='grc' dir='ltr'><em>προφανοῦς,</em></span> 
     </span>
     <span class='ocr_line' id='line_1_8' title="bbox 169 735 1778 811; baseline 0 -17"><span class='ocrx_word' id='word_1_55' title='bbox 169 738 291 795; x_wconf 76' lang='grc' dir='ltr'><em>τοτὲ</em></span> <span class='ocrx_word' id='word_1_56' title='bbox 334 738 393 794; x_wconf 88' lang='grc' dir='ltr'><em>δε</em></span> <span class='ocrx_word' id='word_1_57' title='bbox 441 735 532 794; x_wconf 72' lang='grc' dir='ltr'><em>διὰ</em></span> <span class='ocrx_word' id='word_1_58' title='bbox 570 743 666 809; x_wconf 83' lang='grc' dir='ltr'><em>τῆς</em></span> <span class='ocrx_word' id='word_1_59' title='bbox 710 743 824 795; x_wconf 79' lang='grc' dir='ltr'><em>τῶν</em></span> <span class='ocrx_word' id='word_1_60' title='bbox 875 744 1134 811; x_wconf 76' lang='grc' dir='ltr'><em>χρησμῶν</em></span> <span class='ocrx_word' id='word_1_61' title='bbox 1175 736 1539 810; x_wconf 72' lang='grc' dir='ltr'><em>ἀμφιβολίας,</em></span> <span class='ocrx_word' id='word_1_62' title='bbox 1598 735 1670 794; x_wconf 86' lang='grc' dir='ltr'><em>δι’</em></span> <span class='ocrx_word' id='word_1_63' title='bbox 1715 739 1778 810; x_wconf 78' lang='grc' dir='ltr'><em>ἧς</em></span> 
     </span>
     <span class='ocr_line' id='line_1_9' title="bbox 171 820 1780 904; baseline -0.001 -25"><span class='ocrx_word' id='word_1_64' title='bbox 171 821 298 889; x_wconf 73' lang='grc' dir='ltr'><em>τοὺς</em></span> <span class='ocrx_word' id='word_1_65' title='bbox 328 821 656 894; x_wconf 88' lang='grc' dir='ltr'><em>πρόσφνγας</em></span> <span class='ocrx_word' id='word_1_66' title='bbox 690 828 966 888; x_wconf 87' lang='grc' dir='ltr'><em>πλείστοις</em></span> <span class='ocrx_word' id='word_1_67' title='bbox 1008 820 1323 904; x_wconf 78' lang='grc' dir='ltr'><em>πλειστάκις</em></span> <span class='ocrx_word' id='word_1_68' title='bbox 1354 822 1780 895; x_wconf 74' lang='grc' dir='ltr'><em>περιβάλλοντες</em></span> 
     </span>
     <span class='ocr_line' id='line_1_10' title="bbox 171 903 1780 1013; baseline 0.001 -50"><span class='ocrx_word' id='word_1_69' title='bbox 171 921 359 972; x_wconf 82' lang='grc' dir='ltr'><em>κακοῖς</em></span> <span class='ocrx_word' id='word_1_70' title='bbox 401 903 850 1013; x_wconf 79' lang='grc' dir='ltr'><em>ἄπηλέγχθησαν.</em></span> <span class='ocrx_word' id='word_1_71' title='bbox 925 911 969 963; x_wconf 76' lang='lat'><em>7.</em></span> <span class='ocrx_word' id='word_1_72' title='bbox 1014 908 1104 963; x_wconf 82' lang='grc' dir='ltr'><em>καὶ</em></span> <span class='ocrx_word' id='word_1_73' title='bbox 1148 908 1263 964; x_wconf 82' lang='grc' dir='ltr'><em>ἐπεὶ</em></span> <span class='ocrx_word' id='word_1_74' title='bbox 1306 913 1780 979; x_wconf 86' lang='grc' dir='ltr'><em>προαπεδείκνυτο</em></span> 
     </span>
     <span class='ocr_line' id='line_1_11' title="bbox 107 987 1778 1064; baseline -0.001 -15"><span class='ocrx_word' id='word_1_75' title='bbox 107 1018 146 1049; x_wconf 89' lang='lat'><em>10</em></span> <span class='ocrx_word' id='word_1_76' title='bbox 169 987 370 1064; x_wconf 82' lang='grc' dir='ltr'><em>μιαρόν</em></span> <span class='ocrx_word' id='word_1_77' title='bbox 410 987 597 1048; x_wconf 78' lang='grc' dir='ltr'><em>αὐτῶν</em></span> <span class='ocrx_word' id='word_1_78' title='bbox 636 991 727 1046; x_wconf 86' lang='grc' dir='ltr'><em>καὶ</em></span> <span class='ocrx_word' id='word_1_79' title='bbox 766 988 1086 1062; x_wconf 76' lang='grc' dir='ltr'><em>ἀκαθαρτον</em></span> <span class='ocrx_word' id='word_1_80' title='bbox 1124 989 1184 1047; x_wconf 85' lang='grc' dir='ltr'><em>τὸ</em></span> <span class='ocrx_word' id='word_1_81' title='bbox 1227 994 1408 1061; x_wconf 82' lang='grc' dir='ltr'><em>φῦλον</em></span> <span class='ocrx_word' id='word_1_82' title='bbox 1440 995 1499 1048; x_wconf 80' lang='grc' dir='ltr'><em>ἐκ</em></span> <span class='ocrx_word' id='word_1_83' title='bbox 1529 995 1627 1048; x_wconf 90' lang='grc' dir='ltr'><em>τοῦ</em></span> <span class='ocrx_word' id='word_1_84' title='bbox 1659 997 1778 1064; x_wconf 75' lang='grc' dir='ltr'><em>χαί·</em></span> 
     </span>
     <span class='ocr_line' id='line_1_12' title="bbox 171 1071 1893 1150; baseline -0.001 -18"><span class='ocrx_word' id='word_1_85' title='bbox 171 1098 291 1150; x_wconf 89' lang='grc' dir='ltr'><em>ρειν</em></span> <span class='ocrx_word' id='word_1_86' title='bbox 321 1080 574 1148; x_wconf 81' lang='grc' dir='ltr'><em>αἰσχραῖς</em></span> <span class='ocrx_word' id='word_1_87' title='bbox 604 1077 696 1130; x_wconf 80' lang='grc' dir='ltr'><em>καὶ</em></span> <span class='ocrx_word' id='word_1_88' title='bbox 726 1071 1047 1142; x_wconf 74' lang='grc' dir='ltr'><em>ἀκολάστοις</em></span> <span class='ocrx_word' id='word_1_89' title='bbox 1079 1076 1204 1147; x_wconf 89' lang='grc' dir='ltr'><em>περὶ</em></span> <span class='ocrx_word' id='word_1_90' title='bbox 1238 1071 1422 1132; x_wconf 72' lang='grc' dir='ltr'><em>αὐτῶν</em></span> <span class='ocrx_word' id='word_1_91' title='bbox 1460 1078 1778 1147; x_wconf 76' lang='grc' dir='ltr'><em>λεγομέναις</em></span> <span class='ocrx_word' id='word_1_92' title='bbox 1804 1099 1893 1140; x_wconf 77' lang='lat'>(204)</span> 
     </span>
     <span class='ocr_line' id='line_1_13' title="bbox 173 1156 1779 1236; baseline 0 -20"><span class='ocrx_word' id='word_1_93' title='bbox 173 1158 343 1236; x_wconf 73' lang='grc' dir='ltr'><em>ᾠδαῖς</em></span> <span class='ocrx_word' id='word_1_94' title='bbox 393 1162 484 1216; x_wconf 84' lang='grc' dir='ltr'><em>καὶ</em></span> <span class='ocrx_word' id='word_1_95' title='bbox 530 1157 725 1232; x_wconf 76' lang='grc' dir='ltr'><em>ὕμνοις</em></span> <span class='ocrx_word' id='word_1_96' title='bbox 775 1161 867 1216; x_wconf 79' lang='grc' dir='ltr'><em>καὶ</em></span> <span class='ocrx_word' id='word_1_97' title='bbox 906 1170 1170 1232; x_wconf 78' lang='grc' dir='ltr'><em>μυθικοῖς</em></span> <span class='ocrx_word' id='word_1_98' title='bbox 1224 1156 1585 1232; x_wconf 74' lang='grc' dir='ltr'><em>διηγήμασιν,</em></span> <span class='ocrx_word' id='word_1_99' title='bbox 1640 1165 1779 1217; x_wconf 73' lang='grc' dir='ltr'><em>ἱστο-</em></span> 
     </span>
     <span class='ocr_line' id='line_1_14' title="bbox 173 1241 1778 1316; baseline 0.001 -16"><span class='ocrx_word' id='word_1_100' title='bbox 173 1250 316 1315; x_wconf 89' lang='grc' dir='ltr'><em>ρίαις</em></span> <span class='ocrx_word' id='word_1_101' title='bbox 346 1266 404 1301; x_wconf 91' lang='grc' dir='ltr'><em>τε</em></span> <span class='ocrx_word' id='word_1_102' title='bbox 435 1242 692 1316; x_wconf 81' lang='grc' dir='ltr'><em>ἆσέμνοις</em></span> <span class='ocrx_word' id='word_1_103' title='bbox 722 1247 814 1300; x_wconf 81' lang='grc' dir='ltr'><em>καὶ</em></span> <span class='ocrx_word' id='word_1_104' title='bbox 847 1246 1235 1316; x_wconf 82' lang='grc' dir='ltr'><em>ἐπιβλαβέσιν,</em></span> <span class='ocrx_word' id='word_1_105' title='bbox 1268 1241 1332 1309; x_wconf 76' lang='grc' dir='ltr'><em>δὶς</em></span> <span class='ocrx_word' id='word_1_106' title='bbox 1362 1246 1454 1300; x_wconf 80' lang='grc' dir='ltr'><em>καὶ</em></span> <span class='ocrx_word' id='word_1_107' title='bbox 1487 1242 1617 1301; x_wconf 82' lang='grc' dir='ltr'><em>καθ’</em></span> <span class='ocrx_word' id='word_1_108' title='bbox 1655 1246 1778 1301; x_wconf 81' lang='grc' dir='ltr'><em>ἑαυ-</em></span> 
     </span>
     <span class='ocr_line' id='line_1_15' title="bbox 173 1325 1777 1401; baseline 0 -17"><span class='ocrx_word' id='word_1_109' title='bbox 173 1331 285 1385; x_wconf 73' lang='grc' dir='ltr'><em>τῶν</em></span> <span class='ocrx_word' id='word_1_110' title='bbox 327 1331 628 1401; x_wconf 70' lang='grc' dir='ltr'><em>πυροῦντες</em></span> <span class='ocrx_word' id='word_1_111' title='bbox 667 1331 759 1384; x_wconf 80' lang='grc' dir='ltr'><em>καὶ</em></span> <span class='ocrx_word' id='word_1_112' title='bbox 791 1352 863 1394; x_wconf 86' lang='grc' dir='ltr'><em>ως</em></span> <span class='ocrx_word' id='word_1_113' title='bbox 894 1325 1123 1400; x_wconf 85' lang='grc' dir='ltr'><em>αληθεῖς</em></span> <span class='ocrx_word' id='word_1_114' title='bbox 1155 1332 1510 1401; x_wconf 82' lang='grc' dir='ltr'><em>βεβαιοῦντες</em></span> <span class='ocrx_word' id='word_1_115' title='bbox 1540 1326 1607 1401; x_wconf 77' lang='grc' dir='ltr'><em>ἣ)</em></span> <span class='ocrx_word' id='word_1_116' title='bbox 1613 1346 1777 1385; x_wconf 89' lang='grc' dir='ltr'><em>ωσαν</em></span> 
     </span>
     <span class='ocr_line' id='line_1_16' title="bbox 110 1410 1781 1485; baseline 0 -16"><span class='ocrx_word' id='word_1_117' title='bbox 110 1437 150 1469; x_wconf 85' lang='lat'><em>15</em></span> <span class='ocrx_word' id='word_1_118' title='bbox 175 1417 222 1468; x_wconf 80' lang='lat'><em>8.</em></span> <span class='ocrx_word' id='word_1_119' title='bbox 256 1413 346 1468; x_wconf 82' lang='grc' dir='ltr'><em>καὶ</em></span> <span class='ocrx_word' id='word_1_120' title='bbox 387 1413 538 1477; x_wconf 85' lang='grc' dir='ltr'><em>τέλος</em></span> <span class='ocrx_word' id='word_1_121' title='bbox 578 1434 842 1468; x_wconf 87' lang='grc' dir='ltr'><em>απαντων</em></span> <span class='ocrx_word' id='word_1_122' title='bbox 881 1418 1100 1485; x_wconf 80' lang='grc' dir='ltr'><em>ἔλεγχος</em></span> <span class='ocrx_word' id='word_1_123' title='bbox 1140 1415 1236 1484; x_wconf 80' lang='grc' dir='ltr'><em>τῆς</em></span> <span class='ocrx_word' id='word_1_124' title='bbox 1277 1411 1555 1484; x_wconf 84' lang='grc' dir='ltr'><em>αδρανοῦς</em></span> <span class='ocrx_word' id='word_1_125' title='bbox 1597 1410 1781 1469; x_wconf 72' lang='grc' dir='ltr'><em>αὐτῶν</em></span> 
     </span>
     <span class='ocr_line' id='line_1_17' title="bbox 173 1493 1775 1596; baseline 0.001 -44"><span class='ocrx_word' id='word_1_126' title='bbox 173 1494 395 1569; x_wconf 84' lang='grc' dir='ltr'><em>φύσεως</em></span> <span class='ocrx_word' id='word_1_127' title='bbox 433 1497 505 1567; x_wconf 82' lang='grc' dir='ltr'><em>ἠν</em></span> <span class='ocrx_word' id='word_1_128' title='bbox 545 1494 602 1552; x_wconf 83' lang='grc' dir='ltr'><em>τὸ</em></span> <span class='ocrx_word' id='word_1_129' title='bbox 643 1499 951 1568; x_wconf 81' lang='grc' dir='ltr'><em>σβεσθῆναι</em></span> <span class='ocrx_word' id='word_1_130' title='bbox 993 1499 1083 1552; x_wconf 87' lang='grc' dir='ltr'><em>καὶ</em></span> <span class='ocrx_word' id='word_1_131' title='bbox 1122 1495 1325 1596; x_wconf 81' lang='grc' dir='ltr'><em>μηκέθ’</em></span> <span class='ocrx_word' id='word_1_132' title='bbox 1370 1493 1572 1569; x_wconf 84' lang='grc' dir='ltr'><em>ὁμοίως</em></span> <span class='ocrx_word' id='word_1_133' title='bbox 1615 1501 1775 1569; x_wconf 79' lang='grc' dir='ltr'><em>χρᾶν·</em></span> 
     </span>
     <span class='ocr_line' id='line_1_18' title="bbox 174 1574 1781 1678; baseline 0 -42"><span class='ocrx_word' id='word_1_134' title='bbox 174 1582 266 1637; x_wconf 73' lang='grc' dir='ltr'><em>καὶ</em></span> <span class='ocrx_word' id='word_1_135' title='bbox 297 1584 607 1652; x_wconf 82' lang='grc' dir='ltr'><em>σβεσθῆναι</em></span> <span class='ocrx_word' id='word_1_136' title='bbox 637 1574 710 1652; x_wconf 84' lang='grc' dir='ltr'><em>μὴ</em></span> <span class='ocrx_word' id='word_1_137' title='bbox 742 1578 809 1636; x_wconf 72' lang='grc' dir='ltr'><em>αλ</em></span> <span class='ocrx_word' id='word_1_138' title='bbox 815 1588 936 1637; x_wconf 87' lang='grc' dir='ltr'><em>λοτε</em></span> <span class='ocrx_word' id='word_1_139' title='bbox 967 1576 1000 1652; x_wconf 80' lang='grc' dir='ltr'><em>ἢ</em></span> <span class='ocrx_word' id='word_1_140' title='bbox 1031 1578 1138 1637; x_wconf 86' lang='grc' dir='ltr'><em>απὸ</em></span> <span class='ocrx_word' id='word_1_141' title='bbox 1162 1584 1274 1637; x_wconf 80' lang='grc' dir='ltr'><em>τῶν</em></span> <span class='ocrx_word' id='word_1_142' title='bbox 1297 1579 1514 1678; x_wconf 85' lang='grc' dir='ltr'><em>χρόνων</em></span> <span class='ocrx_word' id='word_1_143' title='bbox 1535 1584 1630 1652; x_wconf 83' lang='grc' dir='ltr'><em>τῆς</em></span> <span class='ocrx_word' id='word_1_144' title='bbox 1664 1583 1781 1637; x_wconf 86' lang='grc' dir='ltr'><em>ἐπι-</em></span> 
     </span>
     <span class='ocr_line' id='line_1_19' title="bbox 172 1661 1780 1737; baseline 0.001 -17"><span class='ocrx_word' id='word_1_145' title='bbox 172 1672 404 1736; x_wconf 88' lang='grc' dir='ltr'><em>φανείας</em></span> <span class='ocrx_word' id='word_1_146' title='bbox 434 1670 533 1721; x_wconf 88' lang='grc' dir='ltr'><em>τοῦ</em></span> <span class='ocrx_word' id='word_1_147' title='bbox 564 1685 810 1737; x_wconf 86' lang='grc' dir='ltr'><em>σωτηρος</em></span> <span class='ocrx_word' id='word_1_148' title='bbox 840 1661 997 1737; x_wconf 78' lang='grc' dir='ltr'><em>ἡμῶν</em></span> <span class='ocrx_word' id='word_1_149' title='bbox 1022 1661 1198 1736; x_wconf 88' lang='grc' dir='ltr'><em>Ἰησοῦ</em></span> <span class='ocrx_word' id='word_1_150' title='bbox 1222 1669 1320 1721; x_wconf 87' lang='grc' dir='ltr'><em>τοῦ</em></span> <span class='ocrx_word' id='word_1_151' title='bbox 1346 1670 1600 1737; x_wconf 83' lang='grc' dir='ltr'><em>Χριστοῦ.</em></span> <span class='ocrx_word' id='word_1_152' title='bbox 1645 1669 1691 1721; x_wconf 93' lang='grc'><em>9.</em></span> <span class='ocrx_word' id='word_1_153' title='bbox 1729 1667 1780 1732; x_wconf 82' lang='grc' dir='ltr'><em>ἐξ</em></span> 
     </span>
     <span class='ocr_line' id='line_1_20' title="bbox 172 1739 1781 1822; baseline 0.001 -18"><span class='ocrx_word' id='word_1_154' title='bbox 172 1739 240 1805; x_wconf 82' lang='grc' dir='ltr'><em>οῦ</em></span> <span class='ocrx_word' id='word_1_155' title='bbox 268 1772 373 1821; x_wconf 89' lang='grc' dir='ltr'><em>γαρ</em></span> <span class='ocrx_word' id='word_1_156' title='bbox 415 1755 492 1815; x_wconf 85' lang='grc' dir='ltr'><em>εἰς</em></span> <span class='ocrx_word' id='word_1_157' title='bbox 533 1772 713 1805; x_wconf 92' lang='grc' dir='ltr'><em>παντα</em></span> <span class='ocrx_word' id='word_1_158' title='bbox 752 1773 818 1804; x_wconf 88' lang='grc' dir='ltr'><em>τα</em></span> <span class='ocrx_word' id='word_1_159' title='bbox 849 1755 988 1821; x_wconf 79' lang='grc' dir='ltr'><em>ἐθνη</em></span> <span class='ocrx_word' id='word_1_160' title='bbox 1031 1751 1330 1822; x_wconf 81' lang='grc' dir='ltr'><em>διέδραμεν</em></span> <span class='ocrx_word' id='word_1_161' title='bbox 1370 1748 1399 1805; x_wconf 94' lang='lat'><em>6</em></span> <span class='ocrx_word' id='word_1_162' title='bbox 1431 1753 1524 1821; x_wconf 81' lang='grc' dir='ltr'><em>τῆς</em></span> <span class='ocrx_word' id='word_1_163' title='bbox 1558 1747 1781 1820; x_wconf 86' lang='grc' dir='ltr'><em>εὐαγγε-</em></span> 
     </span>
     <span class='ocr_line' id='line_1_21' title="bbox 110 1830 1783 1904; baseline 0 -16"><span class='ocrx_word' id='word_1_164' title='bbox 110 1857 151 1889; x_wconf 83' lang='lat'><em>20</em></span> <span class='ocrx_word' id='word_1_165' title='bbox 174 1836 328 1904; x_wconf 85' lang='grc' dir='ltr'><em>λικῆς</em></span> <span class='ocrx_word' id='word_1_166' title='bbox 376 1837 734 1899; x_wconf 81' lang='grc' dir='ltr'><em>διδασκαλίας</em></span> <span class='ocrx_word' id='word_1_167' title='bbox 785 1830 956 1890; x_wconf 79' lang='grc' dir='ltr'><em>αὐτοῦ</em></span> <span class='ocrx_word' id='word_1_168' title='bbox 1005 1831 1190 1904; x_wconf 70' lang='grc' dir='ltr'><em>λόγος,</em></span> <span class='ocrx_word' id='word_1_169' title='bbox 1237 1836 1288 1900; x_wconf 79' lang='grc' dir='ltr'><em>ἐξ,</em></span> <span class='ocrx_word' id='word_1_170' title='bbox 1331 1835 1545 1889; x_wconf 81' lang='grc' dir='ltr'><em>ἐκείνου</em></span> <span class='ocrx_word' id='word_1_171' title='bbox 1586 1835 1676 1889; x_wconf 76' lang='grc' dir='ltr'><em>καὶ</em></span> <span class='ocrx_word' id='word_1_172' title='bbox 1717 1857 1783 1890; x_wconf 90' lang='grc' dir='ltr'><em>τα</em></span> 
     </span>
     <span class='ocr_line' id='line_1_22' title="bbox 174 1915 1829 2016; baseline -0.001 -43"><span class='ocrx_word' id='word_1_173' title='bbox 174 1916 472 1991; x_wconf 85' lang='grc' dir='ltr'><em>χρηστήρια</em></span> <span class='ocrx_word' id='word_1_174' title='bbox 497 1919 760 1988; x_wconf 84' lang='grc' dir='ltr'><em>διέλιπεν,</em></span> <span class='ocrx_word' id='word_1_175' title='bbox 793 1919 883 1973; x_wconf 79' lang='grc' dir='ltr'><em>καὶ</em></span> <span class='ocrx_word' id='word_1_176' title='bbox 919 1915 1200 1990; x_wconf 86' lang='grc' dir='ltr'><em>δαιμόνων</em></span> <span class='ocrx_word' id='word_1_177' title='bbox 1217 1915 1450 1974; x_wconf 89' lang='grc' dir='ltr'><em>θανατοι</em></span> <span class='ocrx_word' id='word_1_178' title='bbox 1474 1915 1782 2016; x_wconf 68' lang='grc' dir='ltr'><em>μνημονεύ-</em></span> <span class='ocrx_word' id='word_1_179' title='bbox 1810 1936 1829 1967; x_wconf 86' lang='lat' dir='ltr'>b</span> 
     </span>
     <span class='ocr_line' id='line_1_23' title="bbox 175 1994 1781 2073; baseline 0.001 -16"><span class='ocrx_word' id='word_1_180' title='bbox 175 2025 342 2059; x_wconf 91' lang='grc' dir='ltr'><em>ονται.</em></span> <span class='ocrx_word' id='word_1_181' title='bbox 426 2024 606 2058; x_wconf 86' lang='grc' dir='ltr'><em>παντα</em></span> <span class='ocrx_word' id='word_1_182' title='bbox 658 2002 720 2058; x_wconf 89' lang='grc' dir='ltr'><em>δε</em></span> <span class='ocrx_word' id='word_1_183' title='bbox 773 1994 876 2058; x_wconf 80' lang='grc' dir='ltr'><em>οὖν</em></span> <span class='ocrx_word' id='word_1_184' title='bbox 918 1994 988 2073; x_wconf 74' lang='grc' dir='ltr'><em>ἦν</em></span> <span class='ocrx_word' id='word_1_185' title='bbox 1028 2005 1200 2058; x_wconf 87' lang='grc' dir='ltr'><em>ταῦτα</em></span> <span class='ocrx_word' id='word_1_186' title='bbox 1253 2003 1342 2058; x_wconf 82' lang='grc' dir='ltr'><em>καὶ</em></span> <span class='ocrx_word' id='word_1_187' title='bbox 1388 1999 1526 2058; x_wconf 89' lang='grc' dir='ltr'><em>αλλα</em></span> <span class='ocrx_word' id='word_1_188' title='bbox 1568 2000 1781 2067; x_wconf 82' lang='grc' dir='ltr'><em>τούτοις</em></span> 
     </span>
     <span class='ocr_line' id='line_1_24' title="bbox 174 2082 1782 2159; baseline 0.001 -18"><span class='ocrx_word' id='word_1_189' title='bbox 174 2084 530 2157; x_wconf 88' lang='grc' dir='ltr'><em>παραπλήσια</em></span> <span class='ocrx_word' id='word_1_190' title='bbox 569 2093 769 2158; x_wconf 90' lang='grc' dir='ltr'><em>μυρία,</em></span> <span class='ocrx_word' id='word_1_191' title='bbox 817 2082 892 2142; x_wconf 81' lang='grc' dir='ltr'><em>δι’</em></span> <span class='ocrx_word' id='word_1_192' title='bbox 938 2087 1017 2143; x_wconf 80' lang='grc' dir='ltr'><em>ὠν</em></span> <span class='ocrx_word' id='word_1_193' title='bbox 1056 2087 1287 2159; x_wconf 85' lang='grc' dir='ltr'><em>πονηροὶ</em></span> <span class='ocrx_word' id='word_1_194' title='bbox 1331 2091 1588 2158; x_wconf 87' lang='grc' dir='ltr'><em>δαίμονες</em></span> <span class='ocrx_word' id='word_1_195' title='bbox 1629 2084 1782 2151; x_wconf 82' lang='grc' dir='ltr'><em>ὄντες</em></span> 
     </span>
     <span class='ocr_line' id='line_1_25' title="bbox 175 2166 1782 2243; baseline 0 -17"><span class='ocrx_word' id='word_1_196' title='bbox 175 2174 232 2226; x_wconf 93' lang='grc' dir='ltr'><em>οι</em></span> <span class='ocrx_word' id='word_1_197' title='bbox 257 2172 383 2243; x_wconf 86' lang='grc' dir='ltr'><em>περὶ</em></span> <span class='ocrx_word' id='word_1_198' title='bbox 415 2194 494 2227; x_wconf 91' lang='grc' dir='ltr'><em>ων</em></span> <span class='ocrx_word' id='word_1_199' title='bbox 516 2166 544 2226; x_wconf 90' lang='lat'><em>6</em></span> <span class='ocrx_word' id='word_1_200' title='bbox 569 2169 726 2241; x_wconf 90' lang='grc' dir='ltr'><em>λόγος</em></span> <span class='ocrx_word' id='word_1_201' title='bbox 754 2174 812 2227; x_wconf 85' lang='grc' dir='ltr'><em>ἐν</em></span> <span class='ocrx_word' id='word_1_202' title='bbox 835 2185 947 2237; x_wconf 88' lang='grc' dir='ltr'><em>τοῖς</em></span> <span class='ocrx_word' id='word_1_203' title='bbox 971 2176 1064 2242; x_wconf 86' lang='grc' dir='ltr'><em>τῆς</em></span> <span class='ocrx_word' id='word_1_204' title='bbox 1087 2169 1467 2242; x_wconf 80' lang='grc' dir='ltr'><em>Εὗαγγελικῆς</em></span> <span class='ocrx_word' id='word_1_205' title='bbox 1480 2179 1782 2243; x_wconf 91' lang='grc' dir='ltr'><em>Προπαρα-</em></span> 
     </span>
     <span class='ocr_line' id='line_1_26' title="bbox 112 2252 1784 2353; baseline 0.002 -45"><span class='ocrx_word' id='word_1_206' title='bbox 112 2275 154 2308; x_wconf 81' lang='lat'><em>25</em></span> <span class='ocrx_word' id='word_1_207' title='bbox 176 2271 376 2353; x_wconf 85' lang='grc' dir='ltr'><em>σκευης</em></span> <span class='ocrx_word' id='word_1_208' title='bbox 416 2252 861 2327; x_wconf 81' lang='grc' dir='ltr'><em>ἆπηλέγχθησαν</em></span> <span class='ocrx_word' id='word_1_209' title='bbox 935 2260 1013 2312; x_wconf 76' lang='lat'><em>16.</em></span> <span class='ocrx_word' id='word_1_210' title='bbox 1050 2261 1101 2311; x_wconf 83' lang='grc' dir='ltr'><em>εἰ</em></span> <span class='ocrx_word' id='word_1_211' title='bbox 1143 2252 1209 2327; x_wconf 81' lang='grc' dir='ltr'><em>δὴ</em></span> <span class='ocrx_word' id='word_1_212' title='bbox 1251 2255 1354 2311; x_wconf 82' lang='grc' dir='ltr'><em>οὐν</em></span> <span class='ocrx_word' id='word_1_213' title='bbox 1393 2258 1596 2311; x_wconf 85' lang='grc' dir='ltr'><em>τοιοίδε</em></span> <span class='ocrx_word' id='word_1_214' title='bbox 1639 2277 1784 2320; x_wconf 85' lang='grc' dir='ltr'><em>τινες</em></span> 
     </span>
     <span class='ocr_line' id='line_1_27' title="bbox 174 2338 1783 2438; baseline -0.001 -44"><span class='ocrx_word' id='word_1_215' title='bbox 174 2357 537 2411; x_wconf 88' lang='grc' dir='ltr'><em>τυγχανουσι,</em></span> <span class='ocrx_word' id='word_1_216' title='bbox 592 2346 674 2403; x_wconf 89' lang='grc' dir='ltr'><em>τίς</em></span> <span class='ocrx_word' id='word_1_217' title='bbox 724 2343 872 2412; x_wconf 88' lang='grc' dir='ltr'><em>αιρεῖ</em></span> <span class='ocrx_word' id='word_1_218' title='bbox 908 2338 1066 2438; x_wconf 82' lang='grc' dir='ltr'><em>λόγος</em></span> <span class='ocrx_word' id='word_1_219' title='bbox 1106 2342 1203 2395; x_wconf 86' lang='grc' dir='ltr'><em>τοῦ</em></span> <span class='ocrx_word' id='word_1_220' title='bbox 1245 2340 1332 2395; x_wconf 84' lang='grc' dir='ltr'><em>ἐπὶ</em></span> <span class='ocrx_word' id='word_1_221' title='bbox 1379 2361 1606 2395; x_wconf 90' lang='grc' dir='ltr'><em>παντων</em></span> <span class='ocrx_word' id='word_1_222' title='bbox 1643 2341 1783 2394; x_wconf 87' lang='grc' dir='ltr'><em>θεοῦ</em></span> 
     </span>
     <span class='ocr_line' id='line_1_28' title="bbox 175 2420 1781 2496; baseline -0.001 -19"><span class='ocrx_word' id='word_1_223' title='bbox 175 2428 433 2492; x_wconf 87' lang='grc' dir='ltr'><em>μαντείας</em></span> <span class='ocrx_word' id='word_1_224' title='bbox 465 2420 607 2479; x_wconf 82' lang='grc' dir='ltr'><em>εἶναι</em></span> <span class='ocrx_word' id='word_1_225' title='bbox 637 2421 898 2495; x_wconf 81' lang='grc' dir='ltr'><em>ἡγεῖσθαι</em></span> <span class='ocrx_word' id='word_1_226' title='bbox 928 2447 992 2479; x_wconf 88' lang='grc' dir='ltr'><em>τα</em></span> <span class='ocrx_word' id='word_1_227' title='bbox 1022 2427 1134 2479; x_wconf 78' lang='grc' dir='ltr'><em>τῶν</em></span> <span class='ocrx_word' id='word_1_228' title='bbox 1159 2421 1440 2495; x_wconf 82' lang='grc' dir='ltr'><em>δαιμόνων</em></span> <span class='ocrx_word' id='word_1_229' title='bbox 1463 2440 1781 2496; x_wconf 87' lang='grc' dir='ltr'><em>χρηστηρια,</em></span> 
     </span>
     <span class='ocr_line' id='line_1_29' title="bbox 178 2500 1781 2608; baseline -0.001 -48"><span class='ocrx_word' id='word_1_230' title='bbox 178 2500 211 2574; x_wconf 79' lang='grc' dir='ltr'>ἢ</span> <span class='ocrx_word' id='word_1_231' title='bbox 242 2518 354 2570; x_wconf 90' lang='grc' dir='ltr'><em>τοῖς</em></span> <span class='ocrx_word' id='word_1_232' title='bbox 382 2510 480 2563; x_wconf 91' lang='grc' dir='ltr'><em>τοῦ</em></span> <span class='ocrx_word' id='word_1_233' title='bbox 510 2510 652 2564; x_wconf 79' lang='grc' dir='ltr'><em>θεοῦ</em></span> <span class='ocrx_word' id='word_1_234' title='bbox 681 2505 988 2608; x_wconf 81' lang='grc' dir='ltr'><em>προφήταις</em></span> <span class='ocrx_word' id='word_1_235' title='bbox 1019 2506 1084 2563; x_wconf 80' lang='grc' dir='ltr'><em>τὰ</em></span> <span class='ocrx_word' id='word_1_236' title='bbox 1115 2505 1231 2562; x_wconf 82' lang='grc' dir='ltr'><em>κατ’</em></span> <span class='ocrx_word' id='word_1_237' title='bbox 1270 2503 1470 2570; x_wconf 75' lang='grc' dir='ltr'><em>αὐτούς</em></span> <span class='ocrx_word' id='word_1_238' title='bbox 1503 2504 1781 2577; x_wconf 83' lang='grc' dir='ltr'><em>παραβαλ-</em></span> 
     </span>
     <span class='ocr_line' id='line_1_30' title="bbox 179 2588 1826 2690; baseline 0.001 -47"><span class='ocrx_word' id='word_1_239' title='bbox 179 2594 326 2656; x_wconf 78' lang='grc' dir='ltr'><em>λειν;</em></span> <span class='ocrx_word' id='word_1_240' title='bbox 372 2593 610 2647; x_wconf 85' lang='grc' dir='ltr'><em>ποταπαὶ</em></span> <span class='ocrx_word' id='word_1_241' title='bbox 653 2591 714 2648; x_wconf 86' lang='grc' dir='ltr'><em>δε</em></span> <span class='ocrx_word' id='word_1_242' title='bbox 746 2588 929 2649; x_wconf 79' lang='grc' dir='ltr'><em>αὐτῶν</em></span> <span class='ocrx_word' id='word_1_243' title='bbox 960 2616 1011 2648; x_wconf 82' lang='grc' dir='ltr'><em>αι</em></span> <span class='ocrx_word' id='word_1_244' title='bbox 1048 2588 1403 2690; x_wconf 83' lang='grc' dir='ltr'><em>προρρήσεις,</em></span> <span class='ocrx_word' id='word_1_245' title='bbox 1437 2613 1528 2658; x_wconf 90' lang='grc' dir='ltr'><em>ας,</em></span> <span class='ocrx_word' id='word_1_246' title='bbox 1570 2613 1659 2645; x_wconf 82' lang='grc' dir='ltr'><em>οτε</em></span> <span class='ocrx_word' id='word_1_247' title='bbox 1691 2590 1781 2644; x_wconf 79' lang='grc' dir='ltr'><em>καὶ</em></span> <span class='ocrx_word' id='word_1_248' title='bbox 1810 2616 1826 2636; x_wconf 81' lang='lat' dir='ltr'>c</span> 
     </span>
     <span class='ocr_line' id='line_1_31' title="bbox 115 2669 1783 2779; baseline 0.002 -53"><span class='ocrx_word' id='word_1_249' title='bbox 115 2692 153 2725; x_wconf 81' lang='lat'><em>30</em></span> <span class='ocrx_word' id='word_1_250' title='bbox 182 2669 414 2728; x_wconf 84' lang='grc' dir='ltr'><em>ἐδόκουν</em></span> <span class='ocrx_word' id='word_1_251' title='bbox 442 2669 768 2747; x_wconf 76' lang='grc' dir='ltr'><em>ὑφεσταναι,</em></span> <span class='ocrx_word' id='word_1_252' title='bbox 802 2675 937 2748; x_wconf 84' lang='grc' dir='ltr'><em>πρὸς</em></span> <span class='ocrx_word' id='word_1_253' title='bbox 968 2672 1093 2741; x_wconf 77' lang='grc' dir='ltr'><em>τοῦς</em></span> <span class='ocrx_word' id='word_1_254' title='bbox 1127 2676 1441 2779; x_wconf 64' lang='grc' dir='ltr'><em>ε’ρωτώντας</em></span> <span class='ocrx_word' id='word_1_255' title='bbox 1467 2675 1783 2742; x_wconf 81' lang='grc' dir='ltr'><em>ἐποιοῦντο;</em></span> 
     </span>
     <span class='ocr_line' id='line_1_32' title="bbox 181 2747 1783 2831; baseline 0.002 -21"><span class='ocrx_word' id='word_1_256' title='bbox 181 2747 286 2826; x_wconf 77' lang='grc' dir='ltr'><em>ἆρα</em></span> <span class='ocrx_word' id='word_1_257' title='bbox 316 2751 438 2827; x_wconf 79' lang='grc' dir='ltr'><em>ὀὐχὶ</em></span> <span class='ocrx_word' id='word_1_258' title='bbox 468 2760 592 2830; x_wconf 86' lang='grc' dir='ltr'><em>περὶ</em></span> <span class='ocrx_word' id='word_1_259' title='bbox 622 2756 879 2831; x_wconf 79' lang='grc' dir='ltr'><em>ασὲμνων</em></span> <span class='ocrx_word' id='word_1_260' title='bbox 909 2782 1184 2816; x_wconf 87' lang='grc' dir='ltr'><em>ταπεινων</em></span> <span class='ocrx_word' id='word_1_261' title='bbox 1215 2780 1273 2813; x_wconf 89' lang='grc' dir='ltr'><em>τε</em></span> <span class='ocrx_word' id='word_1_262' title='bbox 1304 2759 1390 2813; x_wconf 81' lang='grc' dir='ltr'><em>καὶ</em></span> <span class='ocrx_word' id='word_1_263' title='bbox 1423 2755 1660 2814; x_wconf 75' lang='grc' dir='ltr'><em>εὐτελῶν</em></span> <span class='ocrx_word' id='word_1_264' title='bbox 1689 2781 1783 2814; x_wconf 93' lang='grc' dir='ltr'><em>αν-</em></span> 
     </span>
     <span class='ocr_line' id='line_1_33' title="bbox 182 2837 1783 2916; baseline 0.002 -22"><span class='ocrx_word' id='word_1_265' title='bbox 182 2844 360 2912; x_wconf 78' lang='grc' dir='ltr'><em>δρῶν,</em></span> <span class='ocrx_word' id='word_1_266' title='bbox 392 2862 643 2913; x_wconf 84' lang='grc' dir='ltr'><em>πυκτων,</em></span> <span class='ocrx_word' id='word_1_267' title='bbox 676 2845 830 2916; x_wconf 83' lang='grc' dir='ltr'><em>φέρε,</em></span> <span class='ocrx_word' id='word_1_268' title='bbox 863 2843 896 2915; x_wconf 83' lang='grc' dir='ltr'>ἤ</span> <span class='ocrx_word' id='word_1_269' title='bbox 919 2867 1087 2900; x_wconf 82' lang='grc' dir='ltr'><em>τινων</em></span> <span class='ocrx_word' id='word_1_270' title='bbox 1118 2840 1401 2911; x_wconf 81' lang='grc' dir='ltr'><em>τοιούτων,</em></span> <span class='ocrx_word' id='word_1_271' title='bbox 1433 2837 1527 2908; x_wconf 74' lang='grc' dir='ltr'><em>οὓς</em></span> <span class='ocrx_word' id='word_1_272' title='bbox 1559 2845 1783 2906; x_wconf 87' lang='grc' dir='ltr'><em>θυσίαις</em></span> 
     </span>
    </p>
   </div>
  </div>
 </body>
</html>
