1992 3186
563 132 865 174 DEMONST.
905 131 1122 173 EVANG.
1155 131 1256 173 VII.
1290 132 1327 170 1.
1641 128 1745 180 433

751 251 770 261 υ
833 244 864 266 2,
931 244 955 263 U

135 253 453 323 πατουμένη
483 247 591 304 ὑπὸ
625 251 824 305 ἐθνων.
926 271 953 303 ο
976 249 1066 302 καὶ
1097 249 1287 311 τέλους
1319 252 1494 318 ἔτυχε,
1526 245 1642 317 μετ’
1679 244 1744 303 οὐ

135 333 312 391 πολύν
351 332 552 407 χρόνον
591 335 702 388 τῶν
751 335 850 389 τοῦ
889 335 1133 404 σωτῆρος
1182 326 1339 403 ἡμῶν
1381 336 1589 402 φωνῶν
1620 327 1744 387 Ῥω-

134 425 316 492 μαίων
346 417 446 490 τὴν
476 415 639 474 πόλιν
664 415 923 488 ἑλόντων,
956 413 1383 487 ἀλλοφύλουςτε
1408 411 1617 487 ἄνδρας
1649 411 1746 470 αὖ·

134 502 260 560 τόθι
301 499 733 558 κατοικισάντων
774 503 866 556 καὶ
909 501 995 556 ε’πὶ
1026 502 1126 556 τοῦ
1163 498 1336 555 τόπου
1367 497 1747 570 καταστησάν-

93 609 114 641 5
135 611 262 644 των.
334 591 414 643 64.
450 584 617 642 πάλιν
661 585 723 641 δὲ
766 583 794 640 6
827 583 991 651 αὐτὸς
1023 582 1210 655 κύριος
1242 581 1503 655 ξυρήσειν
1533 585 1747 655 λέγεται

137 676 197 728 ἐν
235 676 312 747 τςὸ
351 676 449 727 τοῦ
490 670 759 741 βασιλέως
786 666 1092 742 Ἀσσυρίων
1123 671 1298 743 ξυρῷ,
1338 665 1460 739 ἤτοι
1490 670 1558 741 τῇ
1587 675 1747 725 κολα-

136 775 294 829 στικῃ
338 752 570 826 δυνάμει
600 759 698 810 τοῦ
730 751 990 826 ἄρχοντος
1021 758 1120 808 τοῦ
1153 757 1353 818 αἰωνος
1383 750 1613 823 τούτου,
1645 751 1748 825 τὴν

136 837 386 910 κεφαλὴν
417 841 509 894 καὶ
539 836 666 903 τούς
697 836 871 902 πόδας
902 838 993 893 καὶ
1034 834 1130 892 τὸν
1171 834 1412 908 πώγωνα
1443 835 1545 893 οὐκ
1576 834 1748 893 ἄλλου

136 918 347 990 τινὸς
322 947 357 995 η
390 914 554 987 αὖθις
595 926 691 978 τοῦ
715 920 1004 978 Ἰουδαίων
1036 926 1265 991 ἔθνους,
1311 919 1457 976 τουτ’
1498 928 1608 977 ἔστι
1652 918 1748 978 τὸν
1772 944 1863 984 (322)

75 1030 116 1061 10
139 1007 346 1080 κόσμον
389 1003 575 1063 αὐτῶν
615 1007 706 1061 καὶ
736 1004 839 1076 τὴν
881 1004 1049 1072 δόξαν
1079 1012 1358 1076 περιελεῖν
1390 1004 1482 1061 διὰ
1513 1008 1606 1076 τῆς
1637 1010 1749 1062 τῶν

139 1091 386 1149 καθόλου
413 1087 858 1163 ἐπικρατούντων
878 1087 1061 1162 ἀρχῆς.
1099 1093 1181 1145 65.
1200 1086 1495 1160 Ῥωμαίους
1523 1090 1582 1144 δὲ
1608 1089 1750 1146 εἶναι

138 1175 366 1242 τούτους
397 1181 708 1232 αἰνίττεται.
765 1173 856 1229 διὰ
885 1173 990 1247 γὰρ
1022 1177 1120 1229 τοῦ
1151 1177 1263 1229 τῶν
1287 1169 1598 1243 Ἀσσυρίων
1629 1171 1749 1229 ὀνό-

139 1283 305 1332 ματος
335 1258 577 1332 ἡγοῦμαι
615 1256 718 1329 τὴν
761 1256 890 1314 καθ’
928 1261 1161 1315 ἕκαστον
1190 1255 1392 1331 χρόνον
1424 1260 1752 1330 ἐπικρατοῦ-

141 1363 247 1400 σαν
276 1368 387 1400 των
420 1347 606 1400 ε’θνων
636 1347 924 1413 βασιλείαν
963 1348 1362 1416 σημαίνεσθαι,
1408 1341 1498 1397 δια
1529 1337 1644 1398 τό“
1652 1366 1752 1398 κα-

78 1449 120 1482 15
142 1424 557 1492 τευθύνοντας”
586 1424 694 1483 ἀπὸ
711 1430 805 1498 τῆς
828 1422 1101 1498 Ἐβραίων
1125 1429 1317 1498 φωνῆς
1343 1424 1754 1498 ἑρμηνεύεσθαι

141 1537 271 1579 τους
295 1511 648 1583 Ἀσσυρίους·
697 1509 836 1567 ω’στε
868 1511 1010 1567 εἶναι
1031 1505 1327 1582 Ῥωμαίους
1358 1510 1484 1575 τούς
1515 1514 1623 1566 νῦν
1653 1535 1753 1566 κα-

142 1595 522 1662 τευθύνοντας
539 1641 553 1667 ,
585 1601 668 1652 66.
698 1596 818 1651 ἐπεὶ
842 1596 932 1650 καὶ
957 1593 1181 1666 ἆληθως
1204 1618 1278 1650 τω
1296 1591 1574 1666 Ῥωμαίων
1585 1597 1751 1670 ξυρω,

140 1679 261 1751 ἤτοι
301 1683 368 1753 τῇ
406 1682 661 1752 πολιτικῇ
698 1681 788 1735 καὶ
819 1682 1089 1751 πολεμικῇ
1123 1677 1384 1751 δυναμει,
1427 1684 1613 1735 πᾶσαν
1651 1677 1754 1750 τὴν

145 1763 312 1832 δόξαν
340 1767 439 1820 τοῦ
467 1761 752 1821 Ἰουδαίων
783 1770 1005 1833 ἔθνους,
1039 1767 1099 1819 ἐν
1130 1763 1164 1835 ᾗ
1195 1762 1255 1818 τὸ
1279 1765 1413 1835 πρὶν
1441 1761 1627 1834 ἐκόμα,
1661 1765 1753 1818 καὶ

78 1870 119 1902 20
142 1854 327 1906 πᾶσαν
358 1847 544 1905 αὐτῶν
573 1846 676 1920 τὴν
695 1845 963 1919 ανδρείαν
987 1845 1078 1903 δια
1100 1871 1196 1903 του
1223 1870 1487 1919 πωγωνος
1519 1848 1610 1903 καὶ
1642 1872 1754 1903 των
1780 1871 1799 1901 1>

141 1937 344 2006 τριχῶν
381 1937 494 1990 τῶν
535 1935 726 1989 ποδῶν
766 1933 1212 2004 σημαινομένην,
1256 1940 1533 2005 περιεῖλεν
1571 1927 1598 1988 ὁ
1641 1933 1753 1988 τῶν

141 2016 286 2073 ὅλων
331 2015 476 2082 θεός.
549 2022 632 2073 67.
678 2014 814 2073 οὐδὲ
853 2013 1047 2073 ἄλλοτε
1087 2021 1227 2088 γοῦν
1267 2038 1352 2071 πω
1395 2014 1666 2088 πρότερον
1700 2019 1754 2083 ἐξ

144 2105 342 2167 αἰῶνος
373 2098 405 2173 ἢ
436 2098 571 2173 μετὰ
601 2099 703 2173 τὴν
732 2104 831 2157 τοῦ
860 2106 1103 2172 σωτῆρος
1134 2099 1312 2172 ἡμῶν,
1346 2099 1522 2158 αὐτοῦ
1555 2099 1623 2172 δὴ
1654 2103 1753 2156 τοῦ

133 2184 509 2258 Ἐμμανουὴλ,
543 2187 792 2257 γένεσιν,
825 2193 1103 2256 περιεῖλεν
1133 2181 1319 2241 αὐτῶν
1348 2183 1376 2241 6
1408 2183 1543 2250 θεὸς
1575 2182 1755 2242 πάντα

79 2267 238 2325 25τόν
282 2268 488 2341 κόσμον
530 2268 622 2325 διὰ
662 2274 755 2341 τῆς
806 2273 918 2325 τῶν
948 2267 1230 2341 Ῥωμαίων
1270 2265 1494 2369 ἀρχῆς(τ
1527 2267 1651 2324 ἀντὶ
1697 2270 1756 2324 δὲ

141 2358 240 2409 τοῦ
270 2349 578 2424 “βασιλε’ως
615 2349 958 2423 Ἀσσυρίων”
1002 2349 1031 2410 6
1072 2378 1174 2426 μεν
1201 2350 1478 2419 ’Anv'aag‘
1483 2349 1564 2408 ἐν
1595 2358 1750 2423 βασι-

144 2442 264 2509 λείᾳ
291 2434 653 2508 Ἀσσυρίων,”
689 2435 717 2493 6
750 2437 812 2493 δε
837 2433 1203 2494 Θεοδοτίων“
1213 2441 1274 2493 ἐν
1295 2461 1369 2492 τω
1395 2443 1617 2508 βασιλεῖ
1638 2433 1754 2493 Ἀσ-

144 2517 393 2589 συρίων”
434 2519 816 2591 ἐκδέδωκεν,“
793 2527 994 2592 ομοίως
1028 2521 1088 2576 δε
1114 2545 1205 2576 και
1221 2519 1546 2592 Σύμμαχος,
1580 2520 1754 2591 σαφες

146 2605 432 2668 ποιοῦντες
462 2601 546 2659 ὅτι
575 2603 648 2676 μὴ
679 2607 779 2661 τοῦ
809 2607 1079 2675 βασιλέως
1105 2603 1415 2675 Ἀσσυρίων
1444 2601 1546 2675 τὴν
1578 2627 1753 2675 κεφα-

80 2707 122 2739 30
147 2683 249 2757 λὴν
278 2683 581 2758 ξυρήσεινὸ
613 2686 771 2759 λόγος
796 2687 1027 2758 ἀπειλεῖ,
1059 2686 1180 2743 ἀλλ’
1220 2691 1279 2743 ἐν
1298 2693 1373 2763 τῷ
1399 2685 1571 2745 αὐτοῦ
1602 2691 1750 2764 ξυρῷ
1784 2722 1803 2742 e

147 2770 238 2824 καὶ
273 2771 331 2825 ἐν
363 2767 512 2845 αὐτῷ
539 2794 598 2827 τε
627 2777 703 2847 τῷ
735 2777 952 2842 βασιλεῖ
972 2775 1085 2827 τῶν
1111 2768 1422 2844 Ἀσσυρίων
1442 2771 1508 2829 τὰ
1539 2794 1751 2844 προφη-

143 2850 413 2925 τευόμενα
445 2852 741 2925 διαθήσειν
771 2853 830 2911 τὸ
856 2853 1143 2912 Ἰουδαίων
1175 2863 1354 2922 ἔθνος.
1427 2862 1508 2913 68.
1543 2855 1754 2923 τούτοις

231 2959 463 2988 EUESBIUS
487 2961 563 2990 111.
1370 2949 1438 3000 28
