<?xml version="1.0" encoding="UTF-8"?>
<!DOCTYPE html PUBLIC "-//W3C//DTD XHTML 1.0 Transitional//EN"
    "http://www.w3.org/TR/xhtml1/DTD/xhtml1-transitional.dtd">
<html xmlns="http://www.w3.org/1999/xhtml" xml:lang="en" lang="en">
 <head>
  <title>
</title>
<meta http-equiv="Content-Type" content="text/html;charset=utf-8" />
  <meta name='ocr-system' content='tesseract 3.04.00' />
  <meta name='ocr-capabilities' content='ocr_page ocr_carea ocr_par ocr_line ocrx_word'/>
</head>
<body>
  <div class='ocr_page' id='page_1' title='image "./operaeusebius03euseuoft_0065.png"; bbox 0 0 1946 3158; ppageno 0'>
   <div class='ocr_carea' id='block_1_1' title="bbox 595 115 1746 174">
    <p class='ocr_par' dir='ltr' id='par_1_1' title="bbox 595 115 1746 174">
     <span class='ocr_line' id='line_1_1' title="bbox 595 115 1746 174; baseline 0 -18"><span class='ocrx_word' id='word_1_1' title='bbox 595 115 900 158; x_wconf 80' lang='lat' dir='ltr'>DEMONST.</span> <span class='ocrx_word' id='word_1_2' title='bbox 929 117 1147 174; x_wconf 75' lang='lat' dir='ltr'>EVANG.</span> <span class='ocrx_word' id='word_1_3' title='bbox 1179 118 1214 157; x_wconf 84' lang='grc' dir='ltr'><strong><em>Ι.</em></strong></span> <span class='ocrx_word' id='word_1_4' title='bbox 1244 118 1284 157; x_wconf 83' lang='lat'><strong><em>6.</em></strong></span> <span class='ocrx_word' id='word_1_5' title='bbox 1679 116 1746 167; x_wconf 83' lang='lat'><strong><em>41</em></strong></span> 
     </span>
    </p>
   </div>
   <div class='ocr_carea' id='block_1_2' title="bbox 78 229 1835 2756">
    <p class='ocr_par' dir='ltr' id='par_1_2' title="bbox 140 229 1835 559">
     <span class='ocr_line' id='line_1_2' title="bbox 143 229 1748 307; baseline 0 -18"><span class='ocrx_word' id='word_1_6' title='bbox 143 235 433 289; x_wconf 74' lang='grc' dir='ltr'><strong><em>ι”λεοῦσθαι</em></strong></span> <span class='ocrx_word' id='word_1_7' title='bbox 476 229 614 288; x_wconf 76' lang='grc' dir='ltr'><strong><em>κατὰ</em></strong></span> <span class='ocrx_word' id='word_1_8' title='bbox 655 229 720 288; x_wconf 72' lang='grc' dir='ltr'><strong><em>τοὶ</em></strong></span> <span class='ocrx_word' id='word_1_9' title='bbox 749 234 1244 306; x_wconf 70' lang='grc' dir='ltr'><strong><em>νενομοθετημένα.</em></strong></span> <span class='ocrx_word' id='word_1_10' title='bbox 1323 230 1514 306; x_wconf 77' lang='grc' dir='ltr'><em>διόπερ</em></span> <span class='ocrx_word' id='word_1_11' title='bbox 1560 235 1652 289; x_wconf 86' lang='grc' dir='ltr'><strong><em>καὶ</em></strong></span> <span class='ocrx_word' id='word_1_12' title='bbox 1683 237 1748 307; x_wconf 80' lang='grc' dir='ltr'><strong><em>τῇ</em></strong></span> 
     </span>
     <span class='ocr_line' id='line_1_3' title="bbox 140 314 1750 423; baseline 0 -50"><span class='ocrx_word' id='word_1_13' title='bbox 140 319 395 383; x_wconf 36' lang='grc' dir='ltr'><strong><em>*Μωσέως</em></strong></span> <span class='ocrx_word' id='word_1_14' title='bbox 427 314 649 382; x_wconf 76' lang='grc' dir='ltr'><em>εἰκότως</em></span> <span class='ocrx_word' id='word_1_15' title='bbox 679 315 1091 423; x_wconf 82' lang='grc' dir='ltr'><strong><em>ὑποβέβληνται</em></strong></span> <span class='ocrx_word' id='word_1_16' title='bbox 1121 314 1350 392; x_wconf 79' lang='grc' dir='ltr'><strong><em>κατάρα,</em></strong></span> <span class='ocrx_word' id='word_1_17' title='bbox 1386 320 1445 374; x_wconf 89' lang='grc' dir='ltr'><strong><em>ἐν</em></strong></span> <span class='ocrx_word' id='word_1_18' title='bbox 1463 320 1617 390; x_wconf 95' lang='grc' dir='ltr'><strong><em>μέρει</em></strong></span> <span class='ocrx_word' id='word_1_19' title='bbox 1647 317 1750 390; x_wconf 73' lang='grc' dir='ltr'><strong><em>μὲν</em></strong></span> 
     </span>
     <span class='ocr_line' id='line_1_4' title="bbox 141 397 1835 505; baseline -0.001 -47"><span class='ocrx_word' id='word_1_20' title='bbox 141 398 442 475; x_wconf 87' lang='grc' dir='ltr'><strong><em>φυλάττειν</em></strong></span> <span class='ocrx_word' id='word_1_21' title='bbox 473 397 596 457; x_wconf 77' lang='grc' dir='ltr'><strong><em>τινα</em></strong></span> <span class='ocrx_word' id='word_1_22' title='bbox 626 400 976 474; x_wconf 76' lang='grc' dir='ltr'><strong><em>πειρώμενοι,</em></strong></span> <span class='ocrx_word' id='word_1_23' title='bbox 1011 404 1070 458; x_wconf 84' lang='grc' dir='ltr'><strong><em>ἐν</em></strong></span> <span class='ocrx_word' id='word_1_24' title='bbox 1103 403 1162 458; x_wconf 92' lang='grc' dir='ltr'><strong><em>δε</em></strong></span> <span class='ocrx_word' id='word_1_25' title='bbox 1193 416 1305 468; x_wconf 90' lang='grc' dir='ltr'><strong><em>τοις</em></strong></span> <span class='ocrx_word' id='word_1_26' title='bbox 1325 399 1471 467; x_wconf 81' lang='grc' dir='ltr'><strong><em>ὅλοις</em></strong></span> <span class='ocrx_word' id='word_1_27' title='bbox 1502 424 1748 505; x_wconf 82' lang='grc' dir='ltr'><strong><em>παρανο-</em></strong></span> <span class='ocrx_word' id='word_1_28' title='bbox 1768 425 1835 466; x_wconf 71' lang='grc' dir='ltr'><strong><em>(ιε)</em></strong></span> 
     </span>
     <span class='ocr_line' id='line_1_5' title="bbox 140 482 1747 559; baseline -0.001 -16"><span class='ocrx_word' id='word_1_29' title='bbox 140 489 400 559; x_wconf 87' lang='grc' dir='ltr'><strong><em>μοῦντες,</em></strong></span> <span class='ocrx_word' id='word_1_30' title='bbox 443 484 750 558; x_wconf 76' lang='grc' dir='ltr'><strong><em>διαρρήδην</em></strong></span> <span class='ocrx_word' id='word_1_31' title='bbox 781 488 1032 551; x_wconf 84' lang='grc' dir='ltr'><em>Μωσέως</em></span> <span class='ocrx_word' id='word_1_32' title='bbox 1072 482 1540 559; x_wconf 77' lang='grc' dir='ltr'><strong><em>ἀποφηναμένου</em></strong></span> <span class='ocrx_word' id='word_1_33' title='bbox 1545 484 1650 543; x_wconf 62' lang='grc' dir='ltr'><strong><em>’ὅτι</em></strong></span> <span class='ocrx_word' id='word_1_34' title='bbox 1682 485 1747 559; x_wconf 84' lang='grc' dir='ltr'><strong><em>δὴ</em></strong></span> 
     </span>
    </p>

    <p class='ocr_par' dir='ltr' id='par_1_3' title="bbox 102 566 1751 728">
     <span class='ocr_line' id='line_1_6' title="bbox 102 566 1751 643; baseline 0.002 -19"><span class='ocrx_word' id='word_1_35' title='bbox 102 591 122 624; x_wconf 86' lang='grc'>5</span> <span class='ocrx_word' id='word_1_36' title='bbox 148 568 536 643; x_wconf 87' lang='grc' dir='ltr'><strong><em>ἐπικατάρατος</em></strong></span> <span class='ocrx_word' id='word_1_37' title='bbox 566 575 689 640; x_wconf 81' lang='grc' dir='ltr'><strong><em>πᾶς,</em></strong></span> <span class='ocrx_word' id='word_1_38' title='bbox 720 566 779 636; x_wconf 77' lang='grc' dir='ltr'><strong><em>ὃς</em></strong></span> <span class='ocrx_word' id='word_1_39' title='bbox 810 567 911 626; x_wconf 81' lang='grc' dir='ltr'><strong><em>οὐκ</em></strong></span> <span class='ocrx_word' id='word_1_40' title='bbox 944 573 1168 643; x_wconf 89' lang='grc' dir='ltr'><strong><em>ἐμμενει</em></strong></span> <span class='ocrx_word' id='word_1_41' title='bbox 1196 574 1256 627; x_wconf 89' lang='grc' dir='ltr'><strong><em>ἐν</em></strong></span> <span class='ocrx_word' id='word_1_42' title='bbox 1286 574 1419 627; x_wconf 76' lang='grc' dir='ltr'><strong><em>πᾶσι</em></strong></span> <span class='ocrx_word' id='word_1_43' title='bbox 1448 584 1563 637; x_wconf 91' lang='grc' dir='ltr'><strong><em>τοις</em></strong></span> <span class='ocrx_word' id='word_1_44' title='bbox 1596 573 1751 643; x_wconf 78' lang='grc' dir='ltr'><strong><em>ἐγγε-</em></strong></span> 
     </span>
     <span class='ocr_line' id='line_1_7' title="bbox 141 651 1451 728; baseline -0.001 -17"><span class='ocrx_word' id='word_1_45' title='bbox 141 656 474 728; x_wconf 75' lang='grc' dir='ltr'><strong><em>γραμμένοις</em></strong></span> <span class='ocrx_word' id='word_1_46' title='bbox 505 657 606 710; x_wconf 88' lang='grc' dir='ltr'><strong><em>τοῦ</em></strong></span> <span class='ocrx_word' id='word_1_47' title='bbox 635 652 837 727; x_wconf 87' lang='grc' dir='ltr'><strong><em>νόμου,</em></strong></span> <span class='ocrx_word' id='word_1_48' title='bbox 868 658 968 710; x_wconf 88' lang='grc' dir='ltr'><strong><em>τοῦ</em></strong></span> <span class='ocrx_word' id='word_1_49' title='bbox 999 658 1225 727; x_wconf 81' lang='grc' dir='ltr'><strong><em>ποιῆσαι</em></strong></span> <span class='ocrx_word' id='word_1_50' title='bbox 1256 653 1410 712; x_wconf 79' lang='grc' dir='ltr'><strong><em>αὐτά.</em></strong></span> <span class='ocrx_word' id='word_1_51' title='bbox 1422 651 1451 672; x_wconf 88' lang='grc'>”</span> 
     </span>
    </p>

    <p class='ocr_par' dir='ltr' id='par_1_4' title="bbox 140 737 1750 983">
     <span class='ocr_line' id='line_1_8' title="bbox 267 737 1749 813; baseline 0.001 -19"><span class='ocrx_word' id='word_1_52' title='bbox 267 743 351 796; x_wconf 78' lang='lat'><strong><em>38.</em></strong></span> <span class='ocrx_word' id='word_1_53' title='bbox 414 737 640 806; x_wconf 81' lang='grc' dir='ltr'><strong><em>Τούτοις</em></strong></span> <span class='ocrx_word' id='word_1_54' title='bbox 692 740 751 795; x_wconf 74' lang='grc' dir='ltr'><strong><em>δὲ</em></strong></span> <span class='ocrx_word' id='word_1_55' title='bbox 806 742 939 795; x_wconf 81' lang='grc' dir='ltr'><strong><em>πᾶσι</em></strong></span> <span class='ocrx_word' id='word_1_56' title='bbox 1000 738 1513 813; x_wconf 77' lang='grc' dir='ltr'><strong><em>περιπεπτώκασιν,</em></strong></span> <span class='ocrx_word' id='word_1_57' title='bbox 1575 737 1749 796; x_wconf 81' lang='grc' dir='ltr'><strong><em>αὐτοῦ</em></strong></span> 
     </span>
     <span class='ocr_line' id='line_1_9' title="bbox 140 821 1750 900; baseline 0 -20"><span class='ocrx_word' id='word_1_58' title='bbox 140 825 394 890; x_wconf 66' lang='grc' dir='ltr'><strong><em>ΝΙωσέως</em></strong></span> <span class='ocrx_word' id='word_1_59' title='bbox 432 829 574 900; x_wconf 79' lang='grc' dir='ltr'><strong><em>θείω</em></strong></span> <span class='ocrx_word' id='word_1_60' title='bbox 615 821 886 895; x_wconf 84' lang='grc' dir='ltr'><strong><em>πνεύματι</em></strong></span> <span class='ocrx_word' id='word_1_61' title='bbox 930 822 1355 897; x_wconf 74' lang='grc' dir='ltr'><strong><em>προειληφότος,</em></strong></span> <span class='ocrx_word' id='word_1_62' title='bbox 1406 823 1488 880; x_wconf 85' lang='grc' dir='ltr'><strong><em>ὅτι</em></strong></span> <span class='ocrx_word' id='word_1_63' title='bbox 1540 822 1609 895; x_wconf 86' lang='grc' dir='ltr'><strong><em>δὴ</em></strong></span> <span class='ocrx_word' id='word_1_64' title='bbox 1654 827 1750 896; x_wconf 83' lang='grc' dir='ltr'><strong><em>τῆς</em></strong></span> 
     </span>
     <span class='ocr_line' id='line_1_10' title="bbox 143 905 1750 983; baseline 0.001 -19"><span class='ocrx_word' id='word_1_65' title='bbox 143 906 234 965; x_wconf 91' lang='grc' dir='ltr'><strong><em>δια</em></strong></span> <span class='ocrx_word' id='word_1_66' title='bbox 266 910 510 983; x_wconf 82' lang='grc' dir='ltr'><strong><em>Χριστοῦ</em></strong></span> <span class='ocrx_word' id='word_1_67' title='bbox 537 910 727 980; x_wconf 85' lang='grc' dir='ltr'><strong><em>καινῆς</em></strong></span> <span class='ocrx_word' id='word_1_68' title='bbox 762 907 1033 980; x_wconf 82' lang='grc' dir='ltr'><strong><em>διαθήκης</em></strong></span> <span class='ocrx_word' id='word_1_69' title='bbox 1064 905 1483 980; x_wconf 79' lang='grc' dir='ltr'><strong><em>άνανεωθείσης</em></strong></span> <span class='ocrx_word' id='word_1_70' title='bbox 1515 910 1605 965; x_wconf 87' lang='grc' dir='ltr'><strong><em>καὶ</em></strong></span> <span class='ocrx_word' id='word_1_71' title='bbox 1638 922 1750 974; x_wconf 87' lang='grc' dir='ltr'><strong><em>τοῖς</em></strong></span> 
     </span>
    </p>

    <p class='ocr_par' dir='ltr' id='par_1_5' title="bbox 78 991 1800 1404">
     <span class='ocr_line' id='line_1_11' title="bbox 78 991 1745 1067; baseline 0 -19"><span class='ocrx_word' id='word_1_72' title='bbox 78 1017 120 1050; x_wconf 87' lang='lat'><strong><em>10</em></strong></span> <span class='ocrx_word' id='word_1_73' title='bbox 142 997 314 1051; x_wconf 82' lang='grc' dir='ltr'><strong><em>πᾶσιν</em></strong></span> <span class='ocrx_word' id='word_1_74' title='bbox 334 999 526 1051; x_wconf 84' lang='grc' dir='ltr'><strong><em>ἔθνεσι</em></strong></span> <span class='ocrx_word' id='word_1_75' title='bbox 549 999 1020 1065; x_wconf 76' lang='grc' dir='ltr'><strong><em>καταγγελθείσης</em></strong></span> <span class='ocrx_word' id='word_1_76' title='bbox 1051 992 1276 1067; x_wconf 87' lang='grc' dir='ltr'><strong><em>περιττή</em></strong></span> <span class='ocrx_word' id='word_1_77' title='bbox 1293 1017 1374 1059; x_wconf 92' lang='grc' dir='ltr'><strong><em>τις</em></strong></span> <span class='ocrx_word' id='word_1_78' title='bbox 1399 999 1550 1050; x_wconf 83' lang='grc' dir='ltr'><strong><em>ἔσται</em></strong></span> <span class='ocrx_word' id='word_1_79' title='bbox 1570 991 1603 1066; x_wconf 79' lang='grc' dir='ltr'>ἡ</span> <span class='ocrx_word' id='word_1_80' title='bbox 1635 991 1745 1049; x_wconf 88' lang='grc' dir='ltr'><strong><em>κατ’</em></strong></span> 
     </span>
     <span class='ocr_line' id='line_1_12' title="bbox 141 1075 1752 1151; baseline -0.001 -17"><span class='ocrx_word' id='word_1_81' title='bbox 141 1075 310 1134; x_wconf 78' lang='grc' dir='ltr'><strong><em>αὐτὸν</em></strong></span> <span class='ocrx_word' id='word_1_82' title='bbox 339 1084 674 1151; x_wconf 84' lang='grc' dir='ltr'><strong><em>νομοθεσία,</em></strong></span> <span class='ocrx_word' id='word_1_83' title='bbox 715 1101 786 1149; x_wconf 89' lang='grc' dir='ltr'><strong><em>ην</em></strong></span> <span class='ocrx_word' id='word_1_84' title='bbox 819 1076 1040 1143; x_wconf 78' lang='grc' dir='ltr'><strong><em>εἰκότως</em></strong></span> <span class='ocrx_word' id='word_1_85' title='bbox 1069 1075 1171 1149; x_wconf 83' lang='grc' dir='ltr'><strong><em>ὑφ’</em></strong></span> <span class='ocrx_word' id='word_1_86' title='bbox 1219 1101 1317 1134; x_wconf 90' lang='grc' dir='ltr'><strong><em>ενα</em></strong></span> <span class='ocrx_word' id='word_1_87' title='bbox 1346 1077 1517 1135; x_wconf 92' lang='grc' dir='ltr'><strong><em>τόπον</em></strong></span> <span class='ocrx_word' id='word_1_88' title='bbox 1547 1076 1752 1148; x_wconf 80' lang='grc' dir='ltr'><strong><em>περιω-</em></strong></span> 
     </span>
     <span class='ocr_line' id='line_1_13' title="bbox 141 1158 1800 1235; baseline -0.002 -16"><span class='ocrx_word' id='word_1_89' title='bbox 141 1181 325 1235; x_wconf 90' lang='grc' dir='ltr'><strong><em>ρισεν,</em></strong></span> <span class='ocrx_word' id='word_1_90' title='bbox 367 1167 490 1234; x_wconf 88' lang='grc' dir='ltr'><strong><em>ι’να,</em></strong></span> <span class='ocrx_word' id='word_1_91' title='bbox 533 1172 742 1219; x_wconf 80' lang='grc' dir='ltr'><strong><em>εἴποτε</em></strong></span> <span class='ocrx_word' id='word_1_92' title='bbox 770 1160 971 1219; x_wconf 81' lang='grc' dir='ltr'><strong><em>τούτου</em></strong></span> <span class='ocrx_word' id='word_1_93' title='bbox 1002 1172 1329 1235; x_wconf 90' lang='grc' dir='ltr'><strong><em>στερηθειεν</em></strong></span> <span class='ocrx_word' id='word_1_94' title='bbox 1370 1164 1461 1218; x_wconf 87' lang='grc' dir='ltr'><strong><em>καὶ</em></strong></span> <span class='ocrx_word' id='word_1_95' title='bbox 1494 1158 1753 1219; x_wconf 81' lang='grc' dir='ltr'><strong><em>άποκλει-</em></strong></span> <span class='ocrx_word' id='word_1_96' title='bbox 1778 1185 1800 1216; x_wconf 80' lang='lat' dir='ltr'>b</span> 
     </span>
     <span class='ocr_line' id='line_1_14' title="bbox 142 1244 1752 1320; baseline -0.001 -16"><span class='ocrx_word' id='word_1_97' title='bbox 142 1257 336 1304; x_wconf 82' lang='grc' dir='ltr'><strong><em>σθεῖεν</em></strong></span> <span class='ocrx_word' id='word_1_98' title='bbox 376 1253 472 1319; x_wconf 85' lang='grc' dir='ltr'><strong><em>τῆς</em></strong></span> <span class='ocrx_word' id='word_1_99' title='bbox 514 1253 720 1312; x_wconf 85' lang='grc' dir='ltr'><strong><em>οἰκείας</em></strong></span> <span class='ocrx_word' id='word_1_100' title='bbox 765 1250 1117 1319; x_wconf 81' lang='grc' dir='ltr'><strong><em>ἐλευθερίας,</em></strong></span> <span class='ocrx_word' id='word_1_101' title='bbox 1169 1246 1354 1320; x_wconf 86' lang='grc' dir='ltr'><strong><em>μηκέτ’</em></strong></span> <span class='ocrx_word' id='word_1_102' title='bbox 1404 1244 1590 1312; x_wconf 75' lang='grc' dir='ltr'><strong><em>αὐτοῖς</em></strong></span> <span class='ocrx_word' id='word_1_103' title='bbox 1632 1244 1752 1314; x_wconf 80' lang='grc' dir='ltr'><strong><em>ἐξὸν</em></strong></span> 
     </span>
     <span class='ocr_line' id='line_1_15' title="bbox 145 1328 1751 1404; baseline 0 -17"><span class='ocrx_word' id='word_1_104' title='bbox 145 1340 230 1403; x_wconf 79' lang='grc' dir='ltr'><strong><em>εἴη</em></strong></span> <span class='ocrx_word' id='word_1_105' title='bbox 261 1334 350 1387; x_wconf 86' lang='grc' dir='ltr'><strong><em>ἐπὶ</em></strong></span> <span class='ocrx_word' id='word_1_106' title='bbox 379 1334 475 1402; x_wconf 74' lang='grc' dir='ltr'><strong><em>τῆς</em></strong></span> <span class='ocrx_word' id='word_1_107' title='bbox 508 1330 825 1403; x_wconf 80' lang='grc' dir='ltr'><strong><em>ἀλλοδαπῆς</em></strong></span> <span class='ocrx_word' id='word_1_108' title='bbox 855 1330 920 1387; x_wconf 76' lang='grc' dir='ltr'><strong><em>τὰ</em></strong></span> <span class='ocrx_word' id='word_1_109' title='bbox 954 1330 1070 1388; x_wconf 80' lang='grc' dir='ltr'><strong><em>κατ’</em></strong></span> <span class='ocrx_word' id='word_1_110' title='bbox 1124 1328 1293 1389; x_wconf 75' lang='grc' dir='ltr'><strong><em>αὐτὸν</em></strong></span> <span class='ocrx_word' id='word_1_111' title='bbox 1323 1330 1527 1404; x_wconf 91' lang='grc' dir='ltr'><strong><em>νόμιμα</em></strong></span> <span class='ocrx_word' id='word_1_112' title='bbox 1559 1351 1751 1387; x_wconf 88' lang='grc' dir='ltr'><strong><em>συντε-</em></strong></span> 
     </span>
    </p>

    <p class='ocr_par' dir='ltr' id='par_1_6' title="bbox 80 1410 1754 1827">
     <span class='ocr_line' id='line_1_16' title="bbox 80 1410 1753 1488; baseline 0.002 -20"><span class='ocrx_word' id='word_1_113' title='bbox 80 1437 122 1469; x_wconf 89' lang='lat'><strong><em>15</em></strong></span> <span class='ocrx_word' id='word_1_114' title='bbox 145 1422 291 1486; x_wconf 81' lang='grc' dir='ltr'><strong><em>λεῖν,</em></strong></span> <span class='ocrx_word' id='word_1_115' title='bbox 325 1410 397 1480; x_wconf 76' lang='grc' dir='ltr'><strong><em>ὦς</em></strong></span> <span class='ocrx_word' id='word_1_116' title='bbox 427 1418 518 1471; x_wconf 90' lang='grc' dir='ltr'><strong><em>καὶ</em></strong></span> <span class='ocrx_word' id='word_1_117' title='bbox 553 1419 605 1483; x_wconf 84' lang='grc' dir='ltr'><strong><em>ἐξ</em></strong></span> <span class='ocrx_word' id='word_1_118' title='bbox 636 1413 877 1487; x_wconf 75' lang='grc' dir='ltr'><strong><em>ἀνάγκης</em></strong></span> <span class='ocrx_word' id='word_1_119' title='bbox 907 1417 1008 1488; x_wconf 86' lang='grc' dir='ltr'><strong><em>τὴν</em></strong></span> <span class='ocrx_word' id='word_1_120' title='bbox 1042 1418 1309 1487; x_wconf 83' lang='grc' dir='ltr'><strong><em>δευτέραν</em></strong></span> <span class='ocrx_word' id='word_1_121' title='bbox 1342 1414 1622 1488; x_wconf 84' lang='grc' dir='ltr'><strong><em>διαθήκην</em></strong></span> <span class='ocrx_word' id='word_1_122' title='bbox 1651 1415 1753 1488; x_wconf 87' lang='grc' dir='ltr'><strong><em>τὴν</em></strong></span> 
     </span>
     <span class='ocr_line' id='line_1_17' title="bbox 147 1498 1749 1574; baseline 0.001 -19"><span class='ocrx_word' id='word_1_123' title='bbox 147 1498 237 1555; x_wconf 78' lang='grc' dir='ltr'><strong><em>διὰ</em></strong></span> <span class='ocrx_word' id='word_1_124' title='bbox 274 1503 518 1572; x_wconf 83' lang='grc' dir='ltr'><strong><em>Χριστοῦ</em></strong></span> <span class='ocrx_word' id='word_1_125' title='bbox 557 1503 1005 1573; x_wconf 74' lang='grc' dir='ltr'><strong><em>κατηγγελμένην</em></strong></span> <span class='ocrx_word' id='word_1_126' title='bbox 1046 1504 1309 1572; x_wconf 84' lang='grc' dir='ltr'><strong><em>γενέσθαι</em></strong></span> <span class='ocrx_word' id='word_1_127' title='bbox 1358 1503 1749 1574; x_wconf 88' lang='grc' dir='ltr'><strong><em>παραδεκτέον.</em></strong></span> 
     </span>
     <span class='ocr_line' id='line_1_18' title="bbox 143 1575 1754 1657; baseline 0.001 -18"><span class='ocrx_word' id='word_1_128' title='bbox 143 1587 227 1640; x_wconf 80' lang='lat'><strong><em>39.</em></strong></span> <span class='ocrx_word' id='word_1_129' title='bbox 264 1581 396 1640; x_wconf 81' lang='grc' dir='ltr'><strong><em>αὐτὸ</em></strong></span> <span class='ocrx_word' id='word_1_130' title='bbox 431 1585 499 1655; x_wconf 82' lang='grc' dir='ltr'><strong><em>δὴ</em></strong></span> <span class='ocrx_word' id='word_1_131' title='bbox 530 1575 633 1641; x_wconf 82' lang='grc' dir='ltr'><strong><em>οῦν</em></strong></span> <span class='ocrx_word' id='word_1_132' title='bbox 662 1587 823 1641; x_wconf 89' lang='grc' dir='ltr'><strong><em>τοῦτο</em></strong></span> <span class='ocrx_word' id='word_1_133' title='bbox 839 1590 1090 1650; x_wconf 87' lang='grc' dir='ltr'><strong><em>Μωσέως</em></strong></span> <span class='ocrx_word' id='word_1_134' title='bbox 1113 1582 1586 1657; x_wconf 84' lang='grc' dir='ltr'><strong><em>προηγορευκότος</em></strong></span> <span class='ocrx_word' id='word_1_135' title='bbox 1615 1580 1754 1656; x_wconf 85' lang='grc' dir='ltr'><strong><em>ὁμοῦ</em></strong></span> 
     </span>
     <span class='ocr_line' id='line_1_19' title="bbox 142 1663 1751 1745; baseline 0.001 -21"><span class='ocrx_word' id='word_1_136' title='bbox 142 1691 201 1724; x_wconf 92' lang='grc' dir='ltr'><strong><em>τε</em></strong></span> <span class='ocrx_word' id='word_1_137' title='bbox 230 1663 259 1724; x_wconf 87' lang='grc' dir='ltr'>ὁ</span> <span class='ocrx_word' id='word_1_138' title='bbox 291 1668 524 1741; x_wconf 87' lang='grc' dir='ltr'><strong><em>Χριστὸς</em></strong></span> <span class='ocrx_word' id='word_1_139' title='bbox 556 1667 815 1741; x_wconf 82' lang='grc' dir='ltr'><strong><em>ἐπεδήμει</em></strong></span> <span class='ocrx_word' id='word_1_140' title='bbox 845 1672 924 1744; x_wconf 76' lang='grc' dir='ltr'><strong><em>τῷ</em></strong></span> <span class='ocrx_word' id='word_1_141' title='bbox 953 1674 1058 1745; x_wconf 80' lang='grc' dir='ltr'><strong><em>βίω</em></strong></span> <span class='ocrx_word' id='word_1_142' title='bbox 1090 1671 1182 1725; x_wconf 89' lang='grc' dir='ltr'><strong><em>καὶ</em></strong></span> <span class='ocrx_word' id='word_1_143' title='bbox 1210 1672 1304 1742; x_wconf 80' lang='grc' dir='ltr'><strong><em>τῆς</em></strong></span> <span class='ocrx_word' id='word_1_144' title='bbox 1335 1672 1530 1740; x_wconf 80' lang='grc' dir='ltr'><strong><em>καινῆς</em></strong></span> <span class='ocrx_word' id='word_1_145' title='bbox 1556 1667 1751 1740; x_wconf 85' lang='grc' dir='ltr'><strong><em>διαθή-</em></strong></span> 
     </span>
     <span class='ocr_line' id='line_1_20' title="bbox 142 1751 1753 1827; baseline -0.001 -18"><span class='ocrx_word' id='word_1_146' title='bbox 142 1776 241 1825; x_wconf 89' lang='grc' dir='ltr'><strong><em>κης</em></strong></span> <span class='ocrx_word' id='word_1_147' title='bbox 271 1751 643 1827; x_wconf 80' lang='grc' dir='ltr'><strong><em>προεβάλλετο</em></strong></span> <span class='ocrx_word' id='word_1_148' title='bbox 674 1757 808 1809; x_wconf 82' lang='grc' dir='ltr'><strong><em>πᾶσι</em></strong></span> <span class='ocrx_word' id='word_1_149' title='bbox 837 1767 950 1819; x_wconf 83' lang='grc' dir='ltr'><strong><em>τοῖς</em></strong></span> <span class='ocrx_word' id='word_1_150' title='bbox 976 1760 1166 1810; x_wconf 82' lang='grc' dir='ltr'><strong><em>ἔθνεσι</em></strong></span> <span class='ocrx_word' id='word_1_151' title='bbox 1192 1759 1542 1823; x_wconf 88' lang='grc' dir='ltr'><strong><em>διδασκαλία,</em></strong></span> <span class='ocrx_word' id='word_1_152' title='bbox 1574 1775 1753 1826; x_wconf 89' lang='grc' dir='ltr'><strong><em>παρα-</em></strong></span> 
     </span>
    </p>

    <p class='ocr_par' dir='ltr' id='par_1_7' title="bbox 80 1835 1795 2249">
     <span class='ocr_line' id='line_1_21' title="bbox 80 1835 1753 1912; baseline 0.001 -21"><span class='ocrx_word' id='word_1_153' title='bbox 80 1860 120 1891; x_wconf 78' lang='lat'><strong><em>20</em></strong></span> <span class='ocrx_word' id='word_1_154' title='bbox 143 1836 323 1911; x_wconf 81' lang='grc' dir='ltr'><strong><em>χρῆμά</em></strong></span> <span class='ocrx_word' id='word_1_155' title='bbox 362 1860 421 1894; x_wconf 90' lang='grc' dir='ltr'><strong><em>τε</em></strong></span> <span class='ocrx_word' id='word_1_156' title='bbox 442 1835 692 1910; x_wconf 86' lang='grc' dir='ltr'><strong><em>Ῥωμαῖοι</em></strong></span> <span class='ocrx_word' id='word_1_157' title='bbox 730 1835 834 1910; x_wconf 82' lang='grc' dir='ltr'><strong><em>τὴν</em></strong></span> <span class='ocrx_word' id='word_1_158' title='bbox 872 1836 1034 1894; x_wconf 89' lang='grc' dir='ltr'><strong><em>πόλιν</em></strong></span> <span class='ocrx_word' id='word_1_159' title='bbox 1076 1836 1294 1904; x_wconf 81' lang='grc' dir='ltr'><strong><em>ἑλόντες</em></strong></span> <span class='ocrx_word' id='word_1_160' title='bbox 1334 1844 1623 1912; x_wconf 80' lang='grc' dir='ltr'><strong><em>πολιορκίᾳ</em></strong></span> <span class='ocrx_word' id='word_1_161' title='bbox 1653 1861 1753 1893; x_wconf 84' lang='grc' dir='ltr'><strong><em>κα-</em></strong></span> 
     </span>
     <span class='ocr_line' id='line_1_22' title="bbox 143 1917 1753 1995; baseline -0.001 -16"><span class='ocrx_word' id='word_1_162' title='bbox 143 1929 339 1979; x_wconf 86' lang='grc' dir='ltr'><strong><em>θεῖλον</em></strong></span> <span class='ocrx_word' id='word_1_163' title='bbox 368 1921 434 1978; x_wconf 74' lang='grc' dir='ltr'><strong><em>τὰ</em></strong></span> <span class='ocrx_word' id='word_1_164' title='bbox 458 1917 808 1995; x_wconf 83' lang='grc' dir='ltr'><strong><em>Ἱεροσόλυμα</em></strong></span> <span class='ocrx_word' id='word_1_165' title='bbox 840 1925 932 1979; x_wconf 88' lang='grc' dir='ltr'><strong><em>καὶ</em></strong></span> <span class='ocrx_word' id='word_1_166' title='bbox 961 1922 1058 1979; x_wconf 85' lang='grc' dir='ltr'><strong><em>τὸν</em></strong></span> <span class='ocrx_word' id='word_1_167' title='bbox 1088 1919 1288 1979; x_wconf 76' lang='grc' dir='ltr'><strong><em>αὐτόθι</em></strong></span> <span class='ocrx_word' id='word_1_168' title='bbox 1329 1921 1497 1979; x_wconf 83' lang='grc' dir='ltr'><strong><em>νεω’ν·</em></strong></span> <span class='ocrx_word' id='word_1_169' title='bbox 1560 1920 1753 1978; x_wconf 80' lang='grc' dir='ltr'><strong><em>λέλυτό</em></strong></span> 
     </span>
     <span class='ocr_line' id='line_1_23' title="bbox 143 2003 1795 2079; baseline -0.002 -16"><span class='ocrx_word' id='word_1_170' title='bbox 143 2029 202 2063; x_wconf 93' lang='grc' dir='ltr'><strong><em>τε</em></strong></span> <span class='ocrx_word' id='word_1_171' title='bbox 232 2003 430 2064; x_wconf 78' lang='grc' dir='ltr'><strong><em>αὐτίκα</em></strong></span> <span class='ocrx_word' id='word_1_172' title='bbox 460 2012 608 2064; x_wconf 85' lang='grc' dir='ltr'><strong><em>πᾶσα</em></strong></span> <span class='ocrx_word' id='word_1_173' title='bbox 650 2005 683 2079; x_wconf 76' lang='grc' dir='ltr'>ἡ</span> <span class='ocrx_word' id='word_1_174' title='bbox 716 2009 968 2073; x_wconf 91' lang='grc' dir='ltr'><strong><em>Μωσέως</em></strong></span> <span class='ocrx_word' id='word_1_175' title='bbox 995 2005 1265 2078; x_wconf 85' lang='grc' dir='ltr'><strong><em>διάταξις,</em></strong></span> <span class='ocrx_word' id='word_1_176' title='bbox 1297 2009 1388 2064; x_wconf 88' lang='grc' dir='ltr'><strong><em>καὶ</em></strong></span> <span class='ocrx_word' id='word_1_177' title='bbox 1425 2004 1491 2063; x_wconf 71' lang='grc' dir='ltr'><strong><em>τὰ</em></strong></span> <span class='ocrx_word' id='word_1_178' title='bbox 1520 2009 1616 2079; x_wconf 81' lang='grc' dir='ltr'><strong><em>τῆς</em></strong></span> <span class='ocrx_word' id='word_1_179' title='bbox 1646 2029 1754 2062; x_wconf 92' lang='grc' dir='ltr'><strong><em>πα-</em></strong></span> <span class='ocrx_word' id='word_1_180' title='bbox 1778 2038 1795 2059; x_wconf 78' lang='lat'>0</span> 
     </span>
     <span class='ocr_line' id='line_1_24' title="bbox 145 2087 1753 2165; baseline -0.001 -18"><span class='ocrx_word' id='word_1_181' title='bbox 145 2095 302 2158; x_wconf 80' lang='grc' dir='ltr'><strong><em>λαιᾶς</em></strong></span> <span class='ocrx_word' id='word_1_182' title='bbox 355 2090 654 2164; x_wconf 86' lang='grc' dir='ltr'><strong><em>περιῄρητο</em></strong></span> <span class='ocrx_word' id='word_1_183' title='bbox 706 2090 1009 2165; x_wconf 83' lang='grc' dir='ltr'><strong><em>διαθήκης,</em></strong></span> <span class='ocrx_word' id='word_1_184' title='bbox 1052 2091 1119 2149; x_wconf 88' lang='grc' dir='ltr'><strong><em>τά</em></strong></span> <span class='ocrx_word' id='word_1_185' title='bbox 1157 2115 1216 2148; x_wconf 91' lang='grc' dir='ltr'><strong><em>τε</em></strong></span> <span class='ocrx_word' id='word_1_186' title='bbox 1256 2096 1350 2164; x_wconf 84' lang='grc' dir='ltr'><strong><em>τῆς</em></strong></span> <span class='ocrx_word' id='word_1_187' title='bbox 1391 2087 1528 2165; x_wconf 81' lang='grc' dir='ltr'><strong><em>ἄρᾶς</em></strong></span> <span class='ocrx_word' id='word_1_188' title='bbox 1567 2089 1753 2164; x_wconf 82' lang='grc' dir='ltr'><strong><em>μετῄει</em></strong></span> 
     </span>
     <span class='ocr_line' id='line_1_25' title="bbox 144 2173 1755 2249; baseline 0 -17"><span class='ocrx_word' id='word_1_189' title='bbox 144 2173 271 2241; x_wconf 78' lang='grc' dir='ltr'><strong><em>τούς</em></strong></span> <span class='ocrx_word' id='word_1_190' title='bbox 301 2175 450 2248; x_wconf 77' lang='grc' dir='ltr'><strong><em>παρὰ</em></strong></span> <span class='ocrx_word' id='word_1_191' title='bbox 481 2173 676 2248; x_wconf 78' lang='grc' dir='ltr'><strong><em>καιρὸν</em></strong></span> <span class='ocrx_word' id='word_1_192' title='bbox 704 2175 770 2232; x_wconf 77' lang='grc' dir='ltr'><strong><em>τὰ</em></strong></span> <span class='ocrx_word' id='word_1_193' title='bbox 801 2180 1053 2243; x_wconf 91' lang='grc' dir='ltr'><strong><em>Μωσέως</em></strong></span> <span class='ocrx_word' id='word_1_194' title='bbox 1071 2175 1331 2249; x_wconf 87' lang='grc' dir='ltr'><strong><em>πράττειν</em></strong></span> <span class='ocrx_word' id='word_1_195' title='bbox 1360 2178 1755 2248; x_wconf 84' lang='grc' dir='ltr'><strong><em>παρανομοῦν-</em></strong></span> 
     </span>
    </p>

    <p class='ocr_par' dir='ltr' id='par_1_8' title="bbox 82 2257 1756 2672">
     <span class='ocr_line' id='line_1_26' title="bbox 82 2257 1753 2334; baseline 0 -19"><span class='ocrx_word' id='word_1_196' title='bbox 82 2283 122 2314; x_wconf 83' lang='lat'><strong><em>25</em></strong></span> <span class='ocrx_word' id='word_1_197' title='bbox 145 2284 272 2331; x_wconf 88' lang='grc' dir='ltr'><strong><em>τας,</em></strong></span> <span class='ocrx_word' id='word_1_198' title='bbox 307 2266 384 2325; x_wconf 91' lang='grc' dir='ltr'><strong><em>εἰς</em></strong></span> <span class='ocrx_word' id='word_1_199' title='bbox 416 2257 557 2316; x_wconf 78' lang='grc' dir='ltr'><strong><em>αὐτὰ</em></strong></span> <span class='ocrx_word' id='word_1_200' title='bbox 587 2263 969 2333; x_wconf 83' lang='grc' dir='ltr'><strong><em>βιαζομένους·</em></strong></span> <span class='ocrx_word' id='word_1_201' title='bbox 1015 2260 1370 2334; x_wconf 77' lang='grc' dir='ltr'><strong><em>ἀντεισήγετο</em></strong></span> <span class='ocrx_word' id='word_1_202' title='bbox 1402 2262 1462 2317; x_wconf 74' lang='grc' dir='ltr'><strong><em>δὲ</em></strong></span> <span class='ocrx_word' id='word_1_203' title='bbox 1492 2259 1631 2333; x_wconf 86' lang='grc' dir='ltr'><strong><em>ὁμοῦ</em></strong></span> <span class='ocrx_word' id='word_1_204' title='bbox 1662 2262 1753 2316; x_wconf 88' lang='grc' dir='ltr'><strong><em>καὶ</em></strong></span> 
     </span>
     <span class='ocr_line' id='line_1_27' title="bbox 146 2341 1754 2417; baseline -0.001 -17"><span class='ocrx_word' id='word_1_205' title='bbox 146 2343 284 2401; x_wconf 82' lang='grc' dir='ltr'><strong><em>κατὰ</em></strong></span> <span class='ocrx_word' id='word_1_206' title='bbox 313 2344 373 2401; x_wconf 86' lang='grc' dir='ltr'><strong><em>τὸ</em></strong></span> <span class='ocrx_word' id='word_1_207' title='bbox 414 2343 549 2401; x_wconf 80' lang='grc' dir='ltr'><strong><em>αὐτὸ</em></strong></span> <span class='ocrx_word' id='word_1_208' title='bbox 590 2348 685 2417; x_wconf 85' lang='grc' dir='ltr'><strong><em>τῆς</em></strong></span> <span class='ocrx_word' id='word_1_209' title='bbox 727 2348 854 2412; x_wconf 88' lang='grc' dir='ltr'><strong><em>νέας</em></strong></span> <span class='ocrx_word' id='word_1_210' title='bbox 886 2349 977 2403; x_wconf 86' lang='grc' dir='ltr'><strong><em>καὶ</em></strong></span> <span class='ocrx_word' id='word_1_211' title='bbox 1010 2349 1265 2414; x_wconf 81' lang='grc' dir='ltr'><strong><em>ἐντελοῦς</em></strong></span> <span class='ocrx_word' id='word_1_212' title='bbox 1297 2351 1658 2409; x_wconf 85' lang='grc' dir='ltr'><strong><em>διδασκαλίας</em></strong></span> <span class='ocrx_word' id='word_1_213' title='bbox 1689 2341 1754 2399; x_wconf 79' lang='grc' dir='ltr'><strong><em>τὰ</em></strong></span> 
     </span>
     <span class='ocr_line' id='line_1_28' title="bbox 146 2426 1753 2504; baseline -0.002 -18"><span class='ocrx_word' id='word_1_214' title='bbox 146 2428 364 2502; x_wconf 89' lang='grc' dir='ltr'><strong><em>νόμιμα.</em></strong></span> <span class='ocrx_word' id='word_1_215' title='bbox 426 2434 511 2485; x_wconf 82' lang='lat'><strong><em>40.</em></strong></span> <span class='ocrx_word' id='word_1_216' title='bbox 548 2428 739 2504; x_wconf 86' lang='grc' dir='ltr'><strong><em>διόπερ</em></strong></span> <span class='ocrx_word' id='word_1_217' title='bbox 772 2429 994 2497; x_wconf 83' lang='grc' dir='ltr'><strong><em>εἰκότως</em></strong></span> <span class='ocrx_word' id='word_1_218' title='bbox 1024 2426 1052 2487; x_wconf 86' lang='grc' dir='ltr'>ὁ</span> <span class='ocrx_word' id='word_1_219' title='bbox 1085 2430 1266 2503; x_wconf 84' lang='grc' dir='ltr'><strong><em>σωτὴρ</em></strong></span> <span class='ocrx_word' id='word_1_220' title='bbox 1298 2432 1390 2487; x_wconf 85' lang='grc' dir='ltr'><strong><em>καὶ</em></strong></span> <span class='ocrx_word' id='word_1_221' title='bbox 1422 2428 1611 2502; x_wconf 82' lang='grc' dir='ltr'><strong><em>κύριος</em></strong></span> <span class='ocrx_word' id='word_1_222' title='bbox 1641 2438 1753 2494; x_wconf 78' lang='grc' dir='ltr'><strong><em>τοῖς</em></strong></span> 
     </span>
     <span class='ocr_line' id='line_1_29' title="bbox 147 2507 1754 2589; baseline -0.001 -20"><span class='ocrx_word' id='word_1_223' title='bbox 147 2517 416 2586; x_wconf 90' lang='grc' dir='ltr'><strong><em>οἰομένοις</em></strong></span> <span class='ocrx_word' id='word_1_224' title='bbox 448 2517 509 2570; x_wconf 91' lang='grc' dir='ltr'><strong><em>ἐν</em></strong></span> <span class='ocrx_word' id='word_1_225' title='bbox 537 2512 679 2587; x_wconf 80' lang='grc' dir='ltr'><strong><em>μόνῃ</em></strong></span> <span class='ocrx_word' id='word_1_226' title='bbox 710 2517 779 2589; x_wconf 81' lang='grc' dir='ltr'><strong><em>τῇ</em></strong></span> <span class='ocrx_word' id='word_1_227' title='bbox 799 2513 1156 2589; x_wconf 83' lang='grc' dir='ltr'><strong><em>Ἰερουσαλὴμ</em></strong></span> <span class='ocrx_word' id='word_1_228' title='bbox 1197 2512 1229 2587; x_wconf 82' lang='grc' dir='ltr'><em>ἢ</em></span> <span class='ocrx_word' id='word_1_229' title='bbox 1264 2518 1324 2574; x_wconf 90' lang='grc' dir='ltr'><strong><em>ἐν</em></strong></span> <span class='ocrx_word' id='word_1_230' title='bbox 1361 2512 1521 2587; x_wconf 85' lang='grc' dir='ltr'><strong><em>ὅρεσί</em></strong></span> <span class='ocrx_word' id='word_1_231' title='bbox 1544 2532 1690 2570; x_wconf 92' lang='grc' dir='ltr'><strong><em>τισιν</em></strong></span> <span class='ocrx_word' id='word_1_232' title='bbox 1720 2507 1754 2583; x_wconf 76' lang='grc' dir='ltr'><em>ἢ</em></span> 
     </span>
     <span class='ocr_line' id='line_1_30' title="bbox 146 2595 1756 2672; baseline -0.001 -19"><span class='ocrx_word' id='word_1_233' title='bbox 146 2596 332 2663; x_wconf 90' lang='grc' dir='ltr'><strong><em>τόποις</em></strong></span> <span class='ocrx_word' id='word_1_234' title='bbox 363 2595 769 2672; x_wconf 76' lang='grc' dir='ltr'><strong><em>ἀφωρισμένοις</em></strong></span> <span class='ocrx_word' id='word_1_235' title='bbox 797 2604 919 2656; x_wconf 79' lang='grc' dir='ltr'><strong><em>δεῖν</em></strong></span> <span class='ocrx_word' id='word_1_236' title='bbox 941 2598 1038 2658; x_wconf 82' lang='grc' dir='ltr'><strong><em>τὸν</em></strong></span> <span class='ocrx_word' id='word_1_237' title='bbox 1058 2597 1196 2656; x_wconf 85' lang='grc' dir='ltr'><strong><em>θεὸν</em></strong></span> <span class='ocrx_word' id='word_1_238' title='bbox 1219 2610 1559 2671; x_wconf 82' lang='grc' dir='ltr'><strong><em>προσκυνεῖν</em></strong></span> <span class='ocrx_word' id='word_1_239' title='bbox 1582 2614 1756 2669; x_wconf 89' lang='grc' dir='ltr'><strong><em>φησιν</em></strong></span> 
     </span>
    </p>

    <p class='ocr_par' dir='ltr' id='par_1_9' title="bbox 84 2677 1755 2756">
     <span class='ocr_line' id='line_1_31' title="bbox 84 2677 1755 2756; baseline 0.001 -21"><span class='ocrx_word' id='word_1_240' title='bbox 84 2702 126 2734; x_wconf 87' lang='lat'><strong><em>30</em></strong></span> <span class='ocrx_word' id='word_1_241' title='bbox 142 2677 397 2754; x_wconf 52' lang='grc' dir='ltr'><strong><em>’Ἔρχεται</em></strong></span> <span class='ocrx_word' id='word_1_242' title='bbox 429 2680 573 2756; x_wconf 71' lang='grc' dir='ltr'><strong><em>ὥρα,</em></strong></span> <span class='ocrx_word' id='word_1_243' title='bbox 616 2686 709 2740; x_wconf 85' lang='grc' dir='ltr'><strong><em>καὶ</em></strong></span> <span class='ocrx_word' id='word_1_244' title='bbox 738 2687 848 2741; x_wconf 84' lang='grc' dir='ltr'><strong><em>νῦν</em></strong></span> <span class='ocrx_word' id='word_1_245' title='bbox 879 2688 1055 2756; x_wconf 86' lang='grc' dir='ltr'><strong><em>ἐστιν,</em></strong></span> <span class='ocrx_word' id='word_1_246' title='bbox 1087 2682 1178 2740; x_wconf 75' lang='grc' dir='ltr'><strong><em>ὅτε</em></strong></span> <span class='ocrx_word' id='word_1_247' title='bbox 1209 2687 1266 2740; x_wconf 78' lang='grc' dir='ltr'><strong><em>οἱ</em></strong></span> <span class='ocrx_word' id='word_1_248' title='bbox 1291 2682 1551 2755; x_wconf 79' lang='grc' dir='ltr'><strong><em>ἀληθινοὶ</em></strong></span> <span class='ocrx_word' id='word_1_249' title='bbox 1583 2699 1755 2755; x_wconf 86' lang='grc' dir='ltr'><strong><em>προσ-</em></strong></span> 
     </span>
    </p>
   </div>
   <div class='ocr_carea' id='block_1_3' title="bbox 264 2875 1161 2930">
    <p class='ocr_par' dir='ltr' id='par_1_10' title="bbox 264 2875 1161 2930">
     <span class='ocr_line' id='line_1_32' title="bbox 264 2875 1161 2930; baseline 0.006 -17"><span class='ocrx_word' id='word_1_250' title='bbox 264 2877 288 2915; x_wconf 88' lang='lat'>5</span> <span class='ocrx_word' id='word_1_251' title='bbox 319 2875 456 2914; x_wconf 82' lang='lat' dir='ltr'><strong>Dent.</strong></span> <span class='ocrx_word' id='word_1_252' title='bbox 478 2878 547 2928; x_wconf 81' lang='lat'><strong><em>27,</em></strong></span> <span class='ocrx_word' id='word_1_253' title='bbox 570 2877 639 2916; x_wconf 74' lang='lat'><strong><em>26.</em></strong></span> <span class='ocrx_word' id='word_1_254' title='bbox 815 2879 868 2917; x_wconf 88' lang='lat'><strong><em>30</em></strong></span> <span class='ocrx_word' id='word_1_255' title='bbox 897 2877 1001 2918; x_wconf 84' lang='lat' dir='ltr'><strong>Job.</strong></span> <span class='ocrx_word' id='word_1_256' title='bbox 1024 2879 1065 2930; x_wconf 80' lang='lat'><strong><em>4,</em></strong></span> <span class='ocrx_word' id='word_1_257' title='bbox 1092 2879 1161 2918; x_wconf 78' lang='lat'><strong><em>23.</em></strong></span> 
     </span>
    </p>
   </div>
  </div>
 </body>
</html>
