1992 3186
236 147 342 199 334
922 145 1168 187 EUSEBII

236 261 373 339 πρὸς
404 267 641 336 Μωσῆν,
673 263 909 335 βάδισον
937 267 1030 322 καὶ
1059 261 1337 337 ὁδήγησον
1358 265 1454 322 τὸν
1477 264 1614 322 λαὸν
1644 270 1722 334 εἰς
1750 263 1849 324 τὸν

235 347 408 406 τόπον
436 345 503 405 ὃν
534 346 725 421 εἴρηκά
756 363 868 406 σοι·
917 347 1041 406 ἰδοῦ
1070 347 1100 406 5
1130 347 1359 422 ἄγγελός
1399 373 1507 423 μου
1538 349 1845 425 προπορεύ-

237 457 352 490 εται
393 431 500 506 πρὸ
539 430 841 505 προσώπου
881 429 1041 491 σου.”
1113 435 1204 490 καὶ
1244 431 1413 491 πάλιν
1433 432 1565 491 “nal
1597 434 1717 491 εἶπε
1745 432 1846 491 κύ-

236 541 351 590 ριος
390 515 528 590 πρὸς
568 519 815 590 Μωσῆν,
863 517 1107 591 πορεύου
1156 520 1248 575 καὶ
1288 515 1536 591 ἀνάβηθι
1580 521 1846 576 ἐντεῦθεν

186 641 201 662 0
234 599 304 659 σύ
334 602 426 658 καὶ
457 600 488 658 5
518 597 701 667 λαός.”
777 605 825 660 2.
858 604 951 659 καὶ
992 605 1114 676 ἑξῆς
1137 601 1270 660 “nal
1314 606 1707 660 συναποστελῶ
1738 600 1844 677 πρὸ
1867 625 1888 658 5
1977 652 1981 656 .

234 683 535 760 προσώπου
565 705 667 745 σου
696 684 793 746 τὸν
823 685 1059 761 ἄγγελόν
1088 684 1250 761 μου.”
1326 679 1488 744 αῦται
1527 683 1611 744 ὅτι
1640 685 1715 759 μὴ
1745 684 1847 758 ἆγ-

235 775 426 845 γέλου,
469 771 644 846 μόνου
676 773 737 829 δὲ
767 776 908 830 θεοῦ
937 775 1188 845 γένοιντο
1218 768 1288 829 ἂν
1318 773 1531 846 φωναὶ,
1572 776 1745 827 παντί
1769 794 1849 847 τῳ

234 857 528 930 πρόδηλον.
611 863 755 914 θεοῦ
797 857 859 914 δε
898 863 1047 925 τίνος
1088 852 1123 930 ἢ
1166 862 1265 914 τοῦ
1312 870 1428 923 τοῖς
1467 853 1851 930 προπάτορσιν

237 943 586 1014 ἑωραμένον,
617 937 683 999 ὂν
712 939 949 1014 ἄγγελον
977 944 1118 1000 θεοῦ
1147 944 1340 1015 σαφοῦς
1362 953 1663 1014 προσεῖπεν
1691 937 1721 996 5
1745 937 1846 997 Ἰα-

236 1026 379 1098 κώβ;
411 1026 570 1092 οὗτος
604 1027 664 1083 δὲ
693 1017 766 1098 ἦν
795 1025 930 1099 ἡμῖν
951 1024 980 1084 5
1004 1029 1146 1084 θεοῦ
1167 1025 1347 1099 λόγος,
1382 1021 1455 1092 ὥς
1479 1048 1549 1082 αν
1579 1025 1671 1080 καὶ
1700 1025 1842 1081 θεοῦ
1868 1045 1912 1078 ιο

235 1123 366 1176 παῖς
395 1112 488 1166 καὶ
519 1108 684 1176 αὐτὸς
713 1108 845 1177 θεὸς
875 1113 967 1167 καὶ
998 1109 1187 1182 κύριος
1218 1109 1621 1182 ὠνομασμένος.

725 1332 857 1392 Ἀπὸ
888 1339 983 1406 τῆς
1014 1333 1356 1406 Δεκαλόγου.

192 1474 212 1505 «ι
362 1455 483 1504 XVl.
529 1440 710 1517 “'Eyoe'
742 1451 852 1518 εἰμι
882 1445 1070 1519 κύριος
1100 1445 1128 1503 5
1159 1444 1291 1513 θεός
1321 1465 1453 1518 σου,
1495 1444 1524 1502 5
1567 1444 1850 1518 ἐξαγαγών

235 1546 296 1585 σε
322 1531 382 1585 ἐκ
411 1534 510 1602 γῆς
541 1528 860 1602 Αἰγύπτου,
894 1533 948 1598 ἐξ
978 1539 1135 1588 οἴκου
1169 1535 1439 1597 δουλείας.
1491 1528 1596 1587 οῦκ
1626 1535 1852 1588 ἔσονταί

235 1631 321 1669 σοι
351 1614 529 1670 θεοὶ”
508 1616 683 1685 ε’τεροι
713 1612 860 1686 πλὴν
893 1611 1082 1687 ἐμοῦ.”
1145 1616 1238 1671 καὶ
1272 1617 1394 1687 ἑξῆς
1416 1612 1565 1686 “ε’γώ
1595 1612 1702 1687 γάρ
1735 1620 1844 1688 εἰμι
1867 1637 1907 1668 15

226 1695 422 1799 κύριος
451 1692 480 1753 5
520 1697 653 1764 θεός
692 1717 825 1770 σου,
864 1697 997 1765 θεὸς
1027 1697 1281 1772 ζηλωτής.
1288 1697 1317 1718 ”
1391 1702 1440 1757 2.
1473 1701 1565 1755 καὶ
1607 1699 1846 1769 ἐπιλέγει

242 1779 331 1836 οὐ
362 1779 510 1855 λήψῃ
540 1781 601 1838 τὸ
632 1779 806 1855 ὄνομα
836 1789 1036 1856 κυρίου
1066 1786 1167 1840 τοῦ
1194 1786 1336 1840 θεοῦ
1366 1799 1469 1838 σου
1495 1784 1581 1838 ἐπὶ
1611 1786 1840 1858 ματαίῳ.

233 1862 300 1921 οῦ
330 1862 437 1939 γαρ
467 1863 541 1938 μὴ
572 1872 853 1940 καθαρίσῃ
878 1865 1066 1938 κύριος
1082 1865 1180 1923 τὸν
1202 1863 1558 1938 λαμβανοντα
1579 1864 1640 1921 τὸ
1670 1861 1844 1938 όνομα

234 1946 407 2005 αὐτοῦ
441 1951 528 2005 ἐπὶ
569 1948 838 2024 ματαίῳ.”
911 1948 1203 2006 κάνταῦθα
1233 1948 1396 2015 αὐτὸς
1435 1944 1464 2004 5
1495 1947 1685 2021 κύριος
1716 1951 1844 2024 περὶ

236 2033 425 2103 ἑτέρου
454 2039 654 2105 κυρίου
692 2031 760 2088 τὰ
789 2039 1123 2106 προκείμενα
1155 2031 1420 2090 διδάσκει.
1485 2032 1658 2090 εἰπών
1701 2037 1843 2105 γοῦν
1865 2056 1907 2088 20

224 2112 372 2186 “ἐγώ
404 2121 515 2187 εἰμι
556 2114 747 2189 κύριος
784 2113 814 2172 5
853 2115 986 2182 θεός
1017 2113 1155 2173 σου”
1202 2119 1442 2189 ἐπιλέγει
1463 2115 1571 2173 εὀὐ
1602 2115 1750 2190 λήψῃ
1780 2115 1845 2173 τὸ

122 2226 210 2267 (243)
234 2196 407 2271 ὄνομα
430 2205 629 2271 κυρίου
651 2201 749 2256 τοῦ
765 2203 906 2256 θεοῦ
928 2198 1087 2273 σου,”
1123 2203 1250 2273 περὶ
1278 2205 1376 2258 τοῦ
1400 2199 1603 2273 πατρὸς
1628 2199 1842 2272 δηλαδὴ

233 2284 326 2339 καὶ
355 2285 495 2339 θεοῦ
524 2286 636 2340 τῶν
659 2280 806 2341 ὅλων
827 2281 856 2340 5
890 2282 1147 2357 δεύτερος
1177 2283 1369 2355 κύριος
1391 2282 1490 2340 τὸν
1519 2282 1839 2357 θεράποντα

232 2373 626 2439 μυσταγωγῶν.
697 2371 746 2422 3.
791 2364 973 2441 εῦροις
1016 2364 1069 2423 δ’
1113 2364 1182 2424 ἂν
1224 2370 1317 2424 καὶ
1366 2365 1505 2424 ἄλλα
1544 2373 1716 2441 μυρία
1758 2366 1832 2422 δι’

232 2449 360 2524 ὅλης
403 2455 499 2523 τῆς
543 2455 691 2523 ιερᾶς
729 2454 946 2526 γραφῆς
977 2457 1372 2524 παραπλησίως
1402 2449 1613 2517 τούτοις
1654 2453 1838 2523 ἐξενη-
1861 2473 1907 2506 25

231 2537 499 2608 νεγμένα,
554 2532 631 2592 δι’
677 2560 756 2593 ων
792 2531 822 2592 5
862 2534 996 2602 θεὸς
1037 2559 1111 2601 ως
1152 2537 1278 2609 περὶ
1320 2537 1510 2607 ἑτέρου
1550 2538 1692 2592 θεοῦ
1744 2537 1838 2591 καὶ

232 2615 397 2686 αὐτὸς
444 2618 473 2676 5
514 2618 703 2693 κύριος
753 2618 826 2687 ὡς
866 2621 994 2693 περὶ
1047 2621 1237 2694 ἑτέρου
1286 2625 1485 2695 κυρίου
1536 2616 1663 2685 τοῦς
1704 2641 1839 2693 χρη-

231 2702 402 2776 σμοὺς
434 2706 682 2762 ἐποιεῖτο.

346 2898 397 2936 10
428 2897 508 2934 Ex.
533 2898 599 2947 20,
624 2899 666 2937 -2,
