1946 3158
762 147 1122 189 PRAEFATIO.
1707 162 1738 188 v

132 260 278 312 32212.
306 259 435 312 332⁴l
472 278 556 310 nec
591 263 712 309 laudi
748 265 786 308 ei
824 265 938 309 verti
965 269 1118 324 potest
1155 263 1277 323 quod
1314 265 1357 308 in
1402 263 1516 308 locis
1561 262 1739 310 biblicis

130 349 268 380 unum
295 335 578 395 alterumque
604 333 894 384 vocabulum,
933 333 1052 393 quod
1079 333 1303 379 exciderat
1331 333 1375 378 in
1402 333 1556 379 codice
1581 334 1736 380 arche-

131 414 264 466 typo,
313 419 365 450 ex
400 404 596 465 vulgatis
639 404 805 450 veteris
850 404 1125 450 Testamenti
1169 403 1498 463 exemplaribus
1543 404 1731 464 supple-

130 483 225 522 tum
261 483 355 526 est,
402 475 522 536 quod
558 489 648 519 non
687 474 950 534 infrequens
985 474 1119 519 etiam
1156 475 1200 518 in
1238 473 1428 519 aliorum
1465 475 1740 534 scriptorum

130 546 539 592 ecclesiasticorum
566 544 795 591 codicibus
823 544 1154 590 recentioribus
1191 544 1556 604 interpolationis
1593 559 1740 603 genus

130 622 214 666 est,
243 616 361 676 quod
390 629 523 676 saepe
549 614 694 660 fraudi
723 615 808 660 fuit
832 616 1072 674 utriusque
1093 615 1368 660 Testamenti
1397 614 1648 660 editoribus
1675 615 1740 659 di-

127 699 288 733 versas
317 700 370 731 ex
394 686 577 731 Patrum
606 684 821 746 operibus
849 686 1100 744 scripturas
1129 684 1420 730 afferentibus
1444 685 1609 745 quibus
1636 684 1740 730 illos

129 770 218 802 non
246 771 345 802 esse
370 771 479 802 usos
506 755 812 816 antiquiorum
839 755 1044 801 codicum
1072 757 1350 815 comparatio
1378 755 1525 801 docet.

270 827 480 872 Eiusdem
520 827 700 886 generis
739 831 956 885 quattuor
992 825 1077 870 alia
1118 833 1224 871 sunt
1250 826 1513 886 apographa
1537 826 1740 871 Parisina

131 897 365 942 chartacea
394 897 534 942 seculi
563 886 676 942 sexti
704 895 862 941 decimi
891 899 1087 940 numeris
1115 902 1271 941 notata
1307 898 1351 940 in
1378 896 1590 956 Catalogo
1632 893 1737 957 (vol.

133 966 180 1012 2.
208 982 251 1027 p.
282 967 361 1017 65,
392 965 476 1024 66)
503 966 620 1017 470,
647 965 765 1016 471,
792 965 911 1015 472,
940 966 1058 1016 473,
1088 981 1281 1026 quorum
1310 973 1603 1026 postremum,
1632 966 1738 1011 olim

130 1037 391 1088 Mediceum‚
419 1038 523 1083 anni
551 1042 702 1082 notam
730 1038 848 1095 gerit
876 1035 1010 1081 1543
1039 1035 1150 1094 (sive
1180 1036 1314 1082 1533
1342 1037 1587 1081 secundum
1614 1036 1739 1081 Mon-

134 1107 422 1153 tesalconium
458 1107 502 1151 in
531 1108 678 1152 Diario
706 1107 861 1153 italico
887 1121 932 1166 p.
964 1105 1101 1165 408),
1129 1109 1349 1166 scriptum
1372 1108 1577 1152 'Venetiis
1604 1121 1739 1151 manu

132 1177 351 1223 Valeriani
378 1177 712 1223 ForoliviensiS.
789 1177 959 1222 Horum
986 1178 1351 1237 apographorum
1378 1191 1469 1222 uno
1507 1178 1621 1222 haud
1660 1177 1741 1222 du·

131 1248 202 1293 bie
231 1262 342 1293 usus
370 1255 440 1293 est
464 1247 688 1293 Robertus
716 1247 988 1308 Stephanus,
1019 1261 1154 1307 quum
1183 1249 1271 1292 hoc
1295 1247 1478 1293 Eusehii
1506 1261 1621 1307 opus
1650 1247 1741 1308 pri·

133 1333 254 1363 mum
281 1318 436 1364 ederet
461 1318 642 1364 Parisiis
668 1333 705 1363 a.
738 1317 888 1363 1545.
963 1317 1150 1363 Sextum
1186 1318 1386 1363 eiusdem
1423 1319 1605 1377 generis
1632 1332 1742 1378 apo·

136 1388 358 1448 graphum
384 1388 525 1434 seculi
562 1389 711 1448 quinti
746 1388 905 1434 decimi
943 1389 987 1432 in
1013 1388 1288 1434 Bibliotheca
1322 1396 1527 1434 servatur
1551 1388 1741 1433 Ambro-

133 1460 257 1502 siana
290 1457 637 1509 Mediolanensi,
685 1465 983 1503 memoratum
1021 1458 1074 1503 ab
1110 1459 1459 1505 Montefalconio
1498 1459 1542 1503 in
1576 1457 1740 1504 Biblio-

133 1529 261 1574 theca
288 1527 666 1574 Bibliothecarum
695 1528 780 1573 vol.
812 1529 856 1578 1,
889 1543 932 1588 p.
962 1527 1078 1574 527.
1146 1528 1265 1583 Quae
1293 1529 1555 1589 apographa
1591 1530 1739 1574 omnia

133 1598 186 1643 ab
215 1598 371 1643 iisdem
399 1598 563 1658 quibus
592 1598 730 1644 codex
750 1598 978 1644 Parisinus
1006 1597 1106 1645 469
1137 1599 1282 1644 verbis
1308 1600 1534 1659 incipiunt
1559 1599 1740 1644 iisdem-

132 1683 220 1728 que
248 1668 410 1729 quibus
438 1667 513 1713 ille
538 1668 688 1713 verbis
718 1670 1029 1719 terminantur,
1069 1676 1116 1714 ut
1141 1669 1380 1715 manifesta
1407 1671 1466 1714 sit
1490 1668 1740 1715 communis

132 1752 288 1784 eorum
304 1740 452 1799 origo.
498 1737 587 1784 Nec
609 1738 808 1784 melioris
824 1747 959 1784 notae
977 1739 1063 1784 suit
1080 1740 1394 1800 apographum
1417 1739 1537 1800 quod
1552 1740 1740 1786 loannes

131 1809 397 1855 Franciscus
453 1808 798 1854 Mirandulensis
852 1810 1065 1870 princeps
1112 1810 1386 1856 Bernardino
1439 1811 1611 1855 Donato
1659 1810 1741 1854 Ve-

129 1879 316 1925 ronensi
359 1879 687 1939 suppeditavit,
737 1879 922 1925 Latinae
972 1880 1363 1940 interpretationis
1408 1881 1740 1941 praeparandae

130 1963 314 2000 caussa,
347 1963 459 2009 quae
486 1949 680 2009 primum
708 1950 878 2009 prodiit
904 1950 1070 1995 Romae
1097 1964 1135 1995 a.
1167 1949 1326 2000 1498,
1365 1951 1546 2010 saepius
1582 1951 1740 1996 deinde

129 2021 339 2080 repetita,
370 2019 570 2065 Basileae
607 2034 648 2066 a.
680 2019 831 2074 1542,
873 2019 1023 2071 1549,
1056 2019 1208 2071 1559,
1239 2021 1376 2068 1570
1412 2027 1455 2065 et
1483 2035 1581 2066 cum
1610 2022 1740 2066 scho-

129 2090 202 2135 liis
228 2091 290 2135 lo.
313 2090 400 2135 Iac.
425 2090 614 2150 Grynaei
639 2091 824 2136 Parisiis
852 2105 889 2135 a.
920 2089 1071 2141 1587,
1101 2098 1146 2136 et
1170 2092 1215 2135 in
1244 2091 1520 2137 editionibus
1549 2092 1739 2137 Graeco-

127 2159 319 2217 Latinis‚
338 2160 541 2205 Parisina
563 2174 601 2204 a.
618 2159 767 2211 1628,
795 2174 955 2206 recusa
971 2160 1183 2206 Coloniae
1205 2161 1297 2206 sive
1315 2163 1494 2222 Lipsiae
1521 2176 1561 2207 a.
1587 2162 1738 2212 1688,

130 2236 176 2275 et
215 2230 458 2276 Oxoniensi
486 2229 736 2276 Gaissordi:
776 2231 820 2275 in
857 2246 944 2291 qua
980 2230 1358 2291 interpretatione
1403 2232 1531 2292 plura
1568 2240 1738 2277 temere

130 2307 238 2345 sunt
263 2299 560 2360 interpolata,
595 2315 652 2346 ne
679 2300 900 2347 Eusebius
928 2300 982 2346 ab
1010 2302 1263 2347 orthodoxa
1290 2301 1375 2347 fide
1402 2303 1658 2363 discrepare
1693 2309 1739 2347 et

127 2372 297 2415 Ariano
325 2371 526 2430 dogmati
554 2372 697 2431 magis
734 2371 884 2417 favere
922 2372 1149 2417 videretur
1185 2386 1316 2432 qnam
1346 2372 1531 2418 Concilii
1557 2371 1738 2417 Nicaeni

128 2441 346 2486 decretis:
386 2454 500 2500 quae
544 2443 719 2487 notavit
763 2441 850 2487 Iac.
896 2441 1052 2488 Billius
1090 2442 1462 2490 Observationum
1510 2456 1737 2488 sacrarum

126 2510 243 2556 libro
274 2511 318 2556 1.
343 2525 380 2556 c.
411 2511 491 2556 27.

270 2585 469 2641 Apparet
497 2595 547 2626 ex
574 2581 645 2626 his
674 2582 796 2642 quod
824 2596 959 2643 supra
989 2582 1205 2633 dicebam,
1234 2597 1324 2627 uno
1355 2589 1526 2627 tantum
1552 2597 1634 2627 nos
1656 2583 1736 2627 ho-

128 2650 198 2694 die
227 2653 292 2696 uti
317 2651 724 2697 Demonstrationis
746 2652 1037 2712 Evangelicae
1061 2653 1214 2711 epdice
1234 2653 1437 2698 Parisino
1464 2652 1581 2700 469.
1611 2653 1735 2698 nullo

128 2719 349 2766 lectorum
377 2722 688 2771 incommodo,
729 2737 867 2782 quum
904 2723 990 2768 hoc
1018 2737 1132 2782 opus
1160 2722 1342 2768 Eusebii
1369 2722 1563 2769 lectores
1590 2723 1734 2768 multo

129 2803 261 2848 quam
307 2790 480 2851 reliqua
530 2793 627 2837 eius
663 2793 833 2852 scripta
870 2795 1107 2852 pauciores
1143 2792 1351 2838 habuerit
1386 2795 1623 2853 rariusque
1662 2793 1737 2837 ‹lc-

127 2860 348 2919 scriptum
386 2861 482 2907 sere
519 2863 738 2907 intactum
776 2863 992 2908 manserit
1030 2862 1087 2908 ab
1121 2863 1404 2922 gravioribus
1447 2862 1734 2909 librariorum
