1992 3186
542 146 850 188 DEMONST.
883 146 1103 189 EVANG.
1135 147 1188 187 v.
1220 148 1259 186 9.
1291 147 1356 188 10.
1639 141 1743 194 325

135 265 391 335 σέβουσι,
430 259 496 319 τοὶ
538 272 670 320 θεῖα
710 259 868 334 λόγια
906 259 1276 333 πιστούμενοι.
1348 252 1508 326 οὗτος
1542 257 1610 331 δὴ
1641 253 1745 316 οὖν

135 345 298 414 αὐτὸς
332 350 384 414 ἐξ
417 349 636 404 ἐκείνου
673 337 740 402 vo}
781 349 875 418 τῆς
908 344 1191 418 εὐσεβείας
1222 347 1505 418 σπέρματα
1538 350 1614 411 εἰς
1644 342 1746 401 ἆν-

133 430 400 503 θρώπους
429 428 905 503 καταβαλλόμενος
923 475 938 502 ,
970 429 1326 503 ἀνθρώπειον
1354 425 1567 495 ὑποδὺς
1599 426 1746 494 εἶδός

133 540 193 574 τε
222 517 314 572 καὶ
346 520 558 588 σχῆμα,
589 517 668 591 τῷ
695 523 958 586 θεοφιλεῖ
983 513 1290 588 προπάτορι
1313 512 1560 586 Ἀβρααμ
1597 510 1746 578 ὅστις

91 623 112 656 5
137 610 221 672 εἰή
252 597 422 656 αὑτὸν
464 603 693 672 ἐξέφηνε
731 601 824 656 καὶ
863 597 966 671 τὴν
994 605 1095 656 τοῦ
1138 596 1340 673 πατρὸς
1371 594 1546 655 αὐτοῦ
1575 620 1742 672 παρε-

138 689 302 741 δίδου
332 682 574 756 γνώμην.

699 861 831 921 Ἀπὸ
860 869 956 936 τῆς
988 860 1171 936 αὐτῆς.

130 968 210 1021 Ως
232 968 256 1015 6
279 967 422 1021 αὐτὸς
444 968 708 1039 προφήτης
716 967 793 1013 ἐπὶ
815 971 898 1013 τοῦ
912 965 1081 1036 Ἰακώβ
1102 969 1396 1037 σαφέστερον
1418 966 1644 1038 ἐμφαίνει
1666 965 1747 1013 τὸν

136 1025 436 1084 δηλούμενον
463 1025 654 1081 κύριον,
684 1019 738 1069 ὃν
770 1026 831 1094 δὴ
863 1026 945 1069 καὶ
983 1023 1105 1070 θεὸν
1140 1026 1226 1070 καὶ
1264 1022 1467 1082 ἄγγελον
1496 1022 1745 1081 αποκαλεῐ,

72 1098 114 1130 10
517 1084 601 1126 τοῦ
626 1079 703 1127 ἐπὶ
725 1080 918 1126 πάντων
941 1084 1064 1127 θεοῦ
1085 1084 1370 1137 προσειπών.

261 1197 319 1247 Χ.
357 1182 389 1206 ‘
397 1187 508 1244 Καὶ
563 1184 844 1260 ἐπορεύθη
898 1192 975 1254 εἰς
1017 1186 1275 1261 Χαρραν,
1329 1188 1422 1243 καὶ
1462 1183 1746 1259 ἀπήντησε

134 1269 315 1346 τόπῳ,
347 1273 440 1327 καὶ
472 1269 743 1343 ἐκοιμήθη
776 1274 914 1328 ἐκεῖ·
949 1275 1050 1327 ἔδυ
1078 1269 1184 1346 γὰρ
1215 1267 1244 1328 6
1275 1267 1445 1343 ἥλιος.
1504 1272 1597 1328 καὶ
1629 1276 1749 1328 ἔλα-

135 1360 238 1426 βεν
267 1353 374 1411 ἀπὸ
404 1359 518 1411 τῶν
548 1363 756 1426 λίθων,
787 1357 880 1412 καὶ
913 1362 1084 1427 ἔθηκε
1114 1356 1251 1430 πρὸς
1281 1359 1527 1429 κεφαλῆς
1557 1351 1748 1428 αὑτοῦ,

136 1441 229 1495 καὶ
270 1436 538 1511 ἐκοιμήθη
581 1442 642 1495 ἐν
679 1444 756 1514 τῷ
798 1437 948 1515 τόπῳ
981 1443 1203 1516 ἐκείνῳ,
1245 1442 1338 1497 καὶ
1370 1438 1746 1512 ἐνυπνιάσθη’

73 1544 113 1577 15
137 1525 231 1579 καὶ
274 1520 398 1579 ἰδού
438 1525 633 1595 κλῖμαξ
674 1525 1035 1595 ἐστηριγμένη
1069 1529 1145 1589 εἰς
1174 1522 1277 1597 τὴν
1305 1527 1441 1598 γῆν,
1483 1516 1550 1596 ἧς
1590 1524 1624 1596 ἡ
1657 1547 1749 1580 κε-

136 1605 286 1679 φαλὴ
315 1603 600 1679 ἀφικνεῖτο
633 1612 710 1673 εἰς
740 1605 838 1664 τὸν
867 1604 1139 1679 οὐρανὸν,
1181 1610 1276 1664 καὶ
1306 1613 1363 1664 οἱ
1396 1606 1620 1680 ἄγγελοι
1649 1613 1749 1664 τοῦ

134 1695 276 1748 θεοῦ
305 1688 604 1763 ἀνέβαινον
633 1693 725 1747 καὶ
756 1694 1086 1763 κατέβαινον
1118 1688 1206 1749 ἐπ’
1242 1689 1434 1764 αὐτήν.
1497 1688 1525 1748 ὁ
1559 1692 1622 1749 δὲ
1652 1690 1748 1748 κύ-

134 1798 250 1878 ριος
292 1773 646 1847 ἐπεστήρικτο
689 1771 782 1832 ἐπ’
817 1772 1014 1848 αὐτῆς,
1057 1778 1150 1832 καὶ
1194 1777 1375 1849 εἶπεν,
1419 1773 1522 1848 ἐγώ
1556 1774 1745 1850 κύριος

135 1857 165 1916 ὁ
202 1857 335 1925 θεὸς
360 1855 606 1970 Ἀβρααμ
645 1863 744 1917 τοῦ
785 1859 989 1933 πατρός
1020 1878 1156 1932 σου,
1196 1859 1344 1917 καὶ
1320 1884 1348 1917 ο
1389 1858 1521 1926 θεὸς
1549 1858 1748 1932 Ἰσαακ,

609 1941 820 1966 ‚‚‚‚‚

138 2025 299 2084 δώσω
331 2024 506 2100 αὐτὴν
547 2030 639 2085 καὶ
679 2033 755 2103 τῷ
787 2031 1064 2103 σπέρματί
1097 2047 1216 2086 σου.
1292 2033 1342 2087 2.
1376 2031 1468 2086 καὶ
1509 2034 1663 2087 ἔσται
1689 2027 1750 2086 τό

135 2115 351 2184 σπέρμα
381 2129 484 2169 σου
515 2109 588 2178 ὡς
618 2107 653 2184 ἡ
683 2109 858 2185 ἅμμος
887 2116 983 2185 τῆς
1012 2112 1330 2186 θαλάσσης,
1371 2116 1465 2170 καὶ
1503 2121 1750 2171 πλατυν-

135 2195 368 2267 θήσεται
401 2198 491 2253 ἐπὶ
520 2194 818 2255 θάλασσαν
859 2199 951 2254 καὶ
982 2194 1253 2264 ἀνατολὰς
1284 2199 1376 2255 καὶ
1420 2200 1508 2254 ἐπὶ
1538 2201 1750 2271 βορρᾶν

135 2282 227 2336 καὶ
260 2286 416 2351 λίβα
463 2283 556 2338 καὶ
588 2280 1127 2354 ε’νευλογηθήσονται
1148 2285 1207 2340 ἐν
1231 2284 1317 2340 σοὶ
1348 2286 1520 2338 πᾱσαι
1550 2287 1613 2339 αἱ
1637 2307 1750 2355 φυ-

74 2384 115 2416 25
137 2366 228 2420 λαὶ
255 2369 351 2436 τῆς
381 2367 482 2437 γῆς
521 2367 614 2422 καὶ
661 2368 722 2422 ἐν
762 2368 839 2442 τῷ
870 2363 1146 2439 σπέρματί
1169 2384 1286 2424 σου.
1362 2368 1455 2423 καὶ
1486 2365 1611 2423 ἰδοὺ
1644 2364 1750 2437 ἐγώ

140 2453 248 2518 εἰμι
277 2471 411 2520 μετα
442 2453 573 2522 σοῦ,
608 2447 1010 2521 διαφυλασσων
1041 2468 1104 2507 σε
1137 2453 1198 2507 ἐν
1226 2453 1293 2525 τῇ
1324 2446 1442 2526 ὁδῷ
1471 2449 1650 2523 πάσῃ,
1681 2472 1749 2504 ου

137 2553 207 2585 αν
236 2535 546 2607 πορευθῇς,
577 2535 670 2590 καὶ
700 2529 1031 2608 ἆποστρέψω
1063 2551 1125 2592 σε
1158 2540 1235 2600 εἰς
1263 2533 1366 2606 τὴν
1387 2538 1494 2605 γῆν
1522 2531 1749 2605 ταύτην,

136 2611 220 2669 ὅτι
249 2610 317 2669 οὐ
348 2613 421 2687 μή
450 2634 513 2674 σε
545 2620 918 2690 ἐγκαταλίπω,
951 2621 1053 2684 ἕως
1087 2621 1190 2675 τοῦ
1211 2622 1444 2688 ποιῆσαί
1472 2640 1540 2690 με
1570 2638 1750 2675 παντα

1771 857 1858 899 [148]

1770 901 1856 942 (235)

1773 1209 1791 1241 b

135 2692 237 2753 ὅσα
279 2697 514 2770 ἐλάλησα
554 2718 654 2759 σοι.
725 2706 774 2759 3.
816 2704 908 2758 καὶ
953 2703 1222 2777 ἐξηγέρθη
1257 2698 1452 2774 Ἰακώβ
1496 2697 1604 2758 ἀπὸ
1642 2705 1744 2758 τοῦ
1769 2725 1791 2757 <1

257 2892 304 2929 11
340 2889 455 2935 Gen.
478 2871 546 2942 28',
573 2894 637 2933 10.
