1992 3186
591 103 896 165 DEMONST.
927 103 1146 147 EVANG
1183 104 1285 146 vn.
1315 106 1354 145 3.
1661 102 1767 155 485

156 224 315 279 τοῦτο
346 218 405 278 τὸ
436 217 609 293 ὄνομα
639 215 670 276 ὃ
699 221 916 278 καλε-’σει
947 216 1152 285 αυτοὺς
1182 217 1399 292 κύριος,
1424 217 1767 294 Ἰωσεδεκεὶμ
1790 244 1814 276 b

160 308 219 363 ἐν
248 319 361 371 τοῖς
391 301 734 378 προφήταις]
795 300 824 361 ὁ
857 303 926 377 δὴ
956 305 1061 361 οὐν
1088 305 1324 377 μέλλων,
1356 306 1514 377 φησὶ,
1547 302 1639 361 δια
1667 307 1770 362 τοῦ

158 392 650 462 προφητευομένου
675 387 802 455 λαὸς
827 386 963 446 κατὰ
990 387 1244 445 διάνοιαν
1255 386 1508 456 Ἰούδας’
1489 387 1645 456 όντες
1675 391 1768 446 καὶ

150 472 366 547 Ἰσραὴλ
396 471 879 546 ὀνομασθήσονται
912 471 1019 530 ἀπὸ
1052 477 1152 530 τοῦ
1177 471 1380 530 Ἰοσουε
1405 471 1766 577 Ἰωσεδεκεὶμ,

114 584 133 616 5
158 561 249 616 καὶ
283 556 460 635 τούτῳ
492 581 583 630 γε,
617 560 782 630 φησὶ,
816 556 1192 631 κληθήσονται
1223 562 1298 634 τῷ
1323 556 1668 632 προσρήματι
1698 556 1767 615 οὐ

157 641 287 717 παρ’
325 639 674 714 ἀνθρώποις,
706 639 845 698 ἀλλὰ
875 641 1004 716 παρ’
1043 639 1192 718 αὐτῷ
1222 645 1300 698 τῶ
1329 646 1465 719 θεῷ,
1497 645 1589 699 καὶ
1620 643 1769 715 παρὰ

156 741 268 794 τοῖς
293 725 600 801 προφήταις
627 725 811 784 αὐτοῦ.
866 731 949 784 49.
979 704 1242 799 ἐπιμελῶς
1266 725 1371 799 γάρ
1400 725 1669 800 πρόσσχες
1692 730 1772 803 τῷ

157 810 303 888 λόγῳ
334 810 574 885 φήσαντι
598 807 729 868 “καὶ
754 814 914 868 τοῦτο
943 808 1002 868 τὸ
1032 808 1223 883 ὄνομα,
1256 807 1286 867 ὃ
1315 814 1537 868 καλέσει
1568 810 1770 878 αὐτοῦς

158 895 373 969 κύριος,
400 894 739 968 Ἰωσεδεκεὶμ
775 899 836 952 έν
865 908 978 961 τοῖς
1008 893 1372 968 προφήταις.”
1422 895 1767 969 μεταλαμβά-

94 1008 134 1039 10
158 1004 309 1038 νεται
342 986 431 1051 δὲ,
466 979 539 1047 ῶς
571 986 742 1052 ἔφην,
773 977 1015 1052 τοῦνομα
1042 985 1119 1046 εἰς
1138 977 1239 1051 τὴν
1263 976 1541 1052 Ἐλλήνων
1571 980 1770 1053 φωνὴν

158 1070 215 1123 οἱ
239 1070 339 1122 τοῦ
370 1067 513 1122 θεοῦ
545 1060 805 1121 δίκαιοι.”
861 1068 944 1121 50.
978 1063 1191 1120 τούτων
1218 1065 1278 1120 δὲ
1307 1063 1483 1132 οὕτως
1510 1074 1770 1137 σωθησο-

156 1151 369 1223 μένων,
401 1146 498 1206 τὸν
529 1147 765 1205 παλαιὸν
789 1151 881 1205 καὶ
903 1147 1084 1222 βαρὺν
1112 1151 1224 1205 τῶν
1249 1154 1462 1220 πικρῶν
1490 1146 1771 1221 δαιμόνων

158 1232 324 1306 ζυγὸν
374 1239 703 1307 συντρίψειν
754 1235 845 1289 καὶ
885 1232 1011 1299 τοὺς
1052 1229 1135 1300 οἷς
1173 1230 1232 1289 τὸ
1275 1235 1408 1306 πρὶν
1448 1238 1770 1306 συνείχοντο
1805 1265 1809 1267 -

160 1316 394 1391 δεσμοὺς
425 1322 537 1373 τῶν
560 1314 923 1390 ἀσεβημάτων
940 1313 1310 1390 ὃιαρρήξεινό
1342 1315 1474 1384 θεὸς
1508 1320 1769 1390 ἐπαγγέλ-

93 1426 133 1459 15
158 1410 338 1474 λεται,
372 1400 444 1466 ῶς
474 1405 665 1474 μηκέτι
696 1411 849 1468 θεοῖς
880 1398 1188 1472 ἀλλοτρίοις
1219 1400 1514 1461 δουλεύειν
1545 1400 1767 1475 αὐτοὺς,

157 1485 308 1563 μόνῳ
343 1486 404 1542 δὲ
436 1482 584 1561 αὐτῷ
631 1499 1010 1559 καρποφορεῖν
1041 1483 1399 1559 ἀρεσκόντως.
1472 1491 1555 1542 51.
1590 1485 1771 1559 παρά-

158 1581 256 1638 θες
291 1570 351 1626 δὲ
381 1568 593 1636 τούτοις
623 1567 682 1627 τὸ
710 1573 769 1626 ἐν
795 1572 1036 1645 δευτέρῳ
1067 1573 1279 1646 Ψαλμῷ
1303 1572 1392 1626 ἐπὶ
1421 1572 1489 1643 τῇ
1517 1572 1614 1626 τοῦ
1637 1578 1769 1644 Χρι-

158 1661 291 1712 στοῦ
344 1661 622 1728 παρουσίᾳ
674 1655 764 1710 καὶ
816 1661 882 1729 τῇ
923 1657 1036 1711 τῶν
1088 1656 1274 1711 ἐθνῶν
1321 1652 1513 1726 κλήσει
1551 1651 1769 1727 φάσκον

157 1737 346 1811 λόγιον
371 1734 790 1811 “ὃιαρρήξωμεν
813 1737 942 1804 τοὺς
970 1736 1204 1811 δεσμοὺς
1237 1734 1442 1809 αὐτῶν,
1475 1740 1567 1794 καὶ
1597 1735 1767 1811 ἄπορ-

93 1848 135 1879 20
158 1831 408 1896 ρίψωμεν
438 1821 534 1895 ἀφ’
571 1821 730 1896 ἡμῶν
770 1823 866 1880 τὸν
913 1820 1076 1895 ζυγὸν
1117 1819 1355 1879 αὖτῶν.”
1432 1814 1475 1899 ῶ
1506 1825 1770 1894 συγγενὲς

155 1903 395 1980 ἡγοῦμαι
425 1905 719 1980 τυγχάνειν
749 1907 810 1964 τὸ
839 1908 974 1980 μετὰ
1004 1921 1189 1980 χεῖρας
1221 1909 1383 1978 λέγον
1409 1910 1468 1963 ἐν
1497 1909 1563 1981 τῇ
1595 1905 1769 1982 ἡμέρᾳ

160 1994 341 2066 ἐκείνῃ
385 1991 503 2049 εἷπε
545 1990 733 2064 κύριος
765 1987 1091 2065 “συντρίψω
1136 1991 1300 2063 ζυγὸν
1342 1989 1448 2048 ἀπὸ
1492 1990 1769 2065 τραχήλου

159 2072 373 2147 αὐτῶν,
415 2078 506 2132 καὶ
546 2076 673 2142 τοὺς
716 2074 951 2150 δεσμοὺς
982 2074 1168 2133 αὐτῶν
1200 2073 1508 2150 διαρρήξω,
1542 2077 1634 2132 καὶ
1666 2072 1769 2133 οὐκ

158 2163 427 2233 ἑργῶνται
459 2166 536 2217 ἔτι
567 2170 722 2227 θεοῖς
753 2159 1090 2233 ἀλλοτρίοις,
1132 2157 1255 2216 ἄλλ’
1291 2164 1560 2232 ἐργῶνται
1591 2166 1766 2236 κυρίῳ

94 2266 136 2300 25
157 2249 233 2320 τῷ
273 2248 392 2321 θεῷ
433 2243 670 2302 αὖτῶν.”
757 2250 840 2302 52.
886 2242 1009 2302 ἀλλ’
1061 2242 1144 2301 ὅτι
1182 2245 1285 2317 μὲν
1327 2249 1386 2301 ἐκ
1427 2247 1645 2317 καρποῦ
1672 2249 1768 2316 τῆς

158 2335 364 2394 κοιλίας
406 2331 595 2401 Δαβὶδ
635 2332 727 2386 καὶ
767 2332 826 2386 ἐκ
866 2332 1171 2402 σπέρματος
1211 2332 1544 2400 Σολομῶνος
1582 2329 1674 2383 καὶ
1709 2331 1768 2383 ἐκ

159 2415 306 2484 ῥίζης
331 2409 528 2470 Ἰεσσαὶ
558 2409 586 2470 ὁ
619 2412 852 2486 Χριστὸς
875 2416 975 2470 τοῦ
998 2415 1139 2470 θεοῦ
1158 2410 1613 2485 γεννηθήσεσθαι
1636 2432 1767 2479 προ-

162 2499 399 2567 είρηται,
439 2493 575 2568 ὅπερ
617 2500 709 2554 καὶ
748 2500 1006 2570 γέγονεν,
1046 2495 1130 2553 ὅτι
1160 2495 1294 2568 μετὰ
1334 2501 1552 2568 μυρίων
1582 2492 1767 2552 ἄλλων

160 2584 545 2651 προσηγοριῶν
574 2583 666 2637 καὶ
697 2583 886 2652 Δαβὶδ
931 2578 1102 2637 αὐτὸν
1140 2576 1505 2651 ὀνομάζουσιν
1534 2582 1592 2635 οἰ
1617 2588 1766 2635 θεῖοι

7 2703 11 2706 -
95 2684 135 2717 30
160 2660 339 2735 λόγοι,
372 2661 617 2737 αὐτάρκη
647 2664 1034 2722 πιστώσασθαι
1056 2661 1122 2720 τὰ
1148 2665 1434 2736 εἰρημένα·
1466 2661 1548 2719 ὅτι
1583 2663 1644 2719 δὲ
1671 2664 1763 2719 ’καὶ

275 2858 327 2895 22
359 2857 434 2898 Ps.
458 2858 499 2910 2,
523 2858 561 2898 2.
