1992 3186
229 108 335 160 584
902 106 1155 148 EUSEBH

231 222 525 298 ραζόμενος
555 221 664 279 ὑπὸ
703 226 802 278 τοῦ
843 224 1102 293 Σατανᾶ,
1146 224 1239 278 καὶ
1280 215 1374 294 ἦν,
1422 221 1494 291 ὡς
1531 221 1561 281 ὁ
1607 222 1834 297 εὐαγγε-

231 308 418 380 λιστὴς
448 320 747 406 μαρτυρεῖ,
791 329 926 378 μετα
966 308 1080 362 τῶν
1120 304 1390 379 θηρίων.”
1461 312 1508 365 5.
1550 315 1728 366 ποίων
1774 310 1835 366 δὲ

231 391 443 450 τούτων
495 388 528 462 ἢ
576 413 656 448 ων
706 387 1042 462 μνημονεύει
1091 388 1120 446 ὁ
1162 388 1297 463 μετὰ
1346 404 1532 465 χεῖρας
1591 392 1836 467 Ψαλμὸς,

231 475 365 548 πρὸς
396 474 493 532 τὸν
525 478 584 531 ἐν
615 481 853 550 βοηθείᾳ
882 477 981 531 τοῦ
1011 471 1252 542 ὑψιστου
1276 479 1635 533 κατοικοῦντα
1657 480 1836 549 λε’γων

119 587 205 630 1270]
225 558 353 616 “ε’πὶ
398 558 611 616 ἀσπίδα
652 561 744 615 καὶ
784 564 1113 630 βασιλίσκον
1146 557 1414 632 ἐπιβήσῃ,
1458 562 1551 616 καὶ
1591 583 1880 619 mataxa-5

231 643 415 716 τήσεις
468 645 663 700 λεόντα
709 649 803 699 καὶ
854 640 1188 716 δράκοντα.”
1277 641 1343 700 οὗ
1394 642 1568 717 μόνον
1623 646 1683 702 δὲ·
1729 645 1837 703 ἀπὸ

229 727 444 786 τούτων
477 725 871 800 ῥυσθήσεσθαι
910 726 1006 784 τὸν
1049 725 1251 799 αὐτὸν,
1297 726 1438 785 ἀλλὰ
1478 730 1570 785 καὶ
1610 727 1718 787 ἀπὸ
1749 728 1839 787 λό-

116 842 206 882 (434)
233 836 336 886 νου
367 811 725 886 ταραχώδους
755 818 944 885 φησίν.
1017 817 1064 869 6.
1106 819 1189 879 τίς
1222 810 1274 868 δ’
1320 810 1391 869 ἂν
1431 822 1516 885 εἴη
1558 815 1650 870 καὶ
1681 806 1841 882 οὗτος

246 893 270 913 Ἦ
303 894 327 914 ΓΙ

230 922 264 970 η
298 919 469 970 ονπερ
502 894 653 973 αὐτῷ
683 895 1010 970 προύτεινεν
1051 895 1078 953 ὁ
1126 895 1401 970 πειράζων
1432 896 1569 954 κατὰ
1597 897 1657 955 τὸ
1690 896 1841 972 ἱερὸν

231 979 556 1054 εὐαγγέλιον
571 1010 584 1051 ;
1862 1006 1905 1040 10

361 1072 405 1124 7.
467 1066 536 1123 Τὸ
572 1064 624 1122 δ’
663 1075 844 1123 αἴτιον
873 1068 975 1122 τοῦ
1005 1063 1366 1139 πειράζεσθαι
1394 1064 1491 1123 τὸν
1514 1072 1842 1139 τηλικοῦτον

230 1153 449 1223 σωτῆρα
481 1148 639 1223 ἡμῶν
663 1154 940 1222 σκοπῆσαι
963 1147 1132 1217 ἄξιον.
1193 1151 1411 1222 μέλλων
1442 1154 1496 1218 ἐξ
1519 1147 1841 1225 ἀνθρώπων

231 1239 418 1292 πᾶσαν
449 1233 621 1292 νόσον
651 1237 744 1291 καὶ
775 1237 964 1291 πᾶσαν
993 1240 1274 1307 μαλακίαν
1312 1233 1379 1291 τά
1418 1259 1477 1292 τε
1509 1238 1842 1308 ἐνοχλοῦντα

231 1318 518 1392 πνεύματα
550 1321 640 1375 καὶ
687 1317 815 1384 τοῦς
857 1317 1212 1391 ἀκαθάρτους
1253 1324 1519 1392 δαίμονας
1554 1322 1606 1387 ἐξ
1639 1324 1841 1386 αἰῶνος

230 1408 448 1477 μακροῦ
477 1406 589 1460 τῶν
622 1405 710 1460 ἐπὶ
741 1406 840 1474 γῆς
871 1401 1098 1462 πάντων
1142 1402 1232 1460 διὰ
1271 1409 1367 1476 τῆς
1407 1406 1695 1461 πολυθέου
1726 1409 1841 1461 δει-
1864 1425 1906 1460 15
1979 1400 1984 1404 ’

232 1493 582 1561 σιδαιμονίας
641 1485 1045 1559 κεκρατηκότας
1107 1485 1404 1559 ἐλαύνειν,
1464 1485 1567 1545 οὐκ
1628 1491 1686 1545 ἐκ
1743 1492 1842 1546 τοῦ

231 1570 483 1645 ἀφανοῦς
537 1570 722 1643 ὥσπερ
777 1571 1246 1646 ἐπικρυπτόμενος
1307 1574 1396 1628 ἐπὶ
1454 1572 1520 1628 τὰ
1581 1575 1842 1647 εἰρημένα

230 1655 461 1731 παρῄει,
514 1670 627 1723 τοῖς
680 1659 1088 1730 παρενοχλοῦσι
1151 1658 1213 1714 δὲ
1270 1654 1540 1730 πρότερον
1589 1653 1841 1731 ἆοράτοις

231 1739 464 1814 ἄρχουσι
498 1738 579 1798 δι’
613 1733 682 1798 οὗ
711 1738 1017 1814 ἀνείληφεν
1048 1739 1358 1815 ἀνθρώπου
1390 1739 1841 1814 ἐπιστρατεύσας,

231 1828 324 1882 καὶ
368 1832 445 1891 εἰς
486 1827 656 1898 μέσον
695 1822 868 1883 αὐτοῦ
916 1830 1013 1882 τοῦ
1057 1824 1323 1897 διαβόλου
1364 1827 1457 1881 καὶ
1499 1825 1700 1891 παντὸς
1739 1829 1839 1882 τοῦ
1862 1848 1905 1881 20

233 1915 561 1983 δαιμονικοῦ
614 1916 847 1983 στίφους
899 1907 1232 1982 παρελθών,
1288 1905 1482 1979 ἐπιβάς
1532 1931 1592 1965 τε
1643 1907 1840 1966 ἀσπίδι

232 1996 325 2050 καὶ
367 1999 702 2070 βασιλίσκω,
759 1995 850 2050 καὶ
896 1991 1283 2064 καταπατήσας
1334 1995 1531 2049 λεόντα
1573 1995 1666 2049 καὶ
1708 1992 1840 2066 δρά-

232 2101 430 2147 κοντα,
463 2080 555 2133 καὶ
585 2076 730 2133 πολὺ
763 2074 1033 2150 πρότερον
1065 2074 1325 2134 καθελών
1355 2080 1467 2133 τῶν
1496 2075 1840 2151 ἆρχοντικῶν

233 2164 456 2235 ἐχθρῶν
487 2159 736 2234 χιλιάδας
777 2163 870 2217 καὶ
899 2160 1206 2234 μυριάδας,
1250 2158 1345 2227 τὰς
1384 2161 1487 2233 μὲν
1519 2164 1578 2217 ἐκ
1607 2166 1719 2219 τῶν
1751 2167 1839 2218 δε-

232 2248 391 2317 ξιῶν,
434 2269 527 2311 τας
573 2245 635 2301 δε
667 2248 727 2301 ἐκ
756 2250 869 2301 τῶν
913 2243 1220 2318 εὐωνύμων
1250 2243 1627 2317 πολεμούσας,
1668 2242 1839 2320 αρχάς
1861 2269 1903 2302 25

230 2352 288 2386 τε
319 2331 410 2386 καὶ
445 2332 729 2401 ἐξουσίας,
774 2331 867 2386 καὶ
911 2328 980 2401 δὴ
1022 2327 1161 2386 καὶ
1166 2324 1313 2395 τοὺς
1345 2330 1676 2402 λεγομένους
1708 2346 1839 2386 κοσ-

229 2412 571 2488 μοκράτορας
611 2416 712 2470 τοῦ
753 2411 986 2480 σκότους
1031 2411 1257 2485 τούτου,
1298 2413 1365 2469 τά
1405 2435 1465 2469 τε
1495 2436 1839 2487 πνευματικά

188 2536 206 2558 0
229 2504 323 2571 τῆς
348 2494 676 2573 πονηρίας,”
709 2496 890 2555 πάντα
917 2498 987 2570 δὴ
1010 2522 1117 2556 ουν
1138 2501 1309 2555 ταῦτα
1332 2495 1391 2554 τὸ
1425 2499 1602 2570 μηδὲν
1627 2496 1840 2572 ἰσχύειν

231 2581 532 2654 ἄπελέγξας
550 2626 565 2654 ,
598 2585 690 2639 καὶ
720 2584 873 2648 τέλος
906 2580 1078 2640 αὐτὸν
1121 2581 1217 2639 τὸν
1248 2588 1362 2640 τῶν
1391 2586 1579 2639 κακῶν
1610 2585 1838 2655 ἔξαρχον

234 2664 500 2738 διάβολον
530 2668 609 2742 τῷ
638 2664 785 2743 λόγῳ
815 2670 914 2723 τοῦ
946 2665 1213 2740 στόματος
1246 2662 1417 2723 αὑτοῦ
1448 2666 1667 2739 μακρὰν
1696 2664 1835 2724 ἀπο-
1857 2689 1901 2722 30

343 2860 397 2899 26
427 2860 545 2911 Eph.
570 2860 610 2910 6,
635 2861 703 2900 12.
