1992 3186
558 134 868 177 DEMONST.
900 134 1120 176 EVANG.
1154 135 1206 175 V.
1231 135 1411 175 26—28.
1666 133 1768 186 347

162 249 455 324 λεγόμενος
485 248 676 320 κύριος
708 252 990 323 ἐπιτιμῶν,
1022 246 1144 306 ἄλλ’
1180 251 1370 324 ἑτέρου
1404 249 1772 323 μνημονεύων

163 341 378 410 κυρίου.
434 332 507 391 δι’
539 327 619 392 ὦν
635 333 874 408 ἡγοῦμαι
898 338 1087 407 σαφῶς
1110 340 1488 407 παρίστασθαι
1517 333 1620 407 τὴν
1642 336 1768 407 περὶ

160 422 273 477 των
305 418 404 476 δύο
434 425 674 493 κυρίων,
706 421 806 476 τοῦ
834 416 1038 492 πατρὸς
1068 420 1160 475 καὶ
1188 423 1331 476 θεοῦ
1361 424 1473 477 τῶν
1501 415 1648 476 ὅλων
1679 420 1770 475 καὶ

160 506 260 560 τοῦ
289 501 425 576 μετὰ
452 502 550 561 τὸν
579 504 789 576 πατέρα
817 502 920 575 τὴν
943 500 1080 559 κατὰ
1103 501 1326 560 πάντων
1350 505 1461 560 τών
1483 504 1771 576 γεννητῶν

116 611 140 643 5
162 593 393 662 κυρείαν
423 590 515 645 καὶ
548 593 875 645 δεσποτείαν
909 586 1282 660 διειληφότος,
1314 584 1610 655 ἀπόδειξιν.

664 793 794 856 ’And
827 801 925 854 τοῦ
957 803 1270 869 Μαλαχίου.
1792 817 1813 848 b

152 902 235 954 ,Ως
257 900 457 960 ἄγγελον
489 901 734 971 διαθήκης
763 900 846 946 τὸν
867 899 1096 967 Χριστὸν,
1129 899 1212 946 τὸν
1242 899 1390 947 αυτὸν
1412 902 1464 947 δὲ
1487 904 1570 947 καὶ
1602 902 1770 958 κύριον

563 958 587 1003 ὁ
611 955 948 1015 παντοκράτωρ
971 955 1089 1008 θεὸς
1111 953 1358 1003 ἀποκαλεῖ.

570 1058 623 1080 (θ’

311 1075 518 1123 XXVIII.
615 1060 752 1119 Ιδου
806 1063 1179 1130 ἐξαποστέλλω
1230 1060 1328 1120 τὸν
1368 1060 1603 1134 ἄγγελόν
1642 1088 1769 1136 μου,

97 1171 138 1202 10
161 1150 253 1205 καὶ
285 1150 638 1219 ἐπιβλέψεται
676 1144 810 1203 ὁδὸν
850 1144 956 1220 πρὸ
987 1144 1287 1219 προσώπου
1317 1170 1452 1219 μου,
1506 1149 1598 1204 καὶ
1631 1150 1771 1215 ἐξαί-

159 1255 304 1304 φνης
332 1229 450 1304 ἥξει
482 1237 560 1299 εἰς
590 1229 686 1288 τὸν
715 1228 854 1288 ναὸν
884 1228 1101 1303 κύριος,
1132 1227 1200 1287 ὂν
1229 1229 1387 1303 ὑμεῖς
1419 1238 1644 1304 ζητεῖτε,
1677 1234 1770 1288 καὶ

158 1312 187 1372 6
219 1313 447 1388 ἅγγελος
476 1322 572 1388 τῆς
605 1314 898 1386 διαθήκης,
929 1312 995 1371 ὃν
1017 1313 1174 1387 ὑμεῖς
1204 1317 1414 1373 θέλετε.
1471 1315 1596 1372 ἰδοὺ
1621 1322 1770 1389 ἕρχε-
1795 1343 1812 1365 c

159 1423 277 1470 ται,
329 1402 476 1471 λέγει
527 1396 719 1470 κύριος
758 1397 1182 1471 παντοκράτωρ,
1236 1401 1328 1456 καὶ
1379 1404 1462 1466 τίς
1502 1396 1772 1473 ὑπομενεῖ

159 1482 372 1556 ἡμέραν
404 1482 624 1540 εἰσόδου
657 1479 893 1552 αὐτού;”

98 1590 139 1623 15
287 1572 336 1624 2.
365 1564 560 1639 Ὅμοια
600 1569 692 1624 καὶ
731 1569 903 1623 ταῦτα
932 1580 1045 1632 τοῖς
1075 1568 1374 1639 προτέροις.
1445 1567 1634 1637 κύριος
1664 1565 1769 1638 γὰρ

161 1648 326 1718 αὐτὸς
348 1649 376 1708 6
407 1650 539 1716 θεὸς
562 1649 590 1707 6
614 1648 1007 1722 παντοκράτωρ
1028 1647 1181 1722 ἥξειν
1205 1652 1379 1723 φησὶν
1401 1657 1477 1715 εἰς
1507 1648 1604 1708 τὸν
1634 1649 1772 1708 ναὸν

125 1790 130 1795 ,
159 1731 331 1792 αὑτοῦ
360 1733 583 1807 κύριον,
615 1737 743 1807 περὶ
776 1736 966 1807 ἑτέρου
998 1737 1176 1805 λέγων
1195 1750 1205 1759 ·
1254 1740 1417 1806 δηλοῖ
1446 1735 1506 1791 δὲ
1538 1731 1645 1806 ἄρα
1674 1734 1772 1793 τὸν

158 1818 297 1877 θεὸν
326 1817 507 1891 λόγον.
569 1818 704 1892 μετὰ
742 1820 902 1875 τοῦτο
945 1818 1006 1873 δὲ
1037 1820 1129 1874 καὶ
1161 1815 1396 1890 ἄγγελον
1439 1822 1534 1890 τῆς
1568 1818 1772 1891 διαθή-

160 1927 258 1975 κης
297 1901 579 1975 ὀνομάζει,
618 1900 685 1959 ὃν
723 1904 817 1958 καὶ
862 1898 1026 1966 αὐτὸς
1076 1898 1103 1958 6
1149 1900 1545 1974 παντοκράτωρ
1585 1900 1773 1975 κύριος

95 2011 139 2043 20
164 1989 578 2054 ἐξαποστέλλειν
611 1988 811 2043 ἑαυτοῦ
844 1984 949 2057 πρὸ
980 1985 1281 2058 προσώπου
1314 1985 1563 2043 διδάσκει
1595 1990 1772 2058 λέγων

155 2066 319 2128 “ἰδοὺ
362 2069 467 2143 ἐγώ
500 2073 874 2138 ἐξαποστέλλω
916 2067 1151 2141 ἄγγελόν
1182 2094 1289 2142 μου
1334 2069 1438 2142 πρὸ
1470 2069 1772 2142 προσώπου

160 2151 324 2227 μου.”
383 2159 431 2211 3.
464 2152 562 2211 τὸν
592 2152 764 2211 αὐτὸν
796 2154 859 2210 δὲ
887 2157 1111 2226 τοῦτον,
1143 2151 1210 2210 ὃν
1232 2151 1470 2226 ἄγγελόν
1499 2178 1607 2226 μου
1637 2151 1774 2210 άπε-

160 2238 385 2310 κάλεσε,
436 2237 603 2296 πάλιν
646 2241 768 2310 ἑξῆς
808 2235 1004 2308 κύριον
1052 2234 1304 2311 ὀνομάζει
1335 2234 1468 2294 “acal
1511 2242 1772 2310 ἐξαίφνης
1797 2253 1819 2285 d

158 2321 275 2393 ἥξει
306 2320 513 2394 κύριος,
547 2325 836 2394 ἐπιλέγων,
867 2323 959 2378 καὶ
990 2320 1018 2378 6
1050 2319 1279 2395 ἅγγελος
1308 2326 1405 2394 τῆς
1437 2319 1768 2399 διαθήκης,”

97 2427 141 2460 25
164 2408 262 2462 ἕνα
293 2406 356 2463 δε
385 2409 477 2463 καὶ
508 2406 604 2463 τὸν
634 2403 805 2463 αὐτὸν
835 2428 1117 2478 προειπων
1149 2409 1398 2478 ἐπιφέρει
1421 2401 1586 2462 “ι’δού
1618 2412 1774 2477 ε’ρχε-

163 2511 279 2560 ται,
319 2493 412 2546 καὶ
451 2497 532 2557 τίς
573 2486 846 2562 υπομενεῖ
881 2489 1093 2563 ἡμέραν
1135 2489 1357 2547 εἰσόδου
1389 2484 1626 2557 αὐτοῦ;”
1671 2486 1773 2560 τὴν

167 2574 432 2646 δευτέραν
464 2576 555 2630 καὶ
587 2577 814 2642 ἔνδοξον
844 2580 1161 2648 παρουσίαν
1192 2571 1364 2629 αὐτοῦ
1396 2578 1698 2644 σημαίνων.
1742 2569 1770 2628 6

162 2659 336 2711 ταῦτα
366 2657 426 2712 δε
465 2656 644 2714 πάντα
673 2663 954 2726 θεσπίζων
992 2654 1183 2729 κύριός
1225 2659 1338 2713 ἐστι
1376 2654 1772 2729 παντοκράτωρ

119 2745 123 2748 ’
162 2737 191 2795 6
222 2744 334 2795 τῶν
362 2737 509 2796 ὅλων
536 2739 687 2806 θεός.

278 2877 302 2915 9
333 2875 444 2918 Mal.
467 2879 507 2923 3,
534 2878 571 2916 1.
