1992 3186
247 94 350 146 622
927 95 1179 137 EUSEBII

243 208 479 284 θρωπου
510 209 538 267 ὁ
582 208 827 276 θάνατος
883 211 976 265 καὶ
1017 206 1094 266 δι’
1136 207 1443 282 ἀνθρώπου
1482 209 1517 283 ἡ
1558 207 1855 278 ἀνάστασις

243 291 278 366 ἡ
311 299 370 351 ἐκ
400 292 642 365 νεκρῶν”
678 295 850 365 φησὶν
873 289 902 349 ὁ
926 289 1254 360 ἀπόστολος
1260 290 1372 350 καὶ
1404 292 1589 367 ὥσπερ
1622 292 1698 352 δι’
1733 294 1855 362 ἑνὸς

242 376 679 480 παραπτώματος
711 383 788 444 εἰς
819 375 1027 443 πάντας
1051 375 1388 451 ἀνθρώπους
1423 385 1500 444 εἰς
1529 377 1852 452 κατάκριμα,

241 460 384 520 ούτω
427 463 519 518 καὶ
570 460 643 519 δι’
693 459 815 527 ἑνὸς
858 460 1223 535 δικαιωματος
1261 467 1340 528 εἰς
1374 484 1585 528 παντας
1626 461 1854 537 ἄνθρω-

240 568 379 611 πους
411 551 488 611 εἰς
521 551 812 603 δικαιωσιν
843 550 995 617 ζωῆς
997 543 1026 565 ”
1100 551 1144 603 7.
1195 552 1364 603 ἔνθεν
1405 549 1498 603 καὶ
1529 543 1692 612 αὐτὸς
1729 546 1854 614 τοὺς
1877 571 1900 604 5

241 630 343 703 μὲν
387 631 590 687 ἑαυτοῦ
643 629 895 702 μαθητὰς
939 628 1082 702 ζωὴν
1132 633 1225 687 καὶ
1271 634 1389 702 φῶς
1441 632 1531 687 καὶ
1584 627 1855 703 ἀλήθειαν

127 738 215 778 (463)
242 712 440 771 ἑαυτὸν
472 714 614 771 εἶναι
645 717 737 771 καὶ
766 713 860 781 τὰς
892 713 1086 781 λοιπὰς
1130 718 1374 781 ἐπινοίας
1403 719 1500 787 τῆς
1529 713 1647 771 κατ’
1685 713 1857 773 αὐτὸν

237 803 532 870 θεολογίας
566 802 843 871 ἐπαίδευε,
884 813 999 866 τοῖς
1039 799 1102 855 δὲ
1133 795 1395 872 αμυήτοις
1434 803 1548 856 τοῖν
1587 797 1703 856 κατ’
1753 798 1857 856 αὐ-

237 880 334 940 τὸν
363 880 696 985 απορρήτων
739 890 891 956 ἐλεγε
931 879 1026 940 “τί
1059 908 1126 956 με
1169 890 1371 956 ζητεῖτε
1410 880 1731 941 ἀποκτεῖναι
1761 881 1855 940 ἅν-

235 977 488 1068 θρωπον,
519 992 578 1034 ος
601 966 704 1040 τὴν
726 960 1000 1039 αλήθειαν
1023 966 1159 1040 ὑμῖν
1183 964 1512 1040 λελαληκα;”
1545 965 1730 1042 ὥσπερ
1753 969 1855 1026 οὐν
1878 993 1917 1027 ιο

237 1076 302 1108 τα
332 1056 428 1124 τῆς
469 1059 763 1125 θεολογίας
806 1050 1075 1125 ίδιωματα
1117 1057 1177 1109 ἐν
1215 1067 1329 1119 τοῖς
1376 1058 1693 1127 ἔμπροσθεν
1722 1074 1854 1110 απο-

240 1138 488 1208 δέδοται,
529 1134 626 1193 τὸν
656 1134 847 1210 ὅμοιον
879 1139 946 1208 δὴ
977 1135 1183 1208 τρόπον
1213 1135 1505 1194 κάνταῦθα
1544 1140 1643 1194 τοῦ
1674 1133 1853 1209 ἀμνοῦ

235 1220 302 1276 τὰ
332 1217 760 1294 ἄνθρωποπαθῆ
791 1219 1221 1295 παραστήσεται,
1246 1224 1357 1277 τῶν
1380 1219 1485 1293 πρὸ
1513 1227 1612 1277 τοῦ
1635 1219 1854 1288 ποὲθους

236 1302 411 1361 αὐτοῦ
448 1306 619 1377 μέσον
657 1302 863 1375 ὄντων,
911 1301 1052 1377 ὁμοῦ
1095 1329 1154 1363 τε
1194 1303 1359 1377 ἄμφω
1405 1304 1471 1361 τοί
1501 1329 1559 1362 τε
1589 1303 1727 1362 κατὰ
1756 1302 1854 1364 τὸν

234 1387 373 1445 θεὸν
404 1391 497 1445 καὶ
525 1388 593 1445 τὰ
633 1387 770 1446 κατὰ
809 1386 907 1446 τὸν
938 1387 1244 1462 ἄνθρωπον
1284 1387 1455 1446 αὐτοῦ
1501 1388 1849 1462 περιειληφό-
1875 1414 1913 1448 15

190 1499 211 1531 b
234 1496 359 1530 των.
409 1477 455 1536 8.
489 1471 703 1530 τούτων
733 1479 1012 1546 χρησίμως
1043 1470 1176 1546 ἡμῖν
1207 1476 1719 1547 προτετηρημένων,
1745 1472 1850 1547 ἤδη

123 1569 209 1611 [⁴288]
236 1559 329 1613 καὶ
360 1560 472 1614 τῶν
502 1563 707 1630 λογίων
738 1555 924 1615 αὐτῶν
957 1556 1332 1631 ἐφαψτόμεθα,
1379 1560 1505 1632 περὶ
1540 1561 1635 1630 τῆς
1668 1555 1852 1615 Ἰούδα

233 1644 334 1698 τοῦ
363 1640 639 1720 προδότου
681 1644 773 1699 καὶ
812 1645 924 1700 των
967 1641 1076 1700 σὺν
1107 1639 1257 1719 αύτῷ
1300 1642 1437 1699 κατὰ
1477 1648 1576 1699 τοῦ
1611 1645 1849 1716 Χριστοῦ

233 1728 534 1799 γενομένης
565 1730 872 1800 συσκευῆς,
914 1733 1047 1802 περί
1081 1751 1140 1785 τε
1179 1732 1291 1784 τῶν
1330 1723 1474 1800 ἀμφὶ
1512 1724 1609 1784 τὸν
1655 1724 1850 1800 καιρὸν

233 1813 335 1867 τοῦ
365 1809 583 1877 πάθους
615 1807 788 1868 αὐτοῦ
819 1810 1268 1884 συμβεβηκότων.
1872 1836 1912 1868 20

788 2033 920 2091 Ἀπὸ
952 2038 1173 2105 ψαλμοῦ
1203 2032 1282 2106 μ’.

191 2183 207 2204 c
361 2155 394 2204 1.
453 2143 781 2219 “Μακάριος
811 2144 839 2202 ὅ
873 2145 1083 2202 συνιών
1115 2147 1202 2201 ἐπὶ
1234 2145 1452 2219 πτωχὸν
1494 2148 1586 2202 καὶ
1616 2148 1843 2218 πένητα,

234 2230 294 2284 ἐν
337 2227 514 2303 ἡμέρα
554 2234 769 2304 πονηρᾷ
810 2228 1035 2306 ῥύσεται
1085 2226 1254 2286 αὐτὸν
1295 2228 1324 2286 ὃ
1372 2229 1587 2303 κύριος’
1656 2229 1845 2299 κύριος
1868 2254 1911 2288 25

232 2312 566 2385 διαφυλάξαι
598 2311 795 2386 αὐτὸν,
843 2317 935 2371 καὶ
977 2313 1130 2387 ζήσαι
1161 2310 1361 2385 αὐτὸν,
1409 2315 1500 2371 καὶ
1542 2320 1844 2387 μακαρίσαι

232 2394 402 2454 αὐτὸν
449 2401 509 2455 ἐν
552 2400 621 2472 τῇ
663 2402 762 2473 γῇ,
806 2401 897 2455 καὶ
939 2396 1012 2472 μὴ
1052 2402 1283 2475 παραδῷ
1326 2396 1496 2455 αὐτὸν
1538 2403 1613 2463 εἰς
1659 2412 1844 2471 χεῖρας

233 2483 450 2555 ἐχθρῶν
503 2481 691 2541 αὐτοῦ.
773 2482 960 2556 κύριος
1008 2482 1280 2556 βοηθήσει
1321 2481 1472 2558 αὐτῷ
1516 2484 1603 2539 ἐπὶ
1649 2488 1840 2554 κλίνης

230 2561 435 2639 ὀδύνης
497 2563 697 2640 αὐτοῦ,
761 2565 898 2640 ὅλην
957 2565 1059 2640 τὴν
1110 2572 1300 2638 κοίτην
1353 2564 1524 2624 αὐτοῦ
1580 2571 1844 2639 ἕστρεψας

183 2671 205 2703 d
234 2651 293 2706 ἐν
338 2655 406 2723 τῇ
448 2647 728 2728 ἀρρωστία
771 2649 959 2709 αὐτοῦ.
1048 2649 1152 2724 ἐγώ
1185 2651 1339 2724 εἶπα,
1385 2650 1568 2726 κύριε,
1615 2647 1841 2723 ἐλέησόν
1863 2675 1906 2709 30

344 2845 369 2883 9
402 2843 473 2884 J0.
507 2845 547 2894 8,
579 2847 648 2885 40.
823 2847 875 2885 24
907 2846 981 2887 Ps.
1013 2845 1083 2896 40,
1118 2847 1154 2885 1.
