1992 3186
551 130 861 172 DEMONST.
896 131 1114 172 EVANG.
1149 132 1247 171 VII.
1283 134 1319 171 1.
1623 130 1728 182 445

120 253 521 317 διαλελοίπασι,
544 249 639 317 τῆς
663 241 943 318 Ῥωμαίων
964 253 1263 320 μοναρχίας
1288 245 1728 319 ἐπικρατησάσης

119 330 227 388 σῦν
255 333 332 407 τῷ
361 334 459 386 τοῦ
489 333 735 402 σωτῆρος
768 326 924 402 ἡμῶν
954 328 1275 402 κηρύγματι.
1322 335 1436 387 103.
1471 333 1563 387 καὶ
1595 335 1729 386 ταῦ-

118 414 184 472 τά
223 439 286 487 γε
330 412 466 487 πρὸς
511 415 657 481 λέξιν
701 420 975 479 θεσπίσας
1014 410 1042 470 ὁ
1075 414 1234 487 λόγος
1275 418 1599 488 μετέβαινεν
1639 417 1728 471 ἐπὶ

118 497 221 572 τὴν
257 497 510 556 διάνοιαν
555 500 646 555 καὶ
692 497 794 568 τὴν
824 497 1070 555 καθόλου
1112 501 1637 572 πνευματικωτέραν
1669 502 1730 555 ἐν

74 605 97 638 5
118 591 382 656 θεωρίαις
415 579 705 654 ἀπόδοσιν,
736 581 1189 655 ὑποστησάμενός
1220 607 1278 640 τε
1311 582 1414 640 δύο
1447 590 1614 656 στίφη
1638 580 1729 640 ἆο-

118 666 302 741 ράτων
334 670 554 740 ἐχθρῶν
585 669 676 724 καὶ
706 673 985 740 πολεμίων
1027 666 1308 740 δαιμόνων
1337 672 1626 742 πονηρῶν,
1669 667 1729 724 τὸ

118 751 343 809 πάντων
374 749 694 824 ἀνθρώπων
723 754 881 823 γένος
915 749 1193 824 διαφόρως
1225 751 1634 824 πολεμούντων,
1667 756 1729 808 ἓν

118 837 220 908 μὲν
249 843 361 893 τῶν
390 835 484 902 τὰς
519 839 578 892 ἐν
608 833 929 907 ἀνθρώποις
951 835 1328 906 ἐνεργούντων
1352 833 1436 893 άεὶ
1469 839 1555 892 καὶ
1593 838 1728 892 πάν-

117 943 239 976 τοτε
267 926 690 991 εἰδωλολατρίας
721 921 811 974 καὶ
842 916 937 984 τάς
979 922 1037 976 ἐν
1075 917 1308 991 δόγμασι
1340 923 1725 992 ψευδοδοξίας,

55 1026 97 1057 10
118 1003 361 1076 θάτερον
394 1005 455 1060 δὲ
484 1006 597 1060 τῶν
628 1007 689 1059 ἐν
710 1000 875 1074 ἤθεσι
898 1007 1094 1075 ψυχῶν
1116 1002 1436 1076 διαφθοράν
1460 1028 1727 1075 κατεργα-
1759 1035 1777 1057 e

119 1089 385 1160 ζομένων·
432 1089 523 1143 καὶ
548 1085 608 1143 τό
630 1087 733 1159 μὲν
754 1089 849 1158 τῆς
883 1087 1286 1159 εἰδωλολάτρου
1306 1086 1516 1159 πλάνης
1542 1087 1729 1144 εἰκόνα

117 1173 311 1244 φέρειν
339 1169 662 1243 ἀποδείξας,
695 1170 792 1227 τὸν
822 1168 1059 1244 ἄρχοντα
1089 1177 1184 1244 τῆς
1215 1178 1541 1244 Δαμασκοῦ,
1575 1171 1635 1228 τὸ
1668 1173 1730 1228 δὲ

116 1260 229 1312 τῶν
262 1259 320 1312 ἐν
350 1253 667 1313 άποπτώσει
695 1259 793 1312 τοῦ
825 1254 1113 1327 σώφρονος
1145 1258 1235 1312 καὶ
1265 1255 1458 1327 ὑγιοῦς
1484 1262 1613 1327 βίου
1633 1255 1731 1313 τῦ-

118 1362 225 1396 πον
268 1339 439 1411 εἷναι,
492 1339 588 1396 τὸν
626 1345 718 1411 τῆς
761 1347 1111 1412 Σαμαρείας,
1164 1337 1230 1397 οῦ
1284 1339 1553 1414 πρότερόν
1592 1361 1730 1412 φησι

55 1446 97 1477 15
118 1421 329 1480 τούτων
367 1421 859 1495 ἀπαλλαγήσεσθαι
898 1422 1000 1494 τὴν
1041 1430 1146 1496 γῆν
1178 1422 1345 1497 (οὕτω
1385 1431 1572 1482 καλῶν
1601 1424 1730 1490 τοὺς

121 1510 209 1564 ἐπὶ
240 1512 339 1580 γῆς
372 1513 760 1572 κατοικοῦντας
781 1505 1142 1578 ἀνθρώπους)
1174 1505 1477 1580 ἢφανῆναι
1510 1511 1597 1564 ἐπὶ
1630 1515 1731 1580 γῆς

118 1590 216 1650 τὸν
248 1589 594 1665 Ἐμμανουὴλ
634 1590 798 1648 θεόν·
856 1590 1056 1648 τούτου
1099 1593 1158 1648 δὲ
1199 1591 1605 1665 ἐπιλάμψαντος
1638 1594 1730 1648 καὶ

120 1674 508 1747 βασιλεύοντος
539 1674 845 1747 ἀνθρώπου
877 1682 1054 1748 ψυχῆς
1084 1679 1297 1748 μηδένα
1328 1683 1406 1733 ἔτι
1437 1683 1730 1733 λείπεσθαι

119 1783 231 1816 των
261 1759 430 1816 πάλαι
460 1758 955 1833 κατακρατοῦντων
987 1758 1168 1832 αὐτῆς.
1216 1764 1330 1816 104.
1358 1758 1502 1817 οὕτω
1527 1758 1595 1831 δὴ
1627 1752 1732 1817 οῦν

56 1866 98 1898 20
121 1846 211 1900 καὶ
244 1842 450 1901 ἐνθάδε
479 1846 606 1916 περὶ
636 1867 746 1900 των
777 1843 963 1900 αὐτων
987 1847 1245 1916 εἰρῆσθαι
1268 1843 1486 1916 νοήσεις
1516 1840 1613 1901 τὸ
1619 1841 1729 1916 ’λή-
1754 1866 1777 1897 <1

121 1942 280 1996 ψεται
313 1927 553 2001 δύναμιν
582 1931 893 2000 Δαμασκοῦ
923 1931 1012 1984 καὶ
1047 1953 1111 1984 τα
1142 1932 1319 1985 σκῦλα
1351 1927 1725 2002 Σαμαρείας,”

120 2015 214 2083 τῆς
262 2018 360 2070 τοῦ
410 2018 654 2085 σωτῆρος
715 2009 872 2086 ἡμων
921 2009 1098 2084 Ἰησοῦ
1149 2018 1390 2086 Χριστοῦ
1443 2012 1730 2084 δυνάμεως

121 2094 502 2169 καθαιρούσης
549 2095 770 2169 ἀθρόως
820 2095 1028 2162 πάντας
1078 2095 1203 2163 τούς
1252 2094 1520 2169 άοράτους
1573 2095 1731 2169 ἡμῶν
1756 2117 1841 2160 [205]

123 2180 388 2253 ἐχθροὺς,
431 2187 487 2237 οἳ
526 2179 593 2252 δὴ
636 2180 804 2237 πάλαι
843 2180 1112 2255 πρότερον
1151 2196 1269 2248 ταῖς
1310 2184 1731 2256 προειρημέναις

57 2285 100 2318 25
122 2262 310 2331 ἀθέοις
334 2267 425 2320 καὶ
447 2267 806 2336 έπιβλαβέσιν
833 2269 1134 2337 ἐνεργείαις
1157 2264 1365 2330 πάντας
1393 2264 1732 2338 ἀνθρώπους

125 2347 498 2421 ἐπολιόρκουν.
564 2353 679 2406 105.
715 2351 806 2405 καὶ
847 2347 983 2423 πρὸς
1014 2353 1161 2417 λέξιν
1202 2350 1263 2406 δὲ
1294 2348 1462 2406 πάλιν
1494 2355 1632 2414 ἴδοις
1663 2346 1733 2405 ἂν

122 2429 261 2502 ὁμοῦ
301 2436 368 2504 τῇ
412 2435 628 2504 γενέσει
673 2435 764 2490 καὶ
811 2437 1108 2508 ἐπιφανείᾳ
1153 2439 1250 2490 τοῦ
1291 2436 1535 2504 σωτῆρος
1574 2429 1733 2504 ἡμῶν

123 2511 225 2584 τὴν
268 2514 506 2588 δύναμιν
537 2523 843 2589 Δαμασκοῦ
883 2520 1281 2590 καθῃρημένην
1321 2519 1412 2572 καὶ
1460 2515 1525 2572 τὰ
1556 2519 1732 2572 σκῦλα

125 2605 443 2669 Σαμαρείας
472 2598 713 2672 ἠρμένα,
752 2599 904 2657 τοῦτ’
939 2608 1051 2658 ἔστι
1082 2599 1178 2666 τὰς
1208 2606 1493 2672 βασιλείας
1524 2598 1730 2671 αὐτῶν,

61 2704 103 2736 30
128 2688 188 2738 αἳ
200 2683 355 2753 μέχρι
377 2685 488 2738 τῶν
511 2687 868 2756 δηλουμένων
894 2684 1110 2757 χρόνων
1136 2686 1493 2755 διαρκέσασαι
1513 2686 1565 2751 εξ
1590 2688 1734 2740 ἐκεί-

125 2789 228 2822 νου
259 2768 349 2821 καὶ
383 2773 458 2832 εἰς
490 2770 654 2840 δεῦρο
687 2773 1065 2836 διαλελοίπασι
1095 2766 1231 2824 κατὰ
1260 2767 1355 2835 τὰς
1384 2775 1544 2833 θείας
1565 2791 1730 2842 προρ-
1755 2792 1843 2831 (33η

126 2848 326 2922 ρήσεις.
394 2855 507 2907 106.
543 2855 680 2923 φασὶ
713 2853 779 2907 δέ
803 2875 947 2918 τινες
978 2854 1068 2908 καὶ
1099 2850 1277 2917 ἄλλως
1308 2850 1436 2918 τοῦς
1466 2849 1563 2909 ἀπ’
1596 2852 1728 2909 ἀνα-
