1992 3186
582 129 889 171 DEMONST.
919 128 1139 171 EVANG.
1165 128 1244 170 v1.
1276 131 1341 172 18.
1660 127 1763 180 391

159 254 411 316 λευκαῖς,
442 251 499 301 οἳ
525 245 615 300 καὶ
649 244 824 315 εἷπον,
855 241 1057 317 ἄνδρες
1080 251 1386 315 Γαλιλαῖοι,
1418 249 1477 300 τί
1503 242 1765 315 ἑστήκατε

161 332 455 400 βλέποντες
498 334 576 395 εἰς
615 326 712 384 τὸν
751 326 1027 399 οὐρανόν;
1070 320 1228 398 οὗτος
1264 326 1293 384 ὁ
1317 325 1525 399 Ἰησοῦς
1568 326 1597 383 ὁ
1628 326 1767 385 ἀνα-

159 414 396 486 ληφθεὶς
425 410 522 485 ἀφ’
557 407 719 485 ὑμῶν
744 418 820 479 εἰς
842 410 939 469 τὸν
972 409 1216 485 οὐρανὸν
1254 409 1428 479 οὕτως
1466 409 1764 484 ἐλεύσεται,

157 493 223 554 ὂν
251 495 456 569 τρόπον
488 494 803 553 ἐθεάσασθε
834 492 1006 553 αὐτὸν
1034 494 1412 569 πορευόμενον
1442 501 1519 563 εἰς
1548 493 1645 553 τὸν
1674 493 1767 554 οὐ·

111 605 136 637 5
159 577 384 655 ρανόν.”
467 584 549 637 25.
583 578 664 646 οἷς
706 583 953 653 ἐπιφέρει
993 581 1171 651 λέγων
1204 578 1362 637 “το’τε
1412 576 1767 654 ὑπέστρεψαν

159 671 236 731 εἰς
260 658 614 738 Ἰερουσαλὴμ
645 662 752 721 ἀπὸ
783 662 947 738 ὅρους
976 666 1075 720 τοῦ
1104 667 1451 736 καλουμένου
1484 667 1764 737 ἐλαιῶνος,

156 744 185 805 δ’
214 752 333 825 >ἐστι
364 750 652 806 κατέναντι
674 744 1081 821 Ἱερουσαλήμ.”
1145 751 1228 803 26.
1263 754 1377 804 ἔστι
1409 749 1511 820 μὲν
1540 741 1645 806 οὖν
1675 751 1766 805 καὶ
1793 772 1812 804 b

157 831 294 903 πρὸς
334 835 482 899 λέξιν
521 835 810 889 κατέναντι
841 828 1196 903 Ἰερουσαλὴμ
1247 834 1339 888 καὶ
1380 835 1433 900 ἐξ
1482 829 1768 890 ἀνατολῶν

157 914 327 987 αὐτῆς
372 914 430 972 τὸ
473 915 819 988 δηλούμενον
861 918 973 972 τῶν
1004 918 1205 972 ἐλαιῶν
1241 913 1382 989 ὅρος.
1454 915 1599 988 πλὴν
1629 914 1768 973 ἀλλὰ

93 1024 134 1058 ιο
160 998 295 1056 κατὰ
326 997 428 1071 τὴν
460 999 712 1057 διάνοιαν
755 995 788 1071 ἡ
819 995 949 1071 ἁγία
981 1003 1221 1072 Χριστοῦ
1253 1003 1541 1072 ἐκκλησία,
1585 1002 1677 1057 καὶ
1707 998 1765 1057 τὸ

154 1082 281 1158 ὅρος
314 1080 401 1156 ἐφ’
437 1075 482 1159 ᾦ
508 1089 930 1156 τεθεμελίωται,
971 1085 1098 1155 περὶ
1141 1074 1210 1140 οὗ
1247 1083 1498 1140 διδάσκει
1530 1087 1708 1155 λέγων
1738 1080 1765 1140 ὁ

158 1167 342 1240 σωτὴρ
365 1165 470 1223 “οὐ
503 1166 738 1224 δυ’ναται
770 1165 926 1233 πόλις
949 1170 1225 1240 κρυβῆναι
1251 1166 1435 1225 ἐπάνω
1458 1165 1622 1241 ὅρους
1654 1192 1766 1225 κει-

97 1268 106 1275 ’
157 1249 354 1323 μένη,”
397 1250 522 1308 ἀντὶ
553 1255 648 1324 τῆς
678 1250 956 1324 πεσούσης
987 1253 1077 1307 καὶ
1115 1251 1190 1324 μὴ
1223 1255 1544 1325 ἐγερθείσης
1569 1248 1767 1325 Ἰερου-

159 1333 339 1407 σαλὴμ
370 1332 756 1408 ἄνεγερθεῐσα,
789 1338 881 1392 καὶ
911 1339 1023 1392 τῶν
1048 1338 1238 1392 ποδῶν
1260 1340 1358 1393 τοῦ
1382 1342 1581 1408 κυρίου
1605 1360 1766 1393 κατα-

93 1445 134 1476 ιε,
158 1422 440 1494 ξιωθεῖσα,
465 1415 531 1475 οὐ
555 1417 727 1491 μόνον
751 1422 1045 1477 κατέναντί
1066 1422 1214 1477 ἐστιν
1228 1418 1602 1493 Ἰερουσαλὴμ,
1627 1418 1767 1477 ἀλλὰ

158 1504 249 1558 καὶ
283 1506 335 1569 ἐξ
366 1499 652 1560 ἀνατολῶν
690 1499 888 1575 αὐτῆς,
920 1506 1316 1575 προσλαβοῦσα
1345 1504 1440 1570 τὰς
1465 1501 1637 1575 αὐγὰς
1667 1507 1769 1560 τοῦ

156 1589 251 1657 τῆς
280 1592 602 1658 θεοσεβείας
633 1586 842 1659 φωτὸς,
886 1588 978 1643 καὶ
1009 1585 1150 1643 πολὺ
1180 1589 1418 1660 προτέρα
1447 1590 1542 1658 τῆς
1564 1583 1768 1660 Ἰερου-

157 1669 337 1742 σαλὴμ
366 1672 665 1743 γενομένη,
697 1669 851 1746 αὐτῷ
878 1694 937 1726 τε
967 1669 1317 1742 πλησιάσασα
1339 1674 1416 1747 τῷ
1437 1674 1531 1743 τῆς
1562 1677 1766 1728 δικαιο-
1789 1707 1806 1729 e

157 1752 330 1824 σύνης
360 1752 530 1829 ἡλίῳ,
571 1757 699 1826 περὶ
730 1747 798 1810 οὗ
828 1756 1075 1810 λέλεκται
1098 1753 1250 1821 “τοῖς
1294 1755 1356 1811 δὲ
1395 1758 1765 1828 φοβουμένοις

90 1864 135 1895 20
157 1861 224 1909 με
255 1834 514 1894 ἆνατελεῖ
539 1834 691 1909 ἥλιος
723 1834 1137 1910 δικαιοσύνης.”

284 1926 367 1978 27.
401 1927 476 1978 Εἰ
503 1922 564 1978 δὲ
594 1923 742 1994 λέγοι
772 1921 832 1979 τὸ
864 1925 984 1994 ἑξῆς
1013 1919 1097 1978 ὅτι
1118 1917 1521 1994 “σχισθη’σεται
1550 1921 1607 1978 τό
1641 1919 1766 1995 ὅρος

157 2008 270 2061 τῶν
301 2007 528 2077 ἐλαιῶν,
573 2005 632 2062 τὸ
665 2004 836 2078 ἥμισυ
866 2005 1039 2063 αὐτοῦ
1070 2004 1205 2078 πρὸς
1236 2004 1505 2072 ἀνατολὰς
1537 2008 1629 2062 καὶ
1658 2005 1768 2063 θά-

159 2096 398 2160 λασσαν,
432 2087 560 2161 χάος
589 2092 729 2162 μέγα
759 2089 1005 2163 σφόδρα,
1047 2091 1138 2146 καὶ
1170 2096 1351 2147 κλινεῖ
1376 2090 1435 2146 τὸ
1467 2086 1638 2163 ἥμισυ
1669 2088 1767 2146 αὖ·

157 2175 258 2228 τοῦ
280 2171 414 2246 πρὸς
437 2171 534 2230 τὸν
555 2176 784 2247 βορρᾶν,
809 2176 900 2231 καὶ
922 2172 982 2231 τὸ
1008 2171 1174 2246 ἥμισυ
1198 2171 1370 2231 αὐτοῦ
1391 2171 1526 2246 πρὸς
1550 2170 1766 2246 νότον,”

90 2281 137 2313 ‘25
162 2254 395 2312 δύναται
417 2257 519 2328 μὲν
542 2255 642 2329 τὴν
666 2257 797 2314 καθ’
824 2256 954 2329 ὅλης
981 2261 1076 2329 τῆς
1099 2253 1421 2331 ἀνθρώπων
1441 2260 1768 2330 οἰκουμένης

160 2338 470 2407 ἐξάπλωσιν
507 2346 602 2412 τῆς
644 2343 933 2413 ἐκκλησίας
974 2347 1298 2414 σημαίνειν,
1341 2344 1459 2398 ἐπεὶ
1498 2344 1590 2398 καὶ
1630 2338 1767 2397 ἄνα-

158 2421 319 2488 τολοὶς
369 2422 560 2496 ἡλίου,
615 2423 755 2481 αὐτοὶ
796 2447 856 2481 τε
905 2424 969 2482 τοὶ
1013 2427 1126 2501 ἑῷα
1156 2427 1247 2481 καὶ
1287 2421 1584 2482 ἀνατολικὰ
1625 2431 1766 2495 ἔθνη

159 2505 539 2580 πεπλήρωκεν,
572 2514 836 2565 διατείνει
862 2509 923 2565 δὲ
947 2511 1039 2565 καὶ
1065 2511 1154 2564 ἐπὶ
1176 2506 1278 2581 τὴν
1301 2507 1532 2579 δυτικὴν
1554 2505 1764 2564 θάλασ·
1791 2534 1813 2566 d

163 2606 268 2644 σαν
304 2587 400 2654 τάς
440 2607 499 2647 τε
543 2595 603 2648 ἐν
649 2591 791 2666 αὐτῇ
830 2592 1059 2664 νήσους·
1128 2588 1194 2647 οὐ
1233 2589 1344 2663 μὴν
1381 2587 1505 2646 ἀλλ’
1549 2596 1766 2663 ἔφθακε

96 2697 140 2728 3ο
163 2670 300 2727 κατά
329 2693 387 2728 τε
416 2670 579 2731 νότον
617 2677 707 2731 καὶ
739 2682 1115 2749 μεσημβρίαν,
1160 2672 1296 2731 κατά
1336 2697 1394 2730 τε
1424 2680 1636 2748 βορρᾶν
1675 2677 1768 2731 καὶ

279 2865 328 2901 12
361 2863 522 2903 Matth.
547 2866 587 2915 5,
611 2866 677 2904 14.
850 2866 900 2905 21
935 2865 1042 2906 Mal.
1065 2866 1106 2914 4,
1130 2867 1171 2909 2.
