1992 3186
261 131 364 184 352
942 128 1188 169 EUSEssn

261 246 361 320 τὴν
392 250 588 318 κλῆσιν
620 248 730 302 τῶν
756 247 940 301 ἐθνῶν
973 248 1330 314 προθεσπίζει
1363 242 1433 300 δι’
1465 237 1543 301 ῶν
1566 262 1705 317 φησι
1727 241 1869 318 “455-

263 337 362 388 σαί
386 354 453 404 με
486 333 537 397 ἐξ
569 328 896 400 ἀντιλογιῶν
926 332 1083 400 λαοῦ,
1116 326 1471 400 καταστήσεις
1495 353 1562 402 με
1586 335 1663 396 εἰς
1693 353 1868 402 κεφα-

263 415 360 482 λὰς
401 418 601 471 ε’θνῶν.
673 412 802 479 λαὸς
840 409 907 469 ὃν
946 409 1049 468 οὐκ
1090 417 1268 483 ἔγνων
1299 411 1602 470 ἐδούλευσέ
1625 437 1743 486 μοι,
1790 419 1868 478 εἰς

263 496 434 570 ἀκοὴν
466 495 632 553 ῶτίου
663 492 952 568 ὑπήκουσέ
976 519 1087 568 μοι,
1111 489 1231 552 ιυἱοὶ
1263 494 1538 572 ἀλλότριοι
1565 496 1869 566 ἐψεύσαντό

262 607 381 656 μοι,
413 583 527 638 υἱοὶ
556 577 834 655 ἀλλότριοι
865 578 1293 652 ἐπαλαιῶθησαν
1323 583 1414 638 καὶ
1447 579 1729 654 ε’χῶλαναν
1760 579 1868 638 ἀπὸ
1891 604 1910 636 5

262 670 372 723 τῶν
401 671 611 738 τρίβων
642 662 885 722 αὑτῶν.”

398 754 581 806 Ταῦτα
616 750 676 806 δὲ
705 744 898 815 ὁποίας
931 753 1177 814 διανοίας
1209 754 1386 820 ἔχεται
1412 747 1549 805 κατὰ
1578 747 1675 806 τὸν
1704 767 1869 823 προσ·

261 832 466 907 η’κοντα
497 833 691 907 καιρὸν
724 831 1162 905 ἐξετασθήσεται.

150 1083 240 1124 (259)
882 1060 1116 1129 Ψαλμοῦ
1146 1079 1217 1128 μς
1228 1054 1255 1112 ’.

391 1170 451 1226 ΙΙ.
485 1166 719 1226 “Πάντα
749 1165 815 1224 τά
846 1173 986 1240 ἔθνη
1011 1165 1310 1240 κροτήσατε
1335 1179 1536 1241 χεῖρας,
1569 1166 1871 1236 ἀλαλάξατε
1895 1193 1935 1224 10

219 1278 240 1311 b
264 1257 340 1331 τῷ
378 1259 495 1330 θεῶ
541 1255 600 1310 ἐν
640 1258 802 1326 φωνῇ
834 1248 1236 1324 ἀγαλλιάσεως,
1279 1248 1362 1308 ὅτι
1403 1251 1591 1324 κύριος
1621 1250 1872 1326 ὕψιστος,

154 1362 240 1404 1161]
267 1335 532 1414 φοβερὸς,
579 1334 838 1408 βασιλεὺς
878 1338 1045 1408 μέγας
1088 1338 1175 1391 ἐπὶ
1215 1337 1400 1393 πᾶσαν
1428 1333 1531 1408 τὴν
1559 1339 1680 1408 γῆν.
1742 1335 1874 1394 ὑπέ-

263 1426 388 1490 ταξε
433 1419 599 1488 λαούς
649 1417 782 1493 ἡμῖν
833 1421 926 1475 καὶ
967 1426 1108 1492 ἔθνη
1148 1417 1258 1476 ὑπὸ
1306 1417 1432 1486 τούς
1484 1418 1658 1486 πόδας
1698 1417 1870 1494 ἡμῶν.

266 1509 540 1573 ἐξελέξατο
564 1503 699 1578 ἡμῖν
722 1503 824 1576 τὴν
848 1509 1221 1579 κληρονομίαν
1245 1506 1442 1581 ἑαυτῶ,
1473 1503 1574 1576 τὴν
1598 1503 1875 1577 καλλονὴν

255 1588 475 1662 Ἰακῶβ,
517 1586 587 1661 ἣν
627 1587 929 1661 ἠγάπησεν.
1002 1584 1174 1660 ἀνέβη
1215 1583 1243 1644 ὁ
1284 1588 1414 1654 θεὸς
1457 1592 1517 1645 ἐν
1557 1586 1874 1666 ἀλαλαγμῷ,
1899 1610 1939 1643 15

265 1673 453 1747 κύριος
487 1676 546 1730 ἐν
584 1675 748 1746 φωνῇ
788 1670 1103 1744 σάλπιγγος.
1175 1670 1385 1740 ψάλατε
1422 1677 1498 1749 τῶ
1539 1678 1656 1749 θεῷ
1696 1672 1873 1746 ἡμῶν,

265 1757 502 1830 ψάλατε,
534 1755 743 1825 ψάλατε
771 1759 850 1832 τῷ
877 1762 1100 1828 βασιλεῖ
1127 1752 1312 1829 ἡμῶν,
1344 1754 1581 1829 ψάλατε,
1613 1753 1695 1813 ὅτι
1717 1763 1873 1828 βασι-

266 1841 393 1909 λεὺς
433 1840 610 1914 πάσης
651 1846 746 1912 τῆς
785 1843 884 1911 γῆς
914 1835 942 1896 ὁ
974 1838 1135 1910 θεὸς,
1177 1838 1386 1908 ψάλατε
1425 1843 1693 1905 συνετῶς·
1743 1843 1870 1913 ε’βα-

267 1932 525 1983 σίλευσεν
566 1923 593 1981 ὁ
633 1922 766 1989 θεὸς
810 1925 898 1979 ἐπὶ
936 1922 1003 1979 τὰ
1045 1929 1198 1994 ἔθνη.
1281 1918 1310 1978 ὁ
1340 1921 1470 1989 θεὸς
1514 1922 1751 1997 κάθηται
1785 1927 1873 1982 ἐπὶ

265 2008 481 2082 θρόνου
522 2004 685 2080 ἀγίου
741 2005 929 2062 αὑτοῦ.
1005 2003 1267 2079 ἄρχοντες
1313 2012 1465 2064 λαῶν
1506 2006 1872 2082 συνήχθησαν
1894 2032 1936 2063 20

225 2127 242 2150 c
265 2091 399 2165 μετὰ
428 2094 524 2148 τοῦ
555 2094 694 2147 θεοῦ
717 2087 991 2163 Ἀβραὰμ,
1023 2086 1105 2146 ὅτι
1134 2094 1229 2147 τοῦ
1254 2095 1395 2148 θεοῦ
1419 2097 1476 2148 οί
1501 2095 1748 2166 κραταιοὶ
1778 2096 1873 2165 τῆς

267 2180 366 2249 γῆς
398 2173 616 2248 σφόδρα
650 2172 975 2248 ἐπήρθησαν
999 2169 1026 2190 ”

392 2264 440 2315 2.
483 2259 595 2316 Καὶ
633 2262 690 2314 τί
727 2259 915 2330 ἕτερον
946 2255 1203 2329 βούλεται
1235 2265 1526 2331 σημαίνειν
1556 2254 1589 2330 ἡ
1624 2258 1716 2314 διὰ
1744 2257 1874 2316 τού-

267 2367 378 2400 των
420 2342 731 2415 δηλουμένη
772 2347 970 2414 κυρίου
1014 2346 1111 2397 τοῦ
1150 2344 1294 2398 θεοῦ
1333 2339 1530 2407 ἄνοδος
1571 2338 1736 2414 ἢτὴν
1766 2341 1872 2414 πρὸ

268 2430 361 2500 τῆς
384 2424 592 2484 ἀνόδου
616 2424 865 2483 κάθοδον
889 2422 1078 2496 αὐτοῦ,
1113 2423 1198 2497 ἐφ’
1234 2416 1273 2499 ᾗ
1294 2423 1460 2482 πάλιν
1480 2424 1513 2497 ἡ
1544 2431 1654 2483 τῶν
1688 2429 1873 2483 ἐθνῶν
1894 2450 1936 2484 25

267 2507 529 2568 ἁπάντων
567 2514 758 2581 κλῆσις
787 2514 1134 2580 θεσπίζεται,
1176 2511 1345 2582 χαράς
1383 2533 1443 2565 τε
1473 2511 1563 2567 καὶ
1596 2507 1871 2584 εὐφροσύ-

270 2619 366 2667 νης
397 2608 595 2668 σημεῖα
627 2595 717 2650 ἐπὶ
747 2596 812 2668 τῇ
842 2591 1118 2667 μελλούσῃ
1148 2599 1465 2669 θεογνωσία
1501 2608 1614 2662 τοῖς
1645 2601 1873 2652 ἔθνεσιν

269 2675 474 2735 ἅπασιν
518 2675 946 2750 εὐαγγελίζεται,
1000 2675 1089 2734 ὅτε
1140 2675 1328 2751 κύριος
1370 2676 1531 2744 αὐτὸς
1569 2674 1598 2735 ὁ
1644 2675 1873 2748 υψιστος

267 2761 432 2834 μόνος
462 2760 594 2828 θεὸς
624 2764 717 2818 καὶ
746 2760 1005 2833 βασιλευς
1021 2756 1234 2834 ἀπάσης
1257 2765 1353 2834 τῆς
1381 2767 1480 2835 γῆς
1510 2757 1872 2836 ομολογηθεὶς

268 2843 560 2911 ὑποτάξειν
599 2844 764 2911 λαοὺς
794 2844 926 2919 ημῖν
957 2848 1230 2916 λέλεκται;
1276 2849 1324 2902 3.
1358 2842 1491 2919 ημῖν
1533 2847 1592 2904 δε
1622 2851 1796 2916 τίσιν;
1835 2870 1868 2918 η
