1992 3186
238 149 343 202 350
916 142 1175 190 EUSEBII'

190 291 213 323 b
238 269 379 323 θεοῦ
424 262 802 338 πρωτότοκον,
855 266 1132 336 μονογενῆ
1167 287 1226 321 τε
1264 262 1420 336 υἱὸν,
1472 265 1563 320 καὶ
1604 262 1742 322 θεὸν
1784 268 1846 321 ἐκ

237 352 406 420 θεοῦ,
437 347 677 422 μεγάλης
706 370 766 404 τε
795 351 1001 419 βουλῆς
1031 345 1293 421 ἄγγελον,
1325 350 1417 405 καὶ
1446 351 1559 405 τῶν
1589 345 1712 405 κατ’
1745 346 1845 405 οῦ-

238 432 411 507 ρανὸν
440 435 713 504 στρατιῶν
743 428 1010 505 ἄρχοντα,
1043 434 1136 488 καὶ
1164 435 1262 489 τοῦ
1302 430 1506 502 πατρὸς
1537 427 1842 507 ὑπουργὸν,

237 519 329 574 ναὶ
368 514 477 588 μὴν
519 518 610 572 καὶ
650 513 848 587 κύριον
887 519 1000 574 τῶν
1038 513 1214 588 ὅλων,
1254 519 1346 573 καὶ
1384 521 1525 573 θεοῦ
1555 515 1721 588 λόγον
1751 518 1843 573 καὶ

235 603 376 658 θεοῦ
400 598 659 673 δύναμιν,
690 605 748 656 οἱ
763 610 912 657 θεῖοι
935 598 1316 674 προηγόρευον
1336 598 1507 672 λόγοι,
1541 606 1593 657 εἰ
1609 613 1843 672 φανεῖεν
1863 627 1886 661 5

124 708 210 750 [160]
238 679 326 741 ἐπὶ
365 690 463 741 τοῦ
509 682 780 757 παρόντος
810 689 873 740 αἱ
897 686 1242 759 προφητικαὶ·
1270 689 1569 758 μαρτυρίαι
1597 681 1735 742 θεὸν
1766 690 1843 751 εἰς

234 765 570 841 ἀνθρώπους
627 766 928 840 ἀφίξεσθαι
985 769 1255 841 μέλλοντα
1314 769 1841 842 προαναφωνοῦσαι,

234 858 407 910 παντί
431 876 506 928 τςο
541 855 712 924 δῆλον
744 854 832 909 ἐπὶ
876 859 1000 910 τίνα
1030 850 1132 926 χρὴ
1163 850 1264 925 τὴν
1293 849 1585 925 ἀναφορὰν
1613 856 1712 909 τοῦ
1743 870 1845 924 ση-

232 937 571 1009 μαινομένου
601 947 914 1009 ποιεῖσθαι,
945 933 1300 1010 ὅτεμάλιστα
1333 936 1423 993 διὰ
1452 942 1564 993 τῶν
1592 934 1843 1010 πρόσθεν

234 1024 295 1078 ἐν
317 1018 624 1095 ἀνθρώπου
635 1025 822 1096 μορφῇ
843 1023 935 1078 καὶ
955 1020 1190 1094 σχήματι
1200 1035 1314 1088 τοῖς
1326 1019 1469 1094 ἀμφὶ
1483 1019 1580 1077 τὸν
1596 1019 1841 1095 Ἀβραὰμ
1863 1050 1906 1082 10

191 1138 208 1160 e
232 1107 558 1177 θεοφιλέσιν
603 1103 633 1161 ὁ
681 1103 813 1172 θεὸς
861 1104 1022 1177 λόγος
1072 1103 1158 1161 ἐπ’
1200 1103 1467 1178 ὀνόματος
1508 1111 1709 1179 κυρίου
1748 1106 1841 1161 καὶ

231 1191 373 1245 θεοῦ
410 1191 627 1262 πέφηνε
663 1186 760 1255 τάς
805 1195 883 1255 εἰς
923 1187 1259 1261 ἀνθρώπους
1303 1187 1570 1254 ὀπτασίας
1609 1210 1842 1260 πεποιη-

231 1275 409 1345 μένος,
488 1277 537 1329 2.
581 1273 716 1346 φέρε
755 1268 858 1330 οῦν
898 1278 1106 1345 ἴδωμεν
1146 1269 1294 1339 ὅπως
1334 1273 1466 1330 ποτὲ
1495 1273 1596 1345 μὲν
1625 1270 1839 1347 κύριον,

231 1356 360 1413 ποτὲ
393 1356 455 1413 δὲ
485 1354 623 1413 θεὸν
653 1355 1069 1429 καταβήσεσθαι
1089 1362 1166 1423 εἰς
1189 1354 1526 1429 ἀνθρώπους
1557 1357 1648 1413 καὶ
1671 1354 1840 1412 πάλιν

231 1437 617 1512 ἀναβήσεσθαι
662 1444 908 1513 ἐναργῶς
950 1437 1128 1506 οὕτως
1171 1455 1570 1514 προαναφωνεῖ
1605 1437 1671 1496 τά
1701 1438 1830 1514 παρ’
1861 1469 1902 1501 15

220 1522 495 1598 Ἑβραίοις
526 1523 714 1596 λόγια,
749 1527 842 1582 καὶ
870 1524 966 1591 τάς
995 1549 1058 1597 γε
1090 1530 1269 1591 αἰτίας
1299 1528 1394 1598 τῆς
1424 1523 1702 1582 καθόδου·
1745 1543 1839 1597 ση-

227 1606 438 1682 μειώσῃ
473 1606 524 1664 δ’
563 1604 635 1675 ως
665 1607 788 1666 τινά
817 1609 920 1682 μὲν
951 1617 1163 1681 εἴρηται
1195 1606 1271 1666 δι’
1305 1607 1671 1682 αἰνιγμάτων,
1713 1608 1839 1666 τινά

230 1693 292 1749 δὲ
322 1690 728 1768 φανερώτερον.
790 1697 838 1750 3.
871 1692 938 1750 τὰ
955 1693 1059 1766 μὲν
1079 1686 1182 1752 οῦν
1205 1689 1283 1750 δι’
1309 1691 1654 1768 ἐπικρύψεως
1670 1689 1837 1764 ἠγοῦ-

227 1800 325 1849 μαι
363 1779 475 1834 τῶν
517 1780 576 1834 ἐκ
620 1783 914 1851 περιτομῆς
958 1780 1120 1834 ἕνεκα
1168 1781 1594 1850 κεκαλυμμένως
1633 1773 1835 1833 ἀποδε-

180 1884 202 1914 a
230 1859 458 1933 δόσθαι,
502 1860 594 1917 διὰ
622 1860 689 1918 τὰ
717 1860 1087 1933 θεσπιζόμενα
1126 1859 1244 1917 κατ’
1281 1858 1466 1918 αὐτῶν
1496 1858 1831 1934 σκυθρωπά·
1857 1888 1899 1920 20

231 1943 303 2000 δι’
340 1943 479 2018 άπερ
514 1943 659 2011 εἰκὸς
697 1946 768 2016 ἡν
798 1946 889 2000 καὶ
920 1943 1191 2049 ἀφανίσαι
1231 1941 1433 2009 αὐτους
1462 1941 1564 2015 τὴν
1594 1942 1833 2018 γραφὴν,

230 2033 278 2083 εἰ
322 2032 381 2084 ἐκ
426 2031 526 2084 τοῦ
563 2031 885 2100 προφανοῦς
925 2027 1029 2099 τὴν
1062 2025 1294 2100 ἐσχάτην
1335 2026 1521 2084 αὐτῶν
1551 2025 1835 2100 ἀποβολὴν

229 2109 549 2183 ἐσήμαινεν·
607 2107 782 2176 οὕτως
820 2115 957 2182 γοῦν
1003 2113 1095 2167 καὶ
1144 2125 1258 2178 τοῖς
1294 2110 1603 2218 προφήταις
1646 2109 1834 2177 αὐτοῖς

229 2195 620 2266 ἐπιβουλεῦσαι
645 2191 844 2260 αὐτοὺς
867 2196 1080 2267 κατέχει
1103 2192 1282 2266 λόγος,
1317 2191 1396 2251 δι’
1423 2192 1520 2261 οῦς
1547 2198 1831 2253 ἐποιοῦντο

227 2277 351 2335 κατ’
394 2277 578 2334 αὐτῶν
620 2281 890 2351 ἐλέγχους.
960 2282 1009 2334 4.
1053 2283 1115 2334 αἱ
1152 2280 1213 2334 δὲ
1253 2293 1449 2350 σαφεῖς
1500 2294 1830 2351 προφητεῖαι
1853 2303 1894 2335 25

225 2359 327 2433 τὴν
366 2367 478 2419 τῶν
521 2364 706 2419 ἐθνῶν
750 2365 945 2434 κλῆσιν
985 2360 1284 2418 λευκότατα
1324 2362 1668 2435 περιέχουσι,
1719 2366 1831 2419 τῶν

227 2444 346 2502 κατ’
394 2443 682 2518 εὐσέβειαν
723 2443 956 2517 ἀγαθῶν
994 2443 1089 2511 τάς
1130 2448 1454 2517 ἐπαγγελίας
1495 2442 1560 2502 οῦ
1599 2451 1675 2521 τῷ
1701 2441 1828 2503 'Iov-

229 2535 403 2587 δαίων
434 2537 618 2603 ἔθνει,
651 2534 785 2587 πᾶσι
817 2531 877 2587 δὲ
907 2526 1226 2603 ἀνθρώποις
1255 2543 1369 2595 τοῖς
1409 2527 1539 2586 καθ’
1575 2525 1703 2601 ὅλης
1734 2533 1830 2601 τῆς

226 2617 551 2687 οἰκουμένης
581 2617 1065 2687 καταγγέλλουσαι.
1129 2604 1208 2669 ών
1239 2611 1413 2679 οὕτως
1447 2611 1685 2686 ἐχόντων
1714 2637 1830 2669 και-

226 2695 319 2768 ρὸς
350 2696 457 2771 ἤδη
489 2700 580 2755 καὶ
610 2702 722 2756 τῶν
752 2706 928 2757 θείων
961 2701 1262 2755 ἐπακοῦσαι
1292 2703 1510 2769 λογίων.
1847 2722 1888 2753 30
