1992 3186
285 142 388 194 290
954 143 1203 185 EUSEBII

284 276 455 332 εῖχεν’
524 263 607 317 23.
672 265 720 315 εί
765 257 815 315 δ’
863 250 966 316 οῦν
1008 283 1087 325 τις
1128 258 1229 332 τὴν
1267 264 1452 317 πᾶσαν
1493 259 1758 333 περιοχὴν
1799 262 1894 334 τῆς

281 346 532 408 Μωσέως
575 346 790 415 γραφῆς
833 344 924 399 καὶ
967 346 1078 400 τῶν
1117 342 1234 416 μετ’
1282 342 1452 401 αὐτὸν
1494 341 1735 417 ἀκριβῶς
1781 350 1894 403 διε-

283 426 634 499 ρευνήσειεν,
692 423 845 499 εῦροι
897 423 967 484 ἂν
1015 426 1333 500 προτροπὴν
1385 431 1475 484 καὶ
1526 434 1894 486 διδασκαλίαν

283 509 568 583 εὐσεβείας
599 515 695 583 τῆς
728 517 805 578 εἰς
836 510 932 568 τὸν
962 514 1073 569 τῶν
1112 510 1258 569 ὅλων
1298 511 1434 570 θεὸν
1476 511 1647 570 αὐτὸν
1689 513 1756 586 δὴ
1797 512 1893 571 τὸν

283 595 622 668 δημιουργὸν
672 593 935 653 ἁπάντων
985 601 1379 669 περιέχουσαν,
1432 599 1643 668 γνῶσίν
1686 621 1746 654 τε
1799 599 1935 655 καὶὸ

278 687 579 751 θεολογίαν
610 679 712 752 τὴν
745 677 1006 738 ἀνωτάτω
1037 685 1134 737 τοῦ
1169 683 1433 753 δευτέρου
1465 686 1673 753 αἰτίου,
1715 681 1891 755 πάσης

173 771 266 813 (²08)
283 765 341 821 δὲ
373 767 658 822 πολυθέου
683 763 896 837 πλάνης
921 761 1259 837 ἀποτροπὴν,
1294 764 1409 821 εἶτα
1432 768 1544 822 τῶν
1568 764 1736 822 πάλαι
1759 776 1890 824 θεο-

277 853 458 921 φιλῶν
499 846 726 921 ἀνδρῶν
765 854 876 906 τῶν
922 849 990 920 δὴ
1031 851 1122 906 καὶ
1163 848 1567 923 ἀπαρξαμένων
1608 853 1702 922 τῆς
1741 856 1890 922 εἰρη-

277 935 444 1006 μένης
478 931 765 1035 εὐσεβείας
795 932 1036 1007 μνήμην,
1071 932 1401 1008 προρρήσεις
1432 957 1489 990 τε
1535 936 1625 991 καὶ
1658 933 1889 1007 ἀναφω-

277 1017 463 1090 νήσεις
496 1042 632 1075 κατα
663 1017 760 1075 τὸν
793 1021 1025 1077 ἐκείνων
1055 1025 1181 1090 βίον
1221 1017 1476 1091 ὑστέροις
1511 1020 1641 1075 ποτε
1671 1019 1888 1093 χρόνοις
1914 1040 1953 1071 10

275 1101 594 1175 μελλόντων
624 1101 952 1174 βιώσεσθαι,
987 1099 1063 1159 δι’
1099 1106 1425 1175 ἐπιφανείας
1457 1105 1548 1159 καὶ
1581 1110 1887 1176 παρουσίας

278 1193 353 1252 εἰς
385 1183 722 1258 ἀνθρώπους
753 1191 923 1258 θεοῦ,
957 1184 1130 1244 αὐτοῦ
1163 1187 1231 1259 δὴ
1255 1190 1354 1244 τοῦ
1389 1190 1654 1259 δευτέρου
1689 1195 1887 1260 κυρίου

276 1273 365 1327 καὶ
397 1275 536 1328 θεοῦ
577 1271 711 1344 μετὰ
742 1268 836 1327 τὸν
867 1268 1128 1328 άνωτάτω
1160 1274 1367 1343 πατέρα
1407 1273 1499 1327 καὶ
1543 1268 1719 1328 αὐτοῦ
1759 1295 1886 1345 χρη-

272 1362 584 1427 ματίζοντος
618 1353 957 1412 διδασκάλου
987 1358 1082 1427 τῆς
1105 1354 1275 1427 αὐτῆς
1310 1353 1624 1428 εὐσεβείας,
1657 1358 1748 1412 καὶ
1782 1375 1886 1412 σω-

276 1443 437 1512 τῆρος
481 1443 964 1512 ἐπιφανησομένου
1003 1445 1079 1515 τῷ
1119 1444 1231 1496 τῶν
1273 1438 1592 1549 ἀνθρώπων
1624 1446 1759 1517 βίω,
1805 1439 1879 1496 δι’
1907 1458 1948 1490 15

225 1542 243 1573 b
273 1515 343 1580 οῦ
373 1527 507 1580 πᾶσι
538 1537 650 1590 τοις
683 1530 938 1596 ἔθνεσιν,
969 1523 1232 1596 Ἑλλησιν
1271 1519 1409 1596 ομοῦ
1439 1527 1529 1581 καὶ
1563 1523 1882 1598 βαρβάροις,

273 1607 584 1682 προύλεγον
615 1606 712 1665 τὸν
741 1614 837 1681 τῆς
869 1615 1193 1680 θεοσεβείας
1235 1633 1346 1665 των
1388 1607 1557 1665 πάλαι
1599 1615 1885 1682 θεοφιλῶν

265 1688 539 1765 Ἐβραίων
568 1691 774 1763 τρόπον
816 1692 1333 1766 παραδοθήσεσθαι.
1402 1697 1485 1749 24.
1533 1697 1704 1750 ταῦτα
1742 1701 1883 1750 Μω-

273 1780 391 1848 σῆς,
424 1781 596 1833 ταῦτα
636 1778 696 1833 δε
727 1779 819 1834 καὶ
849 1801 960 1834 των
992 1780 1202 1834 λοιπων
1235 1799 1538 1876 προφητων
1569 1781 1795 1847 παῖδες,
1831 1784 1887 1834 οἳ

273 1861 474 1928 πάντες
519 1865 571 1928 ἐξ
616 1859 738 1928 ενός
781 1860 1045 1933 στόματος
1090 1859 1523 1932 προεκήρυττον·
1594 1864 1685 1916 και
1725 1859 1876 1918 τοῦτ’
1903 1880 1944 1912 20

272 1946 339 2017 ἠν
370 1945 428 2001 τὸ
459 1949 553 2017 τῆς
586 1951 663 2010 εἰς
694 1943 1032 2015 ἆνθρωπους
1073 1946 1171 2000 τοῦ
1209 1950 1373 2001 θείου
1414 1942 1727 2017 πνεύματος
1761 1948 1874 2002 ἐπι·

272 2032 445 2099 φορᾶς
488 2038 691 2099 αἰτιον,
748 2026 964 2095 διδάξαι
1003 2033 1357 2099 θεογνωσίαν
1403 2025 1740 2101 ἀνθρώπους
1784 2031 1877 2086 καὶ

271 2110 373 2183 τὴν
405 2109 666 2168 ἀνωτάτω
699 2114 824 2182 περὶ
865 2110 1068 2184 πατρὸς
1111 2114 1201 2168 καὶ
1237 2118 1363 2169 υἱοῦ
1395 2118 1720 2185 θεολογίαν,
1754 2134 1876 2170 παι-

273 2199 474 2252 δεῦσαί
510 2219 568 2252 τε
607 2194 812 2267 τρόπον
863 2194 1109 2268 ἀληθοῦς
1167 2195 1481 2268 εὐσεβείας,
1528 2199 1619 2253 καὶ
1671 2221 1876 2270 μνημο-

273 2286 468 2336 νεῦσαι
486 2286 596 2337 τῶν
613 2278 778 2336 πάλαι
806 2278 1274 2351 κατωρθωκότων,
1301 2283 1391 2337 καὶ
1414 2285 1526 2338 τῶν
1549 2279 1683 2354 μετὰ
1706 2287 1875 2338 ταῦτα
1899 2299 1940 2332 25

271 2369 364 2436 τῆς
396 2369 506 2421 τῶν
538 2363 830 2436 προγόνων
873 2361 1158 2436 εὐσεβείας
1205 2364 1652 2435 ἐκπεπτωκότων,
1693 2363 1789 2421 τόν
1819 2388 1877 2421 τε

229 2483 243 2503 c
271 2448 406 2506 κατὰ
446 2447 659 2506 τούτων
701 2455 926 2522 ἔλεγχον
967 2449 1058 2505 διὰ
1107 2453 1334 2522 μακρῶν
1387 2453 1621 2521 έκφᾶναι
1674 2447 1873 2520 λόγων,

270 2540 534 2591 θεσπίσαι
575 2558 632 2591 τε
672 2531 773 2605 τὴν
814 2539 1126 2604 παρουσίαν
1166 2536 1266 2590 τοῦ
1305 2537 1548 2605 σωτῆρος
1588 2535 1678 2588 καὶ
1723 2537 1873 2589 διδα-

272 2617 477 2674 σκάλου
517 2622 615 2674 τοῦ
656 2615 858 2682 παντὸς
898 2615 1217 2689 ἀνθρώπων
1259 2640 1483 2689 γενους,
1525 2620 1615 2673 καὶ
1657 2617 1757 2690 τὴν
1796 2615 1866 2672 δι’

272 2726 439 2758 αυτου
481 2705 574 2773 τῆς
617 2706 849 2768 παλαιᾶς
896 2697 1165 2774 Εβραίων
1206 2707 1528 2772 θεοσεβείας
1577 2706 1653 2765 εἰς
1693 2699 1872 2757 πάντα
1897 2718 1938 2750 30

270 2809 334 2840 τα
369 2791 505 2857 ἐθνη
538 2784 833 2857 μετάδοσιν
879 2788 1233 2859 προκηρῦξαι.

397 2873 454 2923 Ξῖ
446 2890 464 2914 ³
539 2873 722 2926 Ταῦτα
758 2871 827 2941 ἠν
859 2894 923 2926 τα
962 2873 1011 2937 ἐξ
1049 2874 1247 2937 αἰῶνος
1282 2868 1504 2941 στήλαις
1541 2870 1629 2925 καὶ
1656 2874 1869 2939 βίβλοις
