<?xml version="1.0" encoding="UTF-8"?>
<!DOCTYPE html PUBLIC "-//W3C//DTD XHTML 1.0 Transitional//EN"
    "http://www.w3.org/TR/xhtml1/DTD/xhtml1-transitional.dtd">
<html xmlns="http://www.w3.org/1999/xhtml" xml:lang="en" lang="en">
 <head>
  <title>
</title>
<meta http-equiv="Content-Type" content="text/html;charset=utf-8" />
  <meta name='ocr-system' content='tesseract 3.04.00' />
  <meta name='ocr-capabilities' content='ocr_page ocr_carea ocr_par ocr_line ocrx_word'/>
</head>
<body>
  <div class='ocr_page' id='page_1' title='image "./operaeusebius03euseuoft_0677.png"; bbox 0 0 1992 3186; ppageno 0'>
   <div class='ocr_carea' id='block_1_1' title="bbox 558 93 1747 147">
    <p class='ocr_par' dir='ltr' id='par_1_1' title="bbox 558 93 1747 147">
     <span class='ocr_line' id='line_1_1' title="bbox 558 93 1747 147; baseline 0.011 -12"><span class='ocrx_word' id='word_1_1' title='bbox 558 93 869 136; x_wconf 81' lang='lat' dir='ltr'>DEMONST.</span> <span class='ocrx_word' id='word_1_2' title='bbox 901 93 1122 138; x_wconf 80' lang='lat' dir='ltr'>EVANG.</span> <span class='ocrx_word' id='word_1_3' title='bbox 1156 97 1211 137; x_wconf 85' lang='lat' dir='ltr'><em>x.</em></span> <span class='ocrx_word' id='word_1_4' title='bbox 1245 98 1285 138; x_wconf 84' lang='lat'><em>5.</em></span> <span class='ocrx_word' id='word_1_5' title='bbox 1317 98 1356 138; x_wconf 89' lang='lat'><em>6.</em></span> <span class='ocrx_word' id='word_1_6' title='bbox 1644 95 1747 147; x_wconf 81' lang='lat'><em>653</em></span> 
     </span>
    </p>
   </div>
   <div class='ocr_carea' id='block_1_2' title="bbox 137 208 1748 538">
    <p class='ocr_par' dir='ltr' id='par_1_2' title="bbox 137 208 1748 538">
     <span class='ocr_line' id='line_1_2' title="bbox 137 208 1748 286; baseline 0 -17"><span class='ocrx_word' id='word_1_7' title='bbox 137 235 229 278; x_wconf 88' lang='grc' dir='ltr'><em>τος</em></span> <span class='ocrx_word' id='word_1_8' title='bbox 258 208 356 268; x_wconf 80' lang='grc' dir='ltr'><em>τὸν</em></span> <span class='ocrx_word' id='word_1_9' title='bbox 385 212 606 285; x_wconf 82' lang='grc' dir='ltr'><em>σωτῆρα</em></span> <span class='ocrx_word' id='word_1_10' title='bbox 637 212 728 268; x_wconf 88' lang='grc' dir='ltr'><em>καὶ</em></span> <span class='ocrx_word' id='word_1_11' title='bbox 751 209 947 285; x_wconf 80' lang='grc' dir='ltr'><em>κύριον</em></span> <span class='ocrx_word' id='word_1_12' title='bbox 970 210 1127 286; x_wconf 77' lang='grc' dir='ltr'><em>ἡμῶν</em></span> <span class='ocrx_word' id='word_1_13' title='bbox 1146 214 1260 270; x_wconf 78' lang='grc' dir='ltr'><em>’τῶν</em></span> <span class='ocrx_word' id='word_1_14' title='bbox 1281 235 1340 269; x_wconf 88' lang='grc' dir='ltr'><em>τε</em></span> <span class='ocrx_word' id='word_1_15' title='bbox 1362 208 1542 277; x_wconf 73' lang='grc' dir='ltr'><em>ἄλλως</em></span> <span class='ocrx_word' id='word_1_16' title='bbox 1568 213 1748 284; x_wconf 85' lang='grc' dir='ltr'><em>ἐπιβε-</em></span> 
     </span>
     <span class='ocr_line' id='line_1_3' title="bbox 140 292 1748 373; baseline 0 -20"><span class='ocrx_word' id='word_1_17' title='bbox 140 293 532 368; x_wconf 85' lang='grc' dir='ltr'><em>βουλευκότων</em></span> <span class='ocrx_word' id='word_1_18' title='bbox 563 292 715 373; x_wconf 76' lang='grc' dir='ltr'><em>αὐτῷ</em></span> <span class='ocrx_word' id='word_1_19' title='bbox 737 299 1358 371; x_wconf 85' lang='grc' dir='ltr'><em>προαναφωνηθέντων,</em></span> <span class='ocrx_word' id='word_1_20' title='bbox 1390 295 1577 368; x_wconf 86' lang='grc' dir='ltr'><em>καιρὸς</em></span> <span class='ocrx_word' id='word_1_21' title='bbox 1604 301 1748 353; x_wconf 84' lang='grc' dir='ltr'><em>ἰδεῖν</em></span> 
     </span>
     <span class='ocr_line' id='line_1_4' title="bbox 141 376 1748 473; baseline 0.001 -37"><span class='ocrx_word' id='word_1_22' title='bbox 141 382 234 437; x_wconf 82' lang='grc' dir='ltr'><em>καὶ</em></span> <span class='ocrx_word' id='word_1_23' title='bbox 262 379 329 437; x_wconf 78' lang='grc' dir='ltr'><em>τὰ</em></span> <span class='ocrx_word' id='word_1_24' title='bbox 359 376 501 453; x_wconf 73' lang='grc' dir='ltr'><em>ἀμφὶ</em></span> <span class='ocrx_word' id='word_1_25' title='bbox 533 378 592 437; x_wconf 87' lang='grc' dir='ltr'>τό</span> <span class='ocrx_word' id='word_1_26' title='bbox 632 379 812 447; x_wconf 88' lang='grc' dir='ltr'><em>παθος</em></span> <span class='ocrx_word' id='word_1_27' title='bbox 843 378 1015 440; x_wconf 78' lang='grc' dir='ltr'><em>αὐτοῦ</em></span> <span class='ocrx_word' id='word_1_28' title='bbox 1045 385 1314 455; x_wconf 90' lang='grc' dir='ltr'><em>μέλλοντα</em></span> <span class='ocrx_word' id='word_1_29' title='bbox 1355 379 1748 473; x_wconf 82' lang='grc' dir='ltr'><em>συμβήσεσθαι</em></span> 
     </span>
     <span class='ocr_line' id='line_1_5' title="bbox 141 463 527 538; baseline 0 -16"><span class='ocrx_word' id='word_1_30' title='bbox 141 463 527 538; x_wconf 80' lang='grc' dir='ltr'><em>θεσπιζόμενα.</em></span> 
     </span>
    </p>
   </div>
   <div class='ocr_carea' id='block_1_3' title="bbox 0 688 1867 2735">
    <p class='ocr_par' dir='ltr' id='par_1_3' title="bbox 98 688 1185 765">
     <span class='ocr_line' id='line_1_6' title="bbox 98 688 1185 765; baseline 0.002 -19"><span class='ocrx_word' id='word_1_31' title='bbox 98 712 118 746; x_wconf 89' lang='lat'>5</span> <span class='ocrx_word' id='word_1_32' title='bbox 707 688 839 748; x_wconf 79' lang='grc' dir='ltr'><em>Ἀπὸ</em></span> <span class='ocrx_word' id='word_1_33' title='bbox 872 697 970 748; x_wconf 81' lang='grc' dir='ltr'><em>τοῦ</em></span> <span class='ocrx_word' id='word_1_34' title='bbox 995 688 1185 765; x_wconf 74' lang='grc' dir='ltr'><em>Ἀμώς.</em></span> 
     </span>
    </p>

    <p class='ocr_par' dir='ltr' id='par_1_4' title="bbox 141 798 1791 1131">
     <span class='ocr_line' id='line_1_7' title="bbox 266 798 1791 906; baseline 0 -47"><span class='ocrx_word' id='word_1_35' title='bbox 266 801 399 860; x_wconf 85' lang='lat' dir='ltr'><em>VI.</em></span> <span class='ocrx_word' id='word_1_36' title='bbox 405 798 648 875; x_wconf 62' lang='grc' dir='ltr'><em>“Ὀμνυέι</em></span> <span class='ocrx_word' id='word_1_37' title='bbox 672 801 858 877; x_wconf 82' lang='grc' dir='ltr'><em>κύριος</em></span> <span class='ocrx_word' id='word_1_38' title='bbox 883 801 1019 860; x_wconf 70' lang='grc' dir='ltr'><em>κατὰ</em></span> <span class='ocrx_word' id='word_1_39' title='bbox 1041 800 1447 906; x_wconf 76' lang='grc' dir='ltr'><em>ὑπερηφανίας</em></span> <span class='ocrx_word' id='word_1_40' title='bbox 1450 800 1665 876; x_wconf 73' lang='grc' dir='ltr'><em>Ἰακώβ,</em></span> <span class='ocrx_word' id='word_1_41' title='bbox 1699 808 1754 860; x_wconf 82' lang='grc' dir='ltr'><em>εἰ</em></span> <span class='ocrx_word' id='word_1_42' title='bbox 1773 837 1791 859; x_wconf 78' lang='lat' dir='ltr'>e</span> 
     </span>
     <span class='ocr_line' id='line_1_8' title="bbox 141 886 1749 962; baseline -0.001 -16"><span class='ocrx_word' id='word_1_43' title='bbox 141 886 573 962; x_wconf 84' lang='grc' dir='ltr'><em>ἐπιλησθήσεται</em></span> <span class='ocrx_word' id='word_1_44' title='bbox 613 893 690 954; x_wconf 83' lang='grc' dir='ltr'><em>εἰς</em></span> <span class='ocrx_word' id='word_1_45' title='bbox 730 902 881 954; x_wconf 77' lang='grc' dir='ltr'><em>νῖκος</em></span> <span class='ocrx_word' id='word_1_46' title='bbox 921 911 1100 946; x_wconf 91' lang='grc' dir='ltr'><em>παντα</em></span> <span class='ocrx_word' id='word_1_47' title='bbox 1140 913 1206 946; x_wconf 94' lang='grc' dir='ltr'><em>τα</em></span> <span class='ocrx_word' id='word_1_48' title='bbox 1248 896 1380 962; x_wconf 80' lang='grc' dir='ltr'><em>ἔργα</em></span> <span class='ocrx_word' id='word_1_49' title='bbox 1417 886 1603 961; x_wconf 78' lang='grc' dir='ltr'><em>ὑμῶν,</em></span> <span class='ocrx_word' id='word_1_50' title='bbox 1657 890 1749 944; x_wconf 83' lang='grc' dir='ltr'><em>καὶ</em></span> 
     </span>
     <span class='ocr_line' id='line_1_9' title="bbox 143 967 1746 1046; baseline -0.002 -15"><span class='ocrx_word' id='word_1_51' title='bbox 143 975 233 1031; x_wconf 84' lang='grc' dir='ltr'><em>ἐπὶ</em></span> <span class='ocrx_word' id='word_1_52' title='bbox 255 972 468 1040; x_wconf 81' lang='grc' dir='ltr'><strong><em>τούτοις</em></strong></span> <span class='ocrx_word' id='word_1_53' title='bbox 492 969 560 1029; x_wconf 80' lang='grc' dir='ltr'><em>οὐ</em></span> <span class='ocrx_word' id='word_1_54' title='bbox 583 971 992 1046; x_wconf 87' lang='grc' dir='ltr'><em>ταραχθήσεται</em></span> <span class='ocrx_word' id='word_1_55' title='bbox 1015 972 1047 1046; x_wconf 78' lang='grc' dir='ltr'>ἡ</span> <span class='ocrx_word' id='word_1_56' title='bbox 1071 977 1162 1046; x_wconf 88' lang='grc' dir='ltr'><em>γῆ,</em></span> <span class='ocrx_word' id='word_1_57' title='bbox 1189 976 1280 1030; x_wconf 84' lang='grc' dir='ltr'><em>καὶ</em></span> <span class='ocrx_word' id='word_1_58' title='bbox 1303 971 1575 1044; x_wconf 83' lang='grc' dir='ltr'><em>πενθήσει</em></span> <span class='ocrx_word' id='word_1_59' title='bbox 1598 978 1703 1038; x_wconf 83' lang='grc' dir='ltr'><em>πᾶς</em></span> <span class='ocrx_word' id='word_1_60' title='bbox 1718 967 1746 1028; x_wconf 85' lang='grc' dir='ltr'>ὁ</span> 
     </span>
     <span class='ocr_line' id='line_1_10' title="bbox 141 1053 1750 1131; baseline -0.001 -16"><span class='ocrx_word' id='word_1_61' title='bbox 141 1061 413 1116; x_wconf 79' lang='grc' dir='ltr'><em>κατοικῶν</em></span> <span class='ocrx_word' id='word_1_62' title='bbox 446 1061 507 1115; x_wconf 83' lang='grc' dir='ltr'><em>ἐν</em></span> <span class='ocrx_word' id='word_1_63' title='bbox 529 1054 690 1131; x_wconf 79' lang='grc' dir='ltr'><em>αὐτῇ,</em></span> <span class='ocrx_word' id='word_1_64' title='bbox 722 1059 813 1114; x_wconf 84' lang='grc' dir='ltr'><em>καὶ</em></span> <span class='ocrx_word' id='word_1_65' title='bbox 836 1054 1174 1130; x_wconf 77' lang='grc' dir='ltr'><em>ἀναβήσεται</em></span> <span class='ocrx_word' id='word_1_66' title='bbox 1205 1057 1277 1124; x_wconf 78' lang='grc' dir='ltr'><em>ὡς</em></span> <span class='ocrx_word' id='word_1_67' title='bbox 1295 1056 1534 1130; x_wconf 86' lang='grc' dir='ltr'><em>ποταμὸς</em></span> <span class='ocrx_word' id='word_1_68' title='bbox 1563 1053 1597 1129; x_wconf 82' lang='grc' dir='ltr'>ἡ</span> <span class='ocrx_word' id='word_1_69' title='bbox 1619 1076 1750 1114; x_wconf 91' lang='grc' dir='ltr'><em>συν-</em></span> 
     </span>
    </p>

    <p class='ocr_par' dir='ltr' id='par_1_5' title="bbox 0 1138 1799 1558">
     <span class='ocr_line' id='line_1_11' title="bbox 0 1138 1750 1216; baseline -0.001 -16"><span class='ocrx_word' id='word_1_70' title='bbox 0 1175 6 1182; x_wconf 92' lang='grc'><em>·</em></span> <span class='ocrx_word' id='word_1_71' title='bbox 78 1162 119 1194; x_wconf 83' lang='lat'><em>10</em></span> <span class='ocrx_word' id='word_1_72' title='bbox 142 1145 348 1216; x_wconf 85' lang='grc' dir='ltr'><em>τέλεια,</em></span> <span class='ocrx_word' id='word_1_73' title='bbox 393 1144 485 1199; x_wconf 86' lang='grc' dir='ltr'><em>καὶ</em></span> <span class='ocrx_word' id='word_1_74' title='bbox 523 1140 890 1214; x_wconf 80' lang='grc' dir='ltr'><em>καταβήσεται</em></span> <span class='ocrx_word' id='word_1_75' title='bbox 935 1138 1007 1209; x_wconf 69' lang='grc' dir='ltr'><em>ὥς</em></span> <span class='ocrx_word' id='word_1_76' title='bbox 1049 1142 1291 1215; x_wconf 82' lang='grc' dir='ltr'><em>ποταμὸς</em></span> <span class='ocrx_word' id='word_1_77' title='bbox 1323 1140 1616 1215; x_wconf 79' lang='grc' dir='ltr'><em>Αἰγύπτου</em></span> <span class='ocrx_word' id='word_1_78' title='bbox 1656 1142 1750 1198; x_wconf 82' lang='grc' dir='ltr'><em>καὶ</em></span> 
     </span>
     <span class='ocr_line' id='line_1_12' title="bbox 143 1224 1748 1303; baseline -0.001 -19"><span class='ocrx_word' id='word_1_79' title='bbox 143 1234 294 1285; x_wconf 83' lang='grc' dir='ltr'><em>ἔσται</em></span> <span class='ocrx_word' id='word_1_80' title='bbox 337 1231 398 1284; x_wconf 85' lang='grc' dir='ltr'><em>ἐν</em></span> <span class='ocrx_word' id='word_1_81' title='bbox 438 1230 622 1301; x_wconf 83' lang='grc' dir='ltr'><em>ἐκείνῃ</em></span> <span class='ocrx_word' id='word_1_82' title='bbox 662 1233 727 1301; x_wconf 84' lang='grc' dir='ltr'><em>τῇ</em></span> <span class='ocrx_word' id='word_1_83' title='bbox 767 1225 971 1303; x_wconf 81' lang='grc' dir='ltr'><em>ἡμέρᾳ,</em></span> <span class='ocrx_word' id='word_1_84' title='bbox 1013 1229 1160 1300; x_wconf 88' lang='grc' dir='ltr'><em>λέγει</em></span> <span class='ocrx_word' id='word_1_85' title='bbox 1199 1225 1416 1299; x_wconf 84' lang='grc' dir='ltr'><em>κύριος,</em></span> <span class='ocrx_word' id='word_1_86' title='bbox 1462 1224 1748 1284; x_wconf 78' lang='grc' dir='ltr'><em>δυ’σεταιὸ</em></span> 
     </span>
     <span class='ocr_line' id='line_1_13' title="bbox 140 1309 1752 1386; baseline -0.001 -17"><span class='ocrx_word' id='word_1_87' title='bbox 140 1309 293 1385; x_wconf 74' lang='grc' dir='ltr'><em>ἥλιος</em></span> <span class='ocrx_word' id='word_1_88' title='bbox 341 1317 712 1386; x_wconf 83' lang='grc' dir='ltr'><em>μεσημβρίας,</em></span> <span class='ocrx_word' id='word_1_89' title='bbox 757 1313 849 1368; x_wconf 85' lang='grc' dir='ltr'><em>καὶ</em></span> <span class='ocrx_word' id='word_1_90' title='bbox 896 1310 1225 1369; x_wconf 76' lang='grc' dir='ltr'><em>συσκοτάσει</em></span> <span class='ocrx_word' id='word_1_91' title='bbox 1276 1313 1364 1369; x_wconf 84' lang='grc' dir='ltr'><em>ἐπὶ</em></span> <span class='ocrx_word' id='word_1_92' title='bbox 1414 1314 1509 1383; x_wconf 78' lang='grc' dir='ltr'><em>τῆς</em></span> <span class='ocrx_word' id='word_1_93' title='bbox 1549 1313 1649 1383; x_wconf 82' lang='grc' dir='ltr'><em>γῆς</em></span> <span class='ocrx_word' id='word_1_94' title='bbox 1692 1313 1752 1367; x_wconf 84' lang='grc' dir='ltr'><em>ἐν</em></span> 
     </span>
     <span class='ocr_line' id='line_1_14' title="bbox 141 1393 1799 1473; baseline -0.002 -20"><span class='ocrx_word' id='word_1_95' title='bbox 141 1395 317 1473; x_wconf 80' lang='grc' dir='ltr'><em>ἡμέρᾳ</em></span> <span class='ocrx_word' id='word_1_96' title='bbox 346 1395 406 1454; x_wconf 85' lang='grc' dir='ltr'>τὸ</span> <span class='ocrx_word' id='word_1_97' title='bbox 439 1399 573 1470; x_wconf 72' lang='grc' dir='ltr'><em>φῶς.</em></span> <span class='ocrx_word' id='word_1_98' title='bbox 646 1401 696 1454; x_wconf 75' lang='grc'><em>2.</em></span> <span class='ocrx_word' id='word_1_99' title='bbox 731 1398 823 1453; x_wconf 88' lang='grc' dir='ltr'><em>καὶ</em></span> <span class='ocrx_word' id='word_1_100' title='bbox 853 1399 1210 1470; x_wconf 84' lang='grc' dir='ltr'><em>μεταστρέψω</em></span> <span class='ocrx_word' id='word_1_101' title='bbox 1249 1393 1344 1462; x_wconf 74' lang='grc' dir='ltr'><em>τὰς</em></span> <span class='ocrx_word' id='word_1_102' title='bbox 1375 1393 1564 1468; x_wconf 71' lang='grc' dir='ltr'><em>ἑορτὰς</em></span> <span class='ocrx_word' id='word_1_103' title='bbox 1593 1393 1752 1468; x_wconf 74' lang='grc' dir='ltr'><em>ὑμῶν</em></span> <span class='ocrx_word' id='word_1_104' title='bbox 1777 1417 1799 1449; x_wconf 84' lang='lat' dir='ltr'>d</span> 
     </span>
     <span class='ocr_line' id='line_1_15' title="bbox 143 1476 1751 1558; baseline -0.001 -19"><span class='ocrx_word' id='word_1_105' title='bbox 143 1488 222 1548; x_wconf 87' lang='grc' dir='ltr'><em>εἰς</em></span> <span class='ocrx_word' id='word_1_106' title='bbox 263 1483 498 1554; x_wconf 81' lang='grc' dir='ltr'><em>πένθος,</em></span> <span class='ocrx_word' id='word_1_107' title='bbox 542 1483 635 1538; x_wconf 85' lang='grc' dir='ltr'><em>καὶ</em></span> <span class='ocrx_word' id='word_1_108' title='bbox 672 1479 850 1547; x_wconf 78' lang='grc' dir='ltr'><em>πασας</em></span> <span class='ocrx_word' id='word_1_109' title='bbox 888 1481 983 1547; x_wconf 73' lang='grc' dir='ltr'><em>τὰς</em></span> <span class='ocrx_word' id='word_1_110' title='bbox 1025 1479 1171 1558; x_wconf 75' lang='grc' dir='ltr'><em>ᾠδὰς</em></span> <span class='ocrx_word' id='word_1_111' title='bbox 1202 1476 1360 1553; x_wconf 75' lang='grc' dir='ltr'><em>ὑμῶν</em></span> <span class='ocrx_word' id='word_1_112' title='bbox 1401 1486 1478 1546; x_wconf 83' lang='grc' dir='ltr'><em>εἰς</em></span> <span class='ocrx_word' id='word_1_113' title='bbox 1508 1483 1751 1553; x_wconf 83' lang='grc' dir='ltr'><em>θρῆνον·</em></span> 
     </span>
    </p>

    <p class='ocr_par' dir='ltr' id='par_1_6' title="bbox 78 1563 1755 1976">
     <span class='ocr_line' id='line_1_16' title="bbox 78 1563 1754 1638; baseline -0.001 -15"><span class='ocrx_word' id='word_1_114' title='bbox 78 1583 120 1616; x_wconf 85' lang='lat'><em>15</em></span> <span class='ocrx_word' id='word_1_115' title='bbox 143 1568 237 1623; x_wconf 82' lang='grc' dir='ltr'><em>καὶ</em></span> <span class='ocrx_word' id='word_1_116' title='bbox 267 1563 518 1638; x_wconf 78' lang='grc' dir='ltr'><em>ἀναβιβῶ</em></span> <span class='ocrx_word' id='word_1_117' title='bbox 546 1567 634 1622; x_wconf 84' lang='grc' dir='ltr'><em>ἐπὶ</em></span> <span class='ocrx_word' id='word_1_118' title='bbox 666 1567 849 1623; x_wconf 78' lang='grc' dir='ltr'><em>πᾶσαν</em></span> <span class='ocrx_word' id='word_1_119' title='bbox 871 1563 1060 1638; x_wconf 76' lang='grc' dir='ltr'><em>ὀσφύν</em></span> <span class='ocrx_word' id='word_1_120' title='bbox 1090 1564 1299 1622; x_wconf 75' lang='grc' dir='ltr'><em>σάκκον</em></span> <span class='ocrx_word' id='word_1_121' title='bbox 1328 1566 1419 1621; x_wconf 85' lang='grc' dir='ltr'><em>καὶ</em></span> <span class='ocrx_word' id='word_1_122' title='bbox 1457 1566 1545 1621; x_wconf 83' lang='grc' dir='ltr'><em>ἐπὶ</em></span> <span class='ocrx_word' id='word_1_123' title='bbox 1570 1567 1754 1622; x_wconf 81' lang='grc' dir='ltr'><em>πᾶσαν</em></span> 
     </span>
     <span class='ocr_line' id='line_1_17' title="bbox 141 1646 1754 1724; baseline -0.001 -16"><span class='ocrx_word' id='word_1_124' title='bbox 141 1650 391 1724; x_wconf 84' lang='grc' dir='ltr'><em>κεφαλὴν</em></span> <span class='ocrx_word' id='word_1_125' title='bbox 420 1648 787 1724; x_wconf 78' lang='grc' dir='ltr'><em>φαλάκρωμα·</em></span> <span class='ocrx_word' id='word_1_126' title='bbox 835 1651 926 1706; x_wconf 83' lang='grc' dir='ltr'><em>καὶ</em></span> <span class='ocrx_word' id='word_1_127' title='bbox 950 1649 1193 1724; x_wconf 83' lang='grc' dir='ltr'><em>θήσομαι</em></span> <span class='ocrx_word' id='word_1_128' title='bbox 1218 1646 1390 1707; x_wconf 79' lang='grc' dir='ltr'><em>αὐτὸν</em></span> <span class='ocrx_word' id='word_1_129' title='bbox 1415 1647 1599 1723; x_wconf 72' lang='grc' dir='ltr'><em>ὥσπερ</em></span> <span class='ocrx_word' id='word_1_130' title='bbox 1624 1651 1754 1706; x_wconf 88' lang='grc' dir='ltr'><em>πέν·</em></span> 
     </span>
     <span class='ocr_line' id='line_1_18' title="bbox 140 1731 1755 1840; baseline -0.002 -48"><span class='ocrx_word' id='word_1_131' title='bbox 140 1745 244 1801; x_wconf 87' lang='grc' dir='ltr'><em>θος</em></span> <span class='ocrx_word' id='word_1_132' title='bbox 275 1731 593 1840; x_wconf 74' lang='grc' dir='ltr'><em>ἀγαπητοῦ,</em></span> <span class='ocrx_word' id='word_1_133' title='bbox 635 1737 727 1791; x_wconf 86' lang='grc' dir='ltr'><em>καὶ</em></span> <span class='ocrx_word' id='word_1_134' title='bbox 757 1733 886 1800; x_wconf 80' lang='grc' dir='ltr'><em>τούς</em></span> <span class='ocrx_word' id='word_1_135' title='bbox 915 1731 1036 1808; x_wconf 87' lang='grc' dir='ltr'><em>μετ’</em></span> <span class='ocrx_word' id='word_1_136' title='bbox 1070 1733 1242 1792; x_wconf 84' lang='grc' dir='ltr'><em>αὐτοῦ</em></span> <span class='ocrx_word' id='word_1_137' title='bbox 1274 1758 1346 1800; x_wconf 86' lang='grc' dir='ltr'><em>ως</em></span> <span class='ocrx_word' id='word_1_138' title='bbox 1376 1732 1588 1807; x_wconf 79' lang='grc' dir='ltr'><em>ἡμέραν</em></span> <span class='ocrx_word' id='word_1_139' title='bbox 1617 1731 1755 1790; x_wconf 78' lang='grc' dir='ltr'><em>ὀδύ-</em></span> 
     </span>
     <span class='ocr_line' id='line_1_19' title="bbox 141 1817 1752 1927; baseline -0.002 -50"><span class='ocrx_word' id='word_1_140' title='bbox 141 1842 256 1891; x_wconf 89' lang='grc' dir='ltr'><em>νης.</em></span> <span class='ocrx_word' id='word_1_141' title='bbox 320 1817 446 1876; x_wconf 83' lang='grc' dir='ltr'><em>ἰὸου</em></span> <span class='ocrx_word' id='word_1_142' title='bbox 476 1817 695 1927; x_wconf 80' lang='grc' dir='ltr'><em>ἡμέραι</em></span> <span class='ocrx_word' id='word_1_143' title='bbox 700 1825 985 1920; x_wconf 72' lang='grc' dir='ltr'><em>ἔρχονται,</em></span> <span class='ocrx_word' id='word_1_144' title='bbox 1019 1821 1165 1891; x_wconf 82' lang='grc' dir='ltr'><em>λέγει</em></span> <span class='ocrx_word' id='word_1_145' title='bbox 1196 1817 1412 1893; x_wconf 84' lang='grc' dir='ltr'><em>κύριος,</em></span> <span class='ocrx_word' id='word_1_146' title='bbox 1439 1820 1530 1875; x_wconf 83' lang='grc' dir='ltr'><em>καὶ</em></span> <span class='ocrx_word' id='word_1_147' title='bbox 1563 1821 1752 1885; x_wconf 82' lang='grc' dir='ltr'><em>ἐξαπο-</em></span> 
     </span>
     <span class='ocr_line' id='line_1_20' title="bbox 143 1900 1753 1976; baseline -0.001 -16"><span class='ocrx_word' id='word_1_148' title='bbox 143 1906 316 1960; x_wconf 77' lang='grc' dir='ltr'><em>στελῶ</em></span> <span class='ocrx_word' id='word_1_149' title='bbox 340 1900 502 1976; x_wconf 86' lang='grc' dir='ltr'><em>λιμὸν</em></span> <span class='ocrx_word' id='word_1_150' title='bbox 521 1904 609 1959; x_wconf 85' lang='grc' dir='ltr'><em>ἐπὶ</em></span> <span class='ocrx_word' id='word_1_151' title='bbox 635 1900 737 1974; x_wconf 87' lang='grc' dir='ltr'><em>τὴν</em></span> <span class='ocrx_word' id='word_1_152' title='bbox 759 1927 884 1975; x_wconf 91' lang='grc' dir='ltr'><em>γην,</em></span> <span class='ocrx_word' id='word_1_153' title='bbox 916 1900 984 1960; x_wconf 75' lang='grc' dir='ltr'><em>οὐ</em></span> <span class='ocrx_word' id='word_1_154' title='bbox 1010 1901 1170 1976; x_wconf 84' lang='grc' dir='ltr'><em>λιμὸν</em></span> <span class='ocrx_word' id='word_1_155' title='bbox 1193 1902 1382 1976; x_wconf 78' lang='grc' dir='ltr'><em>ἄρτου,</em></span> <span class='ocrx_word' id='word_1_156' title='bbox 1414 1901 1547 1960; x_wconf 83' lang='grc' dir='ltr'><em>οὐδε</em></span> <span class='ocrx_word' id='word_1_157' title='bbox 1582 1907 1753 1971; x_wconf 80' lang='grc' dir='ltr'><em>ὁίψαν</em></span> 
     </span>
    </p>

    <p class='ocr_par' dir='ltr' id='par_1_7' title="bbox 77 1985 1754 2315">
     <span class='ocr_line' id='line_1_21' title="bbox 77 1985 1753 2061; baseline -0.001 -17"><span class='ocrx_word' id='word_1_158' title='bbox 77 2007 121 2039; x_wconf 86' lang='lat'><em>20</em></span> <span class='ocrx_word' id='word_1_159' title='bbox 142 1986 371 2060; x_wconf 70' lang='grc' dir='ltr'><em>ὕδατος,</em></span> <span class='ocrx_word' id='word_1_160' title='bbox 412 1985 552 2044; x_wconf 84' lang='grc' dir='ltr'><em>ἀλλα</em></span> <span class='ocrx_word' id='word_1_161' title='bbox 592 1985 754 2060; x_wconf 84' lang='grc' dir='ltr'><em>λιμὸν</em></span> <span class='ocrx_word' id='word_1_162' title='bbox 783 1990 884 2044; x_wconf 80' lang='grc' dir='ltr'><em>τοῦ</em></span> <span class='ocrx_word' id='word_1_163' title='bbox 911 1985 1146 2045; x_wconf 86' lang='grc' dir='ltr'><em>ακοῦσαι</em></span> <span class='ocrx_word' id='word_1_164' title='bbox 1187 1987 1353 2060; x_wconf 91' lang='grc' dir='ltr'><em>λόγον</em></span> <span class='ocrx_word' id='word_1_165' title='bbox 1383 1993 1597 2061; x_wconf 87' lang='grc' dir='ltr'><em>κυρίου.</em></span> <span class='ocrx_word' id='word_1_166' title='bbox 1660 1988 1753 2044; x_wconf 87' lang='grc' dir='ltr'><em>καὶ</em></span> 
     </span>
     <span class='ocr_line' id='line_1_22' title="bbox 142 2069 1751 2145; baseline -0.001 -16"><span class='ocrx_word' id='word_1_167' title='bbox 142 2070 586 2144; x_wconf 86' lang='grc' dir='ltr'><em>σαλευθήσονται</em></span> <span class='ocrx_word' id='word_1_168' title='bbox 625 2071 806 2129; x_wconf 77' lang='grc' dir='ltr'><em>ὕδατα</em></span> <span class='ocrx_word' id='word_1_169' title='bbox 845 2069 952 2130; x_wconf 76' lang='grc' dir='ltr'><em>ἀπὸ</em></span> <span class='ocrx_word' id='word_1_170' title='bbox 982 2070 1271 2145; x_wconf 73' lang='grc' dir='ltr'><em>θαλάσσης</em></span> <span class='ocrx_word' id='word_1_171' title='bbox 1313 2075 1414 2138; x_wconf 79' lang='grc' dir='ltr'><em>ἕως</em></span> <span class='ocrx_word' id='word_1_172' title='bbox 1444 2070 1751 2145; x_wconf 77' lang='grc' dir='ltr'><em>θαλάσσης,</em></span> 
     </span>
     <span class='ocr_line' id='line_1_23' title="bbox 144 2155 1754 2231; baseline 0.001 -18"><span class='ocrx_word' id='word_1_173' title='bbox 144 2158 236 2214; x_wconf 85' lang='grc' dir='ltr'><em>καὶ</em></span> <span class='ocrx_word' id='word_1_174' title='bbox 267 2155 374 2213; x_wconf 80' lang='grc' dir='ltr'><em>ἀπὸ</em></span> <span class='ocrx_word' id='word_1_175' title='bbox 405 2159 582 2230; x_wconf 74' lang='grc' dir='ltr'><em>βορρᾶ</em></span> <span class='ocrx_word' id='word_1_176' title='bbox 602 2159 703 2223; x_wconf 80' lang='grc' dir='ltr'><em>ἕως</em></span> <span class='ocrx_word' id='word_1_177' title='bbox 727 2155 1013 2214; x_wconf 71' lang='grc' dir='ltr'><em>ἀνατολῶν</em></span> <span class='ocrx_word' id='word_1_178' title='bbox 1035 2160 1504 2231; x_wconf 80' lang='grc' dir='ltr'><em>περιδραμοῦνται</em></span> <span class='ocrx_word' id='word_1_179' title='bbox 1536 2160 1754 2230; x_wconf 83' lang='grc' dir='ltr'><em>ζητοῦν-</em></span> 
     </span>
     <span class='ocr_line' id='line_1_24' title="bbox 142 2238 1426 2315; baseline 0 -17"><span class='ocrx_word' id='word_1_180' title='bbox 142 2264 230 2308; x_wconf 85' lang='grc' dir='ltr'><em>τες</em></span> <span class='ocrx_word' id='word_1_181' title='bbox 259 2241 355 2299; x_wconf 86' lang='grc' dir='ltr'><em>τὸν</em></span> <span class='ocrx_word' id='word_1_182' title='bbox 384 2240 549 2314; x_wconf 85' lang='grc' dir='ltr'><em>λόγον</em></span> <span class='ocrx_word' id='word_1_183' title='bbox 578 2247 807 2315; x_wconf 85' lang='grc' dir='ltr'><em>κυρίου,</em></span> <span class='ocrx_word' id='word_1_184' title='bbox 840 2243 930 2298; x_wconf 85' lang='grc' dir='ltr'><em>καὶ</em></span> <span class='ocrx_word' id='word_1_185' title='bbox 961 2239 1029 2299; x_wconf 78' lang='grc' dir='ltr'><em>οὐ</em></span> <span class='ocrx_word' id='word_1_186' title='bbox 1059 2239 1132 2314; x_wconf 80' lang='grc' dir='ltr'><em>μὴ</em></span> <span class='ocrx_word' id='word_1_187' title='bbox 1166 2238 1426 2315; x_wconf 79' lang='grc' dir='ltr'><em>εὕρωσι.”</em></span> 
     </span>
    </p>

    <p class='ocr_par' dir='ltr' id='par_1_8' title="bbox 271 2321 1754 2398">
     <span class='ocr_line' id='line_1_25' title="bbox 271 2321 1754 2398; baseline -0.002 -16"><span class='ocrx_word' id='word_1_188' title='bbox 271 2330 319 2382; x_wconf 82' lang='lat'><em>3.</em></span> <span class='ocrx_word' id='word_1_189' title='bbox 362 2325 475 2398; x_wconf 84' lang='grc' dir='ltr'><em>Τὴν</em></span> <span class='ocrx_word' id='word_1_190' title='bbox 505 2325 642 2382; x_wconf 82' lang='grc' dir='ltr'><em>κατὰ</em></span> <span class='ocrx_word' id='word_1_191' title='bbox 665 2330 763 2382; x_wconf 85' lang='grc' dir='ltr'><em>τοῦ</em></span> <span class='ocrx_word' id='word_1_192' title='bbox 788 2331 1031 2398; x_wconf 83' lang='grc' dir='ltr'><em>σωτῆρος</em></span> <span class='ocrx_word' id='word_1_193' title='bbox 1061 2321 1220 2398; x_wconf 75' lang='grc' dir='ltr'><em>ἡμῶν</em></span> <span class='ocrx_word' id='word_1_194' title='bbox 1233 2325 1404 2397; x_wconf 79' lang='grc' dir='ltr'><em>ὕβριν</em></span> <span class='ocrx_word' id='word_1_195' title='bbox 1429 2327 1519 2380; x_wconf 84' lang='grc' dir='ltr'><em>καὶ</em></span> <span class='ocrx_word' id='word_1_196' title='bbox 1549 2322 1754 2396; x_wconf 82' lang='grc' dir='ltr'><em>ὑπερη-</em></span> 
     </span>
    </p>

    <p class='ocr_par' dir='ltr' id='par_1_9' title="bbox 78 2404 1867 2735">
     <span class='ocr_line' id='line_1_26' title="bbox 78 2404 1756 2483; baseline 0 -19"><span class='ocrx_word' id='word_1_197' title='bbox 78 2423 123 2457; x_wconf 83' lang='lat'><em>25</em></span> <span class='ocrx_word' id='word_1_198' title='bbox 145 2415 357 2481; x_wconf 89' lang='grc' dir='ltr'><em>φανίαν</em></span> <span class='ocrx_word' id='word_1_199' title='bbox 386 2411 480 2465; x_wconf 88' lang='grc' dir='ltr'><em>καὶ</em></span> <span class='ocrx_word' id='word_1_200' title='bbox 514 2407 906 2480; x_wconf 75' lang='grc' dir='ltr'><em>ἐπανάστασιν,</em></span> <span class='ocrx_word' id='word_1_201' title='bbox 936 2405 1007 2480; x_wconf 82' lang='grc' dir='ltr'><em>ἣν</em></span> <span class='ocrx_word' id='word_1_202' title='bbox 1026 2410 1407 2479; x_wconf 86' lang='grc' dir='ltr'><em>ἐπανέστησαν</em></span> <span class='ocrx_word' id='word_1_203' title='bbox 1431 2404 1582 2483; x_wconf 75' lang='grc' dir='ltr'><em>αὐτῷ</em></span> <span class='ocrx_word' id='word_1_204' title='bbox 1611 2412 1668 2465; x_wconf 78' lang='grc' dir='ltr'><em>οὗ</em></span> <span class='ocrx_word' id='word_1_205' title='bbox 1696 2411 1756 2464; x_wconf 84' lang='grc' dir='ltr'><em>ἐκ</em></span> 
     </span>
     <span class='ocr_line' id='line_1_27' title="bbox 144 2490 1756 2566; baseline 0 -18"><span class='ocrx_word' id='word_1_206' title='bbox 144 2497 468 2566; x_wconf 82' lang='grc' dir='ltr'><em>περιτομῆς,</em></span> <span class='ocrx_word' id='word_1_207' title='bbox 499 2497 838 2560; x_wconf 82' lang='grc' dir='ltr'><em>θεσπίζουσα</em></span> <span class='ocrx_word' id='word_1_208' title='bbox 867 2491 901 2564; x_wconf 83' lang='grc' dir='ltr'>ἡ</span> <span class='ocrx_word' id='word_1_209' title='bbox 933 2494 1186 2564; x_wconf 80' lang='grc' dir='ltr'><em>παροῦσα</em></span> <span class='ocrx_word' id='word_1_210' title='bbox 1215 2497 1550 2565; x_wconf 82' lang='grc' dir='ltr'><em>προφητεία,</em></span> <span class='ocrx_word' id='word_1_211' title='bbox 1581 2490 1756 2565; x_wconf 82' lang='grc' dir='ltr'><em>ὀμνύ-</em></span> 
     </span>
     <span class='ocr_line' id='line_1_28' title="bbox 146 2572 1867 2651; baseline 0.002 -19"><span class='ocrx_word' id='word_1_212' title='bbox 146 2600 240 2632; x_wconf 92' lang='grc' dir='ltr'><em>ναι</em></span> <span class='ocrx_word' id='word_1_213' title='bbox 278 2575 375 2634; x_wconf 88' lang='grc' dir='ltr'><em>τὸν</em></span> <span class='ocrx_word' id='word_1_214' title='bbox 413 2573 607 2650; x_wconf 80' lang='grc' dir='ltr'><em>κύριόν</em></span> <span class='ocrx_word' id='word_1_215' title='bbox 647 2594 784 2649; x_wconf 90' lang='grc' dir='ltr'><em>φησι</em></span> <span class='ocrx_word' id='word_1_216' title='bbox 823 2573 957 2634; x_wconf 84' lang='grc' dir='ltr'><em>καθ’</em></span> <span class='ocrx_word' id='word_1_217' title='bbox 997 2572 1386 2651; x_wconf 76' lang='grc' dir='ltr'><em>ὑπερηφανίας</em></span> <span class='ocrx_word' id='word_1_218' title='bbox 1411 2573 1633 2648; x_wconf 78' lang='grc' dir='ltr'><em>Ἰακώβ,</em></span> <span class='ocrx_word' id='word_1_219' title='bbox 1680 2574 1753 2642; x_wconf 78' lang='grc' dir='ltr'><em>ὡς</em></span> <span class='ocrx_word' id='word_1_220' title='bbox 1778 2602 1867 2645; x_wconf 82' lang='lat'><strong>(486)</strong></span> 
     </span>
     <span class='ocr_line' id='line_1_29' title="bbox 146 2658 1756 2735; baseline 0.001 -18"><span class='ocrx_word' id='word_1_221' title='bbox 146 2659 214 2717; x_wconf 79' lang='grc' dir='ltr'><em>οὐ</em></span> <span class='ocrx_word' id='word_1_222' title='bbox 255 2659 328 2733; x_wconf 85' lang='grc' dir='ltr'><em>μὴ</em></span> <span class='ocrx_word' id='word_1_223' title='bbox 369 2663 582 2732; x_wconf 88' lang='grc' dir='ltr'><em>γένοιτο</em></span> <span class='ocrx_word' id='word_1_224' title='bbox 622 2658 769 2733; x_wconf 85' lang='grc' dir='ltr'><em>λήθη</em></span> <span class='ocrx_word' id='word_1_225' title='bbox 812 2663 921 2719; x_wconf 73' lang='grc' dir='ltr'><em>τῶν</em></span> <span class='ocrx_word' id='word_1_226' title='bbox 961 2658 1083 2718; x_wconf 87' lang='grc' dir='ltr'><em>κατ’</em></span> <span class='ocrx_word' id='word_1_227' title='bbox 1126 2658 1298 2719; x_wconf 77' lang='grc' dir='ltr'><em>αὐτοῦ</em></span> <span class='ocrx_word' id='word_1_228' title='bbox 1339 2662 1756 2735; x_wconf 87' lang='grc' dir='ltr'><em>τετολμημένων</em></span> 
     </span>
    </p>
   </div>
   <div class='ocr_carea' id='block_1_4' title="bbox 152 2785 474 2791">
    <p class='ocr_par' dir='ltr' id='par_1_10' title="bbox 152 2785 474 2791">
     <span class='ocr_line' id='line_1_30' title="bbox 152 2785 474 2791; baseline 0 0"><span class='ocrx_word' id='word_1_229' title='bbox 152 2785 474 2791; x_wconf 95' lang='lat' dir='ltr'><em> </em></span> 
     </span>
    </p>
   </div>
   <div class='ocr_carea' id='block_1_5' title="bbox 263 2852 595 2904">
    <p class='ocr_par' dir='ltr' id='par_1_11' title="bbox 263 2852 595 2904">
     <span class='ocr_line' id='line_1_31' title="bbox 263 2852 595 2904; baseline 0.009 -12"><span class='ocrx_word' id='word_1_230' title='bbox 263 2854 287 2892; x_wconf 84' lang='grc'><strong>6</strong></span> <span class='ocrx_word' id='word_1_231' title='bbox 319 2852 468 2895; x_wconf 89' lang='lat' dir='ltr'>Amos.</span> <span class='ocrx_word' id='word_1_232' title='bbox 492 2854 531 2904; x_wconf 87' lang='lat'><em>8,</em></span> <span class='ocrx_word' id='word_1_233' title='bbox 557 2855 595 2895; x_wconf 82' lang='lat'><em>7.</em></span> 
     </span>
    </p>
   </div>
  </div>
 </body>
</html>
