1992 3186
647 122 954 164 DEMONST.
977 121 1199 163 EVANG.
1222 122 1350 162 VIII.
1375 123 1414 162 ⁶2.
1723 119 1827 172 525

216 263 274 297 τε
304 235 527 311 ἀνομίαι
561 240 831 313 ἐξιλασμςό
861 235 994 309 μετα
1024 220 1138 294 τεόν
1167 234 1402 293 ἀδικιῶν
1428 239 1826 309 ε’ξαλείφονται,
1858 271 1874 293 e

218 321 544 394 δικαιοσύνη
590 345 648 378 τε
693 321 916 389 αἰώνιος
961 323 1384 393 καταγγέλλεται
1428 343 1576 392 παρα
1622 320 1724 392 τὴν
1769 325 1828 378 ἐκ

217 407 423 480 νόμον,
455 403 676 479 ὁρασεις
706 430 764 463 τε
796 408 887 463 καὶ
928 420 1257 479 προφητεῖαι
1296 408 1481 503 μέχρις
1506 404 1826 477 Ἰωνοὲννου,

217 497 426 592 χρίεται
469 492 529 548 δὲ
569 488 724 563 ἅγιος
765 489 956 594 ἁγίων.
1031 487 1137 562 πρὸ
1176 515 1282 563 γαρ
1324 494 1418 562 τῆς
1455 493 1554 547 τοῦ
1583 493 1828 563 σωτῆρος

173 598 195 631 5
218 571 374 650 ἡμῶν
404 582 711 650 παρουσίας
741 575 842 633 οὐκ
871 573 1004 632 ὅντα
1034 577 1204 631 ταῦτα
1235 578 1610 647 προσεδοκᾶτο
1639 573 1826 647 μόνον.

216 665 300 718 48.
334 658 609 734 α’ρξασθαι
641 660 702 716 δὲ
732 662 843 716 τῶν
860 656 1143 733 ἀριθμῶν,
1175 661 1422 716 τουτέστι
1445 662 1558 716 τῶν
1588 657 1829 732 ἑβδομή-

217 769 386 802 κοντα
411 742 757 817 ἑβδομάδων,
790 742 823 799 ἅ
850 747 999 800 ἐστιν
1017 749 1108 815 ἔτη
1129 741 1454 816 τετρακόσια
1479 741 1828 815 ἐνενήκοντα,

217 827 246 885 ὃ
287 826 516 901 ἅγγελος
556 824 1071 898 ύποτίθεται,-ἆπὸ
1116 825 1308 894 ἐξόδου
1350 827 1653 899 λόγου-τοῦ
1692 826 1831 884 ἀπο-

217 917 482 985 κριθῆναι
521 915 612 969 καὶ
651 916 748 968 τοῦ
787 914 1147 984 οἰκοδομῆσαι
1180 907 1560 985 Ἰερουσαλήμ·
1620 914 1830 984 συνέβη

156 1020 197 1052 10
221 998 283 1054 δὲ
313 1001 483 1054 ταῦτα
527 999 616 1053 ἐπὶ
643 993 997 1068 Ἀρταξέρξου
1037 998 1136 1052 τοῦ
1165 1000 1404 1066 Περσῶν
1442 995 1832 1068 βασιλεύοντος

222 1086 449 1156 εἰκοστῷ
491 1086 613 1139 ἔτει.
686 1086 932 1153 Νεεμίας
972 1077 1076 1154 γαρ
1109 1078 1137 1136 ὁ
1178 1079 1377 1137 τούτου
1418 1079 1661 1153 οἰνοχόος
1703 1086 1833 1152 δεη-

218 1168 342 1232 θεὶς
383 1163 727 1238 ἀποκρίσεως
763 1170 956 1238 ἔτυχεν
989 1168 1430 1237 οἰκοδομηθῆναι
1454 1163 1831 1237 Ἰερουσαλὴμ,
1857 1190 1880 1220 d

219 1253 310 1306 καὶ
342 1249 501 1322 λόγος
534 1253 733 1322 ἐξῆλθε
757 1247 1004 1306 κελεύων
1027 1252 1214 1306 ταῦτα.
1257 1251 1415 1323 μέχρι
1438 1251 1539 1322 μὲν
1561 1255 1667 1322 γὰρ
1694 1252 1831 1306 ἐκεί-

219 1357 321 1391 νου
362 1337 463 1392 τοῦ
514 1332 718 1407 χρόνου
762 1336 795 1405 ἡ
839 1331 994 1400 πόλις
1035 1332 1308 1407 ἠρήμωτο.
1372 1338 1456 1390 49.
1492 1332 1690 1405 Κύρου
1727 1331 1832 1406 γὰρ

160 1442 202 1475 15
222 1417 357 1491 μετὰ
405 1416 508 1490 τὴν
561 1420 1097 1490 ἑβδομηκονταετίαν
1147 1421 1242 1490 τῆς
1298 1424 1670 1492 αἰχμαλωσίας
1722 1421 1835 1474 τῶν

219 1506 576 1575 βουλομένων
618 1506 850 1559 ἕκαστον
889 1504 1204 1560 ἑκουσιαστὶ
1245 1504 1729 1575 καταπέμψαντος,
1782 1505 1840 1558 οὗ

219 1587 353 1659 μετὰ
380 1584 560 1658 Ἰησοῦ
583 1590 685 1643 τοῦ
706 1586 948 1659 μεγάλου
974 1588 1161 1660 ἱερέως
1185 1588 1276 1643 καὶ
1291 1585 1609 1659 Ζοροβάβελ
1640 1594 1835 1642 κατελ-

219 1670 446 1742 θόντες,
478 1673 570 1727 καὶ
601 1674 659 1727 015
686 1673 774 1728 ἐπὶ
803 1669 1017 1738 τούτοις
1046 1667 1365 1746 ἅμαἝσρᾳ,
1397 1670 1493 1728 τὸν
1516 1670 1662 1728 νει-ὸν
1685 1676 1835 1727 οἰκο-

222 1760 414 1828 δομεῖν
447 1754 753 1812 ἐκωλύοντο
776 1754 842 1811 τὰ
865 1759 1073 1828 πρῶτα,
1106 1757 1198 1811 καὶ
1221 1768 1396 1828 τεῖχος
1419 1759 1485 1829 τῇ
1504 1755 1660 1811 πόλει
1683 1777 1834 1828 περι-

157 1863 199 1895 20
222 1846 447 1911 βαλεῖν,
498 1863 570 1905 ως
608 1836 674 1896 ού
715 1843 1154 1912 κεκελευσμένον
1195 1838 1407 1896 τούτου.
1490 1843 1573 1897 50.
1618 1845 1835 1912 ἔμεινεν

220 1925 322 1980 οὐν
353 1926 454 1991 ε’ως
486 1930 735 1996 Νεεμίου
776 1925 867 1980 καὶ
910 1930 1196 1996 βασιλείας
1219 1922 1577 1997 Ἀρταξέρξου
1617 1926 1709 1980 καὶ
1740 1927 1835 1994 τῆς

221 2011 460 2080 Περσων
498 2006 797 2081 ηγεμονίας
837 2014 995 2074 ἔτους
1039 2006 1537 2066 πεντεκαιδεκάτου
1578 2011 1670 2064 καὶ
1714 2009 1835 2064 ἑκα-

220 2095 444 2149 τοστοῦ·
513 2087 620 2149 ἀπὸ
674 2095 735 2149 δὲ
784 2094 881 2165 τῆς
930 2088 1187 2159 ἁλώσεως
1233 2089 1587 2166 Ἰερουσαλὴμ
1641 2091 1837 2149 ἑκατὸν

220 2173 563 2249 ὀγδοήκοντα
607 2179 771 2234 πέντε
817 2183 909 2249 ἔτη
955 2185 1181 2249 γίνεται.
1266 2180 1359 2235 καὶ
1403 2175 1526 2234 τότε
1577 2177 1838 2250 βασιλεὺς

158 2283 200 2315 25
220 2257 569 2334 Ἀρταξέρξης
595 2264 886 2318 ἐκέλευσεν
909 2264 1348 2334 οἰκοδομηθῆναι
1370 2262 1473 2334 τὴν
1503 2260 1678 2318 πόλιν.
1725 2269 1783 2318 Ν
1785 2284 1833 2317 ε·
1858 2282 1947 2323 (390)

225 2351 379 2417 εμίας
405 2346 467 2402 δὲ
489 2347 906 2418 καταπεμφθεὶς
929 2350 1027 2402 τοῦ
1051 2351 1217 2418 ἔργου
1246 2348 1484 2417 προέστη
1501 2390 1514 2417 ,
1546 2344 1579 2416 ἡ
1608 2346 1669 2401 δὲ
1701 2336 1835 2420 ᾤκο-

225 2428 445 2500 δομήθη
497 2437 727 2487 πλατεῖα
779 2432 870 2486 καὶ
923 2437 1257 2502 περίτειχος,
1310 2428 1382 2495 ὡς
1422 2426 1833 2501 προεφητεύθη.

226 2510 491 2569 κάκεῖθεν
540 2511 879 2585 ἀριθμοῦσιν
927 2512 1062 2586 ἡμῖν
1111 2511 1491 2585 ἑβδομήκοντα
1532 2510 1837 2584 ἑβδομάδες

229 2601 306 2661 εἰς
336 2595 433 2653 τὸν
463 2595 705 2668 Χριστὸν
749 2599 1159 2654 συντελοῦνται.
1236 2601 1318 2653 51.
1356 2602 1406 2653 εἰ
1447 2594 1551 2668 γὰρ
1596 2594 1838 2653 ἄλλοθέν

164 2702 207 2735 30
229 2689 409 2737 ποθεν
447 2675 712 2752 ἀριθμεῖν
751 2679 1063 2754 ἆρξαίμεθα
1106 2682 1198 2736 καὶ
1229 2678 1331 2738 οὐκ
1372 2683 1667 2752 ἐντεῦθεν,
1710 2678 1838 2736 οὔτε
1903 2743 1905 2745 ,

229 2762 257 2820 ὁ
299 2761 492 2836 χρόνος
534 2769 932 2838 συνδραμεῖται
974 2766 1065 2821 καὶ
1108 2773 1336 2824 πλεῖστα
1375 2762 1552 2822 ἄτοπα
1591 2761 1840 2836 ἀπαντή-

229 2865 328 2904 σει.
402 2846 498 2905 έοέν
527 2870 586 2904 τε
630 2847 734 2922 γὰρ
780 2845 886 2905 ἀπὸ
916 2847 1110 2923 Κύρου
1150 2851 1241 2906 καὶ
1285 2852 1381 2922 τῆς
1421 2848 1640 2923 πρώτης
1672 2873 1839 2906 κατα-
