<?xml version="1.0" encoding="UTF-8"?>
<!DOCTYPE html PUBLIC "-//W3C//DTD XHTML 1.0 Transitional//EN"
    "http://www.w3.org/TR/xhtml1/DTD/xhtml1-transitional.dtd">
<html xmlns="http://www.w3.org/1999/xhtml" xml:lang="en" lang="en">
 <head>
  <title>
</title>
<meta http-equiv="Content-Type" content="text/html;charset=utf-8" />
  <meta name='ocr-system' content='tesseract 3.04.00' />
  <meta name='ocr-capabilities' content='ocr_page ocr_carea ocr_par ocr_line ocrx_word'/>
</head>
<body>
  <div class='ocr_page' id='page_1' title='image "./operaeusebius03euseuoft_0382.png"; bbox 0 0 1992 3186; ppageno 0'>
   <div class='ocr_carea' id='block_1_1' title="bbox 241 116 1198 215">
    <p class='ocr_par' dir='ltr' id='par_1_1' title="bbox 241 116 1198 215">
     <span class='ocr_line' id='line_1_1' title="bbox 241 116 1198 215; baseline -0.011 -12"><span class='ocrx_word' id='word_1_1' title='bbox 241 149 344 202; x_wconf 82' lang='lat'><strong><em>358</em></strong></span> <span class='ocrx_word' id='word_1_2' title='bbox 466 211 471 215; x_wconf 26' lang='lat'>¹</span> <span class='ocrx_word' id='word_1_3' title='bbox 923 151 1171 192; x_wconf 79' lang='lat' dir='ltr'>EUSEBII</span> <span class='ocrx_word' id='word_1_4' title='bbox 1195 116 1198 118; x_wconf 10' lang='lat' dir='ltr'>v</span> 
     </span>
    </p>
   </div>
   <div class='ocr_carea' id='block_1_2' title="bbox 125 263 1915 1302">
    <p class='ocr_par' dir='ltr' id='par_1_2' title="bbox 239 263 1894 678">
     <span class='ocr_line' id='line_1_2' title="bbox 243 263 1852 343; baseline 0.003 -21"><span class='ocrx_word' id='word_1_5' title='bbox 243 290 387 340; x_wconf 75' lang='grc' dir='ltr'><strong><em>εται,</em></strong></span> <span class='ocrx_word' id='word_1_6' title='bbox 430 263 464 321; x_wconf 69' lang='grc' dir='ltr'><strong><em>δι’</em></strong></span> <span class='ocrx_word' id='word_1_7' title='bbox 506 269 597 323; x_wconf 86' lang='grc' dir='ltr'><strong><em>καὶ</em></strong></span> <span class='ocrx_word' id='word_1_8' title='bbox 641 263 731 322; x_wconf 81' lang='grc' dir='ltr'><strong><em>διά</em></strong></span> <span class='ocrx_word' id='word_1_9' title='bbox 773 268 868 338; x_wconf 78' lang='grc' dir='ltr'><strong><em>τῆς</em></strong></span> <span class='ocrx_word' id='word_1_10' title='bbox 914 268 1240 337; x_wconf 82' lang='grc' dir='ltr'><strong><em>ἐπιφανείας</em></strong></span> <span class='ocrx_word' id='word_1_11' title='bbox 1277 272 1375 326; x_wconf 84' lang='grc' dir='ltr'><strong><em>τοῦ</em></strong></span> <span class='ocrx_word' id='word_1_12' title='bbox 1420 270 1664 343; x_wconf 80' lang='grc' dir='ltr'><strong><em>σωτῆρος</em></strong></span> <span class='ocrx_word' id='word_1_13' title='bbox 1695 264 1852 342; x_wconf 79' lang='grc' dir='ltr'><strong><em>ἡμῶν</em></strong></span> 
     </span>
     <span class='ocr_line' id='line_1_3' title="bbox 242 349 1848 426; baseline 0.002 -19"><span class='ocrx_word' id='word_1_14' title='bbox 242 353 330 407; x_wconf 79' lang='grc' dir='ltr'><strong><em>ἐπὶ</em></strong></span> <span class='ocrx_word' id='word_1_15' title='bbox 363 353 531 425; x_wconf 83' lang='grc' dir='ltr'><strong><em>πέρας</em></strong></span> <span class='ocrx_word' id='word_1_16' title='bbox 563 349 806 423; x_wconf 76' lang='grc' dir='ltr'><strong><em>ἀχθέντα</em></strong></span> <span class='ocrx_word' id='word_1_17' title='bbox 839 354 1136 407; x_wconf 80' lang='grc' dir='ltr'><strong><em>δείκνυται.</em></strong></span> <span class='ocrx_word' id='word_1_18' title='bbox 1183 353 1236 419; x_wconf 82' lang='grc' dir='ltr'><strong><em>ἐξ</em></strong></span> <span class='ocrx_word' id='word_1_19' title='bbox 1270 354 1485 410; x_wconf 84' lang='grc' dir='ltr'><strong><em>ἐκείνου</em></strong></span> <span class='ocrx_word' id='word_1_20' title='bbox 1515 351 1621 426; x_wconf 74' lang='grc' dir='ltr'><strong><em>γάρ</em></strong></span> <span class='ocrx_word' id='word_1_21' title='bbox 1643 377 1726 410; x_wconf 85' lang='grc' dir='ltr'><strong><em>τοι</em></strong></span> <span class='ocrx_word' id='word_1_22' title='bbox 1757 356 1848 411; x_wconf 86' lang='grc' dir='ltr'><strong><em>καὶ</em></strong></span> 
     </span>
     <span class='ocr_line' id='line_1_4' title="bbox 239 426 1850 511; baseline 0.002 -19"><span class='ocrx_word' id='word_1_23' title='bbox 239 434 305 492; x_wconf 79' lang='grc' dir='ltr'><strong><em>οὐ</em></strong></span> <span class='ocrx_word' id='word_1_24' title='bbox 337 435 607 509; x_wconf 87' lang='grc' dir='ltr'><strong><em>πρότερον</em></strong></span> <span class='ocrx_word' id='word_1_25' title='bbox 635 433 696 491; x_wconf 85' lang='grc' dir='ltr'><strong><em>τὸ</em></strong></span> <span class='ocrx_word' id='word_1_26' title='bbox 727 434 922 492; x_wconf 88' lang='grc' dir='ltr'><strong><em>καινὸν</em></strong></span> <span class='ocrx_word' id='word_1_27' title='bbox 942 426 1090 510; x_wconf 71' lang='grc' dir='ltr'><strong><em>ᾆσμα</em></strong></span> <span class='ocrx_word' id='word_1_28' title='bbox 1119 439 1214 507; x_wconf 84' lang='grc' dir='ltr'><strong><em>τῆς</em></strong></span> <span class='ocrx_word' id='word_1_29' title='bbox 1240 440 1433 509; x_wconf 82' lang='grc' dir='ltr'><strong><em>καινῆς</em></strong></span> <span class='ocrx_word' id='word_1_30' title='bbox 1468 435 1741 511; x_wconf 78' lang='grc' dir='ltr'><strong><em>διαθήκης</em></strong></span> <span class='ocrx_word' id='word_1_31' title='bbox 1773 444 1850 506; x_wconf 84' lang='grc' dir='ltr'><strong><em>εἰς</em></strong></span> 
     </span>
     <span class='ocr_line' id='line_1_5' title="bbox 239 516 1851 595; baseline 0.001 -19"><span class='ocrx_word' id='word_1_32' title='bbox 239 519 447 585; x_wconf 79' lang='grc' dir='ltr'><strong><em>πάντας</em></strong></span> <span class='ocrx_word' id='word_1_33' title='bbox 479 516 816 591; x_wconf 77' lang='grc' dir='ltr'><strong><em>ἀνθρώπους</em></strong></span> <span class='ocrx_word' id='word_1_34' title='bbox 857 516 1078 595; x_wconf 74' lang='grc' dir='ltr'><strong><em>ᾅδεται,</em></strong></span> <span class='ocrx_word' id='word_1_35' title='bbox 1122 522 1215 576; x_wconf 89' lang='grc' dir='ltr'><strong><em>καὶ</em></strong></span> <span class='ocrx_word' id='word_1_36' title='bbox 1253 518 1319 576; x_wconf 78' lang='grc' dir='ltr'><strong><em>τὰ</em></strong></span> <span class='ocrx_word' id='word_1_37' title='bbox 1358 520 1648 595; x_wconf 78' lang='grc' dir='ltr'><strong><em>θαυμάσια</em></strong></span> <span class='ocrx_word' id='word_1_38' title='bbox 1679 519 1851 580; x_wconf 80' lang='grc' dir='ltr'><strong><em>αὐτοῦ</em></strong></span> 
     </span>
     <span class='ocr_line' id='line_1_6' title="bbox 241 601 1894 678; baseline 0.004 -20"><span class='ocrx_word' id='word_1_39' title='bbox 241 602 330 659; x_wconf 80' lang='grc' dir='ltr'><strong><em>διὰ</em></strong></span> <span class='ocrx_word' id='word_1_40' title='bbox 371 607 466 676; x_wconf 81' lang='grc' dir='ltr'><strong><em>τῆς</em></strong></span> <span class='ocrx_word' id='word_1_41' title='bbox 505 609 618 660; x_wconf 88' lang='grc' dir='ltr'><strong><em>τῶν</em></strong></span> <span class='ocrx_word' id='word_1_42' title='bbox 659 601 1001 676; x_wconf 77' lang='grc' dir='ltr'><strong><em>εὐαγγελίων</em></strong></span> <span class='ocrx_word' id='word_1_43' title='bbox 1040 607 1257 678; x_wconf 79' lang='grc' dir='ltr'><strong><em>γραφῆς</em></strong></span> <span class='ocrx_word' id='word_1_44' title='bbox 1304 604 1555 678; x_wconf 87' lang='grc' dir='ltr'><strong><em>γνῶριμα</em></strong></span> <span class='ocrx_word' id='word_1_45' title='bbox 1594 609 1686 663; x_wconf 83' lang='grc' dir='ltr'><strong><em>καὶ</em></strong></span> <span class='ocrx_word' id='word_1_46' title='bbox 1730 605 1850 675; x_wconf 77' lang='grc' dir='ltr'><em>ἐξά-</em></span> <span class='ocrx_word' id='word_1_47' title='bbox 1874 631 1894 663; x_wconf 88' lang='lat'>5</span> 
     </span>
    </p>

    <p class='ocr_par' dir='ltr' id='par_1_3' title="bbox 125 686 1915 1302">
     <span class='ocr_line' id='line_1_7' title="bbox 125 686 1852 764; baseline 0.003 -22"><span class='ocrx_word' id='word_1_48' title='bbox 125 710 217 752; x_wconf 77' lang='lat'>(264)</span> <span class='ocrx_word' id='word_1_49' title='bbox 243 705 451 744; x_wconf 89' lang='grc' dir='ltr'><strong><em>κουστα</em></strong></span> <span class='ocrx_word' id='word_1_50' title='bbox 480 701 594 754; x_wconf 82' lang='grc' dir='ltr'><strong><em>τοῖς</em></strong></span> <span class='ocrx_word' id='word_1_51' title='bbox 625 691 760 745; x_wconf 78' lang='grc' dir='ltr'><strong><em>πᾶσι</em></strong></span> <span class='ocrx_word' id='word_1_52' title='bbox 790 693 1017 760; x_wconf 87' lang='grc' dir='ltr'><strong><em>γίνεται.</em></strong></span> <span class='ocrx_word' id='word_1_53' title='bbox 1080 686 1148 744; x_wconf 83' lang='grc' dir='ltr'><strong><em>οὐ</em></strong></span> <span class='ocrx_word' id='word_1_54' title='bbox 1178 688 1287 762; x_wconf 79' lang='grc' dir='ltr'><strong><em>μὴν</em></strong></span> <span class='ocrx_word' id='word_1_55' title='bbox 1310 686 1449 746; x_wconf 78' lang='grc' dir='ltr'><strong><em>ἀλλὰ</em></strong></span> <span class='ocrx_word' id='word_1_56' title='bbox 1479 692 1572 746; x_wconf 84' lang='grc' dir='ltr'><strong><em>καὶ</em></strong></span> <span class='ocrx_word' id='word_1_57' title='bbox 1596 688 1655 746; x_wconf 82' lang='grc' dir='ltr'><strong><em>τὸ</em></strong></span> <span class='ocrx_word' id='word_1_58' title='bbox 1680 689 1852 764; x_wconf 84' lang='grc' dir='ltr'><strong><em>σωτή-</em></strong></span> 
     </span>
     <span class='ocr_line' id='line_1_8' title="bbox 237 769 1852 847; baseline 0.002 -19"><span class='ocrx_word' id='word_1_59' title='bbox 237 796 377 845; x_wconf 76' lang='grc' dir='ltr'><strong><em>ριον,</em></strong></span> <span class='ocrx_word' id='word_1_60' title='bbox 410 770 470 829; x_wconf 85' lang='grc' dir='ltr'><strong><em>τὸ</em></strong></span> <span class='ocrx_word' id='word_1_61' title='bbox 503 770 640 829; x_wconf 85' lang='grc' dir='ltr'><strong><em>κατά</em></strong></span> <span class='ocrx_word' id='word_1_62' title='bbox 661 770 762 845; x_wconf 80' lang='grc' dir='ltr'><strong><em>τὴν</em></strong></span> <span class='ocrx_word' id='word_1_63' title='bbox 796 775 854 829; x_wconf 83' lang='grc' dir='ltr'><strong><em>ἐκ</em></strong></span> <span class='ocrx_word' id='word_1_64' title='bbox 875 776 1092 846; x_wconf 88' lang='grc' dir='ltr'><strong><em>νεκρῶν</em></strong></span> <span class='ocrx_word' id='word_1_65' title='bbox 1122 769 1429 831; x_wconf 75' lang='grc' dir='ltr'><strong><em>ἀνάστασιν</em></strong></span> <span class='ocrx_word' id='word_1_66' title='bbox 1460 772 1651 847; x_wconf 76' lang='grc' dir='ltr'><strong><em>αὐτοῦ,</em></strong></span> <span class='ocrx_word' id='word_1_67' title='bbox 1683 779 1852 832; x_wconf 79' lang='grc' dir='ltr'><strong><em>πᾶσιν</em></strong></span> 
     </span>
     <span class='ocr_line' id='line_1_9' title="bbox 236 854 1850 933; baseline 0.003 -21"><span class='ocrx_word' id='word_1_68' title='bbox 236 856 611 930; x_wconf 78' lang='grc' dir='ltr'><strong><em>ἀπεκαλύφθη</em></strong></span> <span class='ocrx_word' id='word_1_69' title='bbox 651 871 764 924; x_wconf 88' lang='grc' dir='ltr'><strong><em>τοῖς</em></strong></span> <span class='ocrx_word' id='word_1_70' title='bbox 797 862 1017 930; x_wconf 76' lang='grc' dir='ltr'><strong><em>ἔθνεσι,</em></strong></span> <span class='ocrx_word' id='word_1_71' title='bbox 1065 859 1158 914; x_wconf 86' lang='grc' dir='ltr'><strong><em>καὶ</em></strong></span> <span class='ocrx_word' id='word_1_72' title='bbox 1188 854 1222 930; x_wconf 80' lang='grc' dir='ltr'><em>ἡ</em></span> <span class='ocrx_word' id='word_1_73' title='bbox 1254 856 1471 931; x_wconf 83' lang='grc' dir='ltr'><strong><em>ἀληθὴς</em></strong></span> <span class='ocrx_word' id='word_1_74' title='bbox 1505 858 1850 933; x_wconf 80' lang='grc' dir='ltr'><strong><em>δικαιοσύνη,</em></strong></span> 
     </span>
     <span class='ocr_line' id='line_1_10' title="bbox 238 933 1850 1016; baseline 0.002 -18"><span class='ocrx_word' id='word_1_75' title='bbox 238 940 312 998; x_wconf 84' lang='grc' dir='ltr'><strong><em>δι’</em></strong></span> <span class='ocrx_word' id='word_1_76' title='bbox 358 933 421 1014; x_wconf 75' lang='grc' dir='ltr'><strong><em>ἧς</em></strong></span> <span class='ocrx_word' id='word_1_77' title='bbox 462 945 707 1015; x_wconf 82' lang='grc' dir='ltr'><strong><em>ἐναργῶς</em></strong></span> <span class='ocrx_word' id='word_1_78' title='bbox 750 939 1058 1015; x_wconf 77' lang='grc' dir='ltr'><strong><em>ἀπεδείχθη</em></strong></span> <span class='ocrx_word' id='word_1_79' title='bbox 1098 939 1182 999; x_wconf 80' lang='grc' dir='ltr'><strong><em>ὅτι</em></strong></span> <span class='ocrx_word' id='word_1_80' title='bbox 1220 940 1294 1016; x_wconf 86' lang='grc' dir='ltr'><strong><em>μὴ</em></strong></span> <span class='ocrx_word' id='word_1_81' title='bbox 1330 941 1619 1000; x_wconf 87' lang='grc' dir='ltr'><strong><em>Ἰουδαίων</em></strong></span> <span class='ocrx_word' id='word_1_82' title='bbox 1659 942 1688 1001; x_wconf 85' lang='grc' dir='ltr'>ὁ</span> <span class='ocrx_word' id='word_1_83' title='bbox 1719 944 1850 1010; x_wconf 88' lang='grc' dir='ltr'><strong><em>θεὸς</em></strong></span> 
     </span>
     <span class='ocr_line' id='line_1_11' title="bbox 236 1022 1915 1099; baseline 0.002 -17"><span class='ocrx_word' id='word_1_84' title='bbox 236 1024 435 1099; x_wconf 77' lang='grc' dir='ltr'><strong><em>μόνον,</em></strong></span> <span class='ocrx_word' id='word_1_85' title='bbox 489 1024 627 1083; x_wconf 79' lang='grc' dir='ltr'><strong><em>ἀλλὰ</em></strong></span> <span class='ocrx_word' id='word_1_86' title='bbox 669 1029 760 1083; x_wconf 80' lang='grc' dir='ltr'><strong><em>καὶ</em></strong></span> <span class='ocrx_word' id='word_1_87' title='bbox 806 1029 1004 1083; x_wconf 86' lang='grc' dir='ltr'><strong><em>ἐθνῶν.</em></strong></span> <span class='ocrx_word' id='word_1_88' title='bbox 1085 1031 1132 1084; x_wconf 85' lang='lat'><strong><em>3.</em></strong></span> <span class='ocrx_word' id='word_1_89' title='bbox 1169 1022 1437 1098; x_wconf 79' lang='grc' dir='ltr'><strong><em>“ἐπείπερ</em></strong></span> <span class='ocrx_word' id='word_1_90' title='bbox 1481 1025 1559 1094; x_wconf 80' lang='grc' dir='ltr'><strong><em>εἷς</em></strong></span> <span class='ocrx_word' id='word_1_91' title='bbox 1598 1023 1626 1084; x_wconf 82' lang='grc' dir='ltr'><em>ὃ</em></span> <span class='ocrx_word' id='word_1_92' title='bbox 1676 1025 1848 1095; x_wconf 87' lang='grc' dir='ltr'><strong><em>θεός”</em></strong></span> <span class='ocrx_word' id='word_1_93' title='bbox 1876 1054 1915 1085; x_wconf 93' lang='lat'><strong><em>10</em></strong></span> 
     </span>
     <span class='ocr_line' id='line_1_12' title="bbox 237 1107 1853 1186; baseline 0.002 -20"><span class='ocrx_word' id='word_1_94' title='bbox 237 1111 374 1168; x_wconf 76' lang='grc' dir='ltr'><strong><em>κατὰ</em></strong></span> <span class='ocrx_word' id='word_1_95' title='bbox 412 1111 509 1168; x_wconf 87' lang='grc' dir='ltr'><strong><em>τὸν</em></strong></span> <span class='ocrx_word' id='word_1_96' title='bbox 550 1108 700 1184; x_wconf 78' lang='grc' dir='ltr'><strong><em>ἱερὸν</em></strong></span> <span class='ocrx_word' id='word_1_97' title='bbox 738 1109 1047 1168; x_wconf 83' lang='grc' dir='ltr'><strong><em>ἀπόστολον</em></strong></span> <span class='ocrx_word' id='word_1_98' title='bbox 1079 1107 1175 1177; x_wconf 79' lang='grc' dir='ltr'><strong><em>“ὃς</em></strong></span> <span class='ocrx_word' id='word_1_99' title='bbox 1218 1110 1502 1168; x_wconf 77' lang='grc' dir='ltr'><strong><em>δικαιώσει</em></strong></span> <span class='ocrx_word' id='word_1_100' title='bbox 1552 1110 1853 1186; x_wconf 83' lang='grc' dir='ltr'><strong><em>περιτομὴν</em></strong></span> 
     </span>
     <span class='ocr_line' id='line_1_13' title="bbox 238 1193 1850 1268; baseline 0.001 -16"><span class='ocrx_word' id='word_1_101' title='bbox 238 1199 297 1252; x_wconf 83' lang='grc' dir='ltr'><strong><em>ἐκ</em></strong></span> <span class='ocrx_word' id='word_1_102' title='bbox 337 1201 572 1261; x_wconf 88' lang='grc' dir='ltr'><strong><em>πίστεως</em></strong></span> <span class='ocrx_word' id='word_1_103' title='bbox 613 1196 704 1252; x_wconf 87' lang='grc' dir='ltr'><strong><em>καὶ</em></strong></span> <span class='ocrx_word' id='word_1_104' title='bbox 747 1193 1123 1268; x_wconf 85' lang='grc' dir='ltr'><strong><em>ἀκροβυστίαν</em></strong></span> <span class='ocrx_word' id='word_1_105' title='bbox 1163 1194 1254 1252; x_wconf 79' lang='grc' dir='ltr'><strong><em>διὰ</em></strong></span> <span class='ocrx_word' id='word_1_106' title='bbox 1296 1198 1391 1268; x_wconf 79' lang='grc' dir='ltr'><strong><em>τῆς</em></strong></span> <span class='ocrx_word' id='word_1_107' title='bbox 1432 1194 1722 1262; x_wconf 86' lang='grc' dir='ltr'><strong><em>πίστεως.”</em></strong></span> <span class='ocrx_word' id='word_1_108' title='bbox 1787 1196 1850 1254; x_wconf 86' lang='grc' dir='ltr'><strong><em>τὸ</em></strong></span> 
     </span>
     <span class='ocr_line' id='line_1_14' title="bbox 278 1274 1476 1302; baseline -0.003 -2"><span class='ocrx_word' id='word_1_109' title='bbox 278 1280 290 1300; x_wconf 63' lang='lat' dir='ltr'>x</span> <span class='ocrx_word' id='word_1_110' title='bbox 323 1274 387 1295; x_wconf 64' lang='lat' dir='ltr'><strong><em>“ft</em></strong></span> <span class='ocrx_word' id='word_1_111' title='bbox 470 1286 489 1302; x_wconf 69' lang='grc' dir='ltr'><em>η</em></span> <span class='ocrx_word' id='word_1_112' title='bbox 1080 1282 1101 1292; x_wconf 65' lang='lat' dir='ltr'><strong><em>e-</em></strong></span> <span class='ocrx_word' id='word_1_113' title='bbox 1143 1276 1172 1298; x_wconf 75' lang='lat'>„</span> <span class='ocrx_word' id='word_1_114' title='bbox 1390 1278 1403 1300; x_wconf 74' lang='lat'><em>2</em></span> <span class='ocrx_word' id='word_1_115' title='bbox 1452 1275 1476 1298; x_wconf 61' lang='grc' dir='ltr'><strong><em>θη</em></strong></span> 
     </span>
    </p>
   </div>
   <div class='ocr_carea' id='block_1_3' title="bbox 237 1279 1851 1438">
    <p class='ocr_par' dir='ltr' id='par_1_4' title="bbox 237 1279 1851 1438">
     <span class='ocr_line' id='line_1_15' title="bbox 239 1279 1851 1354; baseline 0.001 -19"><span class='ocrx_word' id='word_1_116' title='bbox 239 1284 299 1335; x_wconf 89' lang='grc' dir='ltr'><strong><em>δε</em></strong></span> <span class='ocrx_word' id='word_1_117' title='bbox 358 1303 440 1337; x_wconf 90' lang='grc' dir='ltr'><strong><em>οτι</em></strong></span> <span class='ocrx_word' id='word_1_118' title='bbox 461 1302 673 1353; x_wconf 88' lang='grc' dir='ltr'><strong><em>ερχεται</em></strong></span> <span class='ocrx_word' id='word_1_119' title='bbox 698 1293 883 1354; x_wconf 81' lang='grc' dir='ltr'><strong><em>κρῖναι</em></strong></span> <span class='ocrx_word' id='word_1_120' title='bbox 905 1279 1007 1351; x_wconf 86' lang='grc' dir='ltr'><strong><em>τὴν</em></strong></span> <span class='ocrx_word' id='word_1_121' title='bbox 1030 1303 1136 1352; x_wconf 89' lang='grc' dir='ltr'><strong><em>γην</em></strong></span> <span class='ocrx_word' id='word_1_122' title='bbox 1205 1281 1386 1352; x_wconf 86' lang='grc' dir='ltr'><strong><em>γένοιτ</em></strong></span> <span class='ocrx_word' id='word_1_123' title='bbox 1442 1305 1512 1338; x_wconf 93' lang='grc' dir='ltr'><strong><em>αν</em></strong></span> <span class='ocrx_word' id='word_1_124' title='bbox 1545 1279 1851 1353; x_wconf 86' lang='grc' dir='ltr'><strong><em>δηλωτικὸν</em></strong></span> 
     </span>
     <span class='ocr_line' id='line_1_16' title="bbox 237 1362 1310 1438; baseline 0 -18"><span class='ocrx_word' id='word_1_125' title='bbox 237 1365 327 1421; x_wconf 85' lang='grc' dir='ltr'><strong><em>καὶ</em></strong></span> <span class='ocrx_word' id='word_1_126' title='bbox 361 1367 455 1437; x_wconf 80' lang='grc' dir='ltr'><strong><em>τῆς</em></strong></span> <span class='ocrx_word' id='word_1_127' title='bbox 489 1366 750 1438; x_wconf 85' lang='grc' dir='ltr'><strong><em>δευτέρας</em></strong></span> <span class='ocrx_word' id='word_1_128' title='bbox 782 1362 958 1421; x_wconf 80' lang='grc' dir='ltr'><strong><em>αὐτοῦ</em></strong></span> <span class='ocrx_word' id='word_1_129' title='bbox 988 1370 1310 1438; x_wconf 90' lang='grc' dir='ltr'><strong><em>παρουσίας.</em></strong></span> 
     </span>
    </p>
   </div>
   <div class='ocr_carea' id='block_1_4' title="bbox 124 1586 1914 1661">
    <p class='ocr_par' dir='ltr' id='par_1_5' title="bbox 124 1586 1914 1661">
     <span class='ocr_line' id='line_1_17' title="bbox 124 1586 1914 1661; baseline 0.002 -20"><span class='ocrx_word' id='word_1_130' title='bbox 124 1610 211 1656; x_wconf 67' lang='lat'>[164]</span> <span class='ocrx_word' id='word_1_131' title='bbox 769 1586 901 1646; x_wconf 90' lang='grc' dir='ltr'><strong><em>Ἀπὸ</em></strong></span> <span class='ocrx_word' id='word_1_132' title='bbox 941 1591 1174 1661; x_wconf 80' lang='grc' dir='ltr'><strong><em>Ψαλμοῦ</em></strong></span> <span class='ocrx_word' id='word_1_133' title='bbox 1205 1612 1272 1661; x_wconf 83' lang='grc' dir='ltr'><strong><em>ρς</em></strong></span> <span class='ocrx_word' id='word_1_134' title='bbox 1284 1586 1311 1645; x_wconf 86' lang='lat'><strong><em>&#39;.</em></strong></span> <span class='ocrx_word' id='word_1_135' title='bbox 1873 1597 1914 1631; x_wconf 83' lang='lat'><strong><em>15</em></strong></span> 
     </span>
    </p>
   </div>
   <div class='ocr_carea' id='block_1_5' title="bbox 190 1696 1912 2785">
    <p class='ocr_par' dir='ltr' id='par_1_6' title="bbox 233 1696 1912 2446">
     <span class='ocr_line' id='line_1_18' title="bbox 361 1696 1850 1778; baseline -0.003 -17"><span class='ocrx_word' id='word_1_136' title='bbox 361 1712 459 1761; x_wconf 90' lang='lat' dir='ltr'>VII.</span> <span class='ocrx_word' id='word_1_137' title='bbox 505 1696 1180 1775; x_wconf 73' lang='grc' dir='ltr'><strong><em>“Ἐξομολογησάσθωσαν</em></strong></span> <span class='ocrx_word' id='word_1_138' title='bbox 1242 1703 1320 1778; x_wconf 74' lang='grc' dir='ltr'><strong><em>τῷ</em></strong></span> <span class='ocrx_word' id='word_1_139' title='bbox 1369 1706 1546 1777; x_wconf 77' lang='grc' dir='ltr'><strong><em>κυρίῳ</em></strong></span> <span class='ocrx_word' id='word_1_140' title='bbox 1606 1698 1672 1757; x_wconf 82' lang='grc' dir='ltr'><strong><em>τα</em></strong></span> <span class='ocrx_word' id='word_1_141' title='bbox 1727 1702 1850 1773; x_wconf 81' lang='grc' dir='ltr'><strong><em>ἐλέη</em></strong></span> 
     </span>
     <span class='ocr_line' id='line_1_19' title="bbox 235 1781 1850 1858; baseline 0 -16"><span class='ocrx_word' id='word_1_142' title='bbox 235 1782 408 1842; x_wconf 80' lang='grc' dir='ltr'><strong><em>αὐτοῦ</em></strong></span> <span class='ocrx_word' id='word_1_143' title='bbox 450 1787 542 1842; x_wconf 86' lang='grc' dir='ltr'><strong><em>καὶ</em></strong></span> <span class='ocrx_word' id='word_1_144' title='bbox 593 1783 659 1843; x_wconf 84' lang='grc' dir='ltr'><strong><em>τά</em></strong></span> <span class='ocrx_word' id='word_1_145' title='bbox 708 1784 998 1858; x_wconf 78' lang='grc' dir='ltr'><strong><em>θαυμάσια</em></strong></span> <span class='ocrx_word' id='word_1_146' title='bbox 1040 1781 1213 1842; x_wconf 81' lang='grc' dir='ltr'><strong><em>αὐτοῦ</em></strong></span> <span class='ocrx_word' id='word_1_147' title='bbox 1255 1799 1368 1850; x_wconf 80' lang='grc' dir='ltr'><strong><em>τοῖς</em></strong></span> <span class='ocrx_word' id='word_1_148' title='bbox 1408 1789 1552 1850; x_wconf 77' lang='grc' dir='ltr'><strong><em>υἱοῖς</em></strong></span> <span class='ocrx_word' id='word_1_149' title='bbox 1591 1787 1705 1841; x_wconf 85' lang='grc' dir='ltr'><strong><em>τῶν</em></strong></span> <span class='ocrx_word' id='word_1_150' title='bbox 1748 1782 1850 1842; x_wconf 89' lang='grc' dir='ltr'><strong><em>ἀν-</em></strong></span> 
     </span>
     <span class='ocr_line' id='line_1_20' title="bbox 233 1866 1849 1944; baseline -0.001 -17"><span class='ocrx_word' id='word_1_151' title='bbox 233 1868 496 1942; x_wconf 80' lang='grc' dir='ltr'><strong><em>θρώπων.</em></strong></span> <span class='ocrx_word' id='word_1_152' title='bbox 558 1868 642 1927; x_wconf 79' lang='grc' dir='ltr'><strong><em>ὅτι</em></strong></span> <span class='ocrx_word' id='word_1_153' title='bbox 673 1870 972 1944; x_wconf 82' lang='grc' dir='ltr'><strong><em>συνέτριψε</em></strong></span> <span class='ocrx_word' id='word_1_154' title='bbox 1012 1867 1189 1933; x_wconf 81' lang='grc' dir='ltr'><strong><em>πύλας</em></strong></span> <span class='ocrx_word' id='word_1_155' title='bbox 1233 1871 1436 1941; x_wconf 81' lang='grc' dir='ltr'><strong><em>χαλκᾶς</em></strong></span> <span class='ocrx_word' id='word_1_156' title='bbox 1481 1869 1572 1924; x_wconf 85' lang='grc' dir='ltr'><strong><em>καὶ</em></strong></span> <span class='ocrx_word' id='word_1_157' title='bbox 1611 1866 1849 1942; x_wconf 75' lang='grc' dir='ltr'><strong><em>μοχλοὺς</em></strong></span> 
     </span>
     <span class='ocr_line' id='line_1_21' title="bbox 235 1948 1852 2027; baseline 0.001 -18"><span class='ocrx_word' id='word_1_158' title='bbox 235 1958 499 2027; x_wconf 84' lang='grc' dir='ltr'><strong><em>σιδηροῦς</em></strong></span> <span class='ocrx_word' id='word_1_159' title='bbox 554 1956 936 2024; x_wconf 81' lang='grc' dir='ltr'><strong><em>συνέθλασεν,</em></strong></span> <span class='ocrx_word' id='word_1_160' title='bbox 993 1949 1321 2023; x_wconf 80' lang='grc' dir='ltr'><strong><em>ἀντελάβετο</em></strong></span> <span class='ocrx_word' id='word_1_161' title='bbox 1375 1948 1560 2008; x_wconf 79' lang='grc' dir='ltr'><strong><em>αὐτῶν</em></strong></span> <span class='ocrx_word' id='word_1_162' title='bbox 1611 1954 1663 2019; x_wconf 79' lang='grc' dir='ltr'><strong><em>ἐξ</em></strong></span> <span class='ocrx_word' id='word_1_163' title='bbox 1713 1952 1852 2010; x_wconf 80' lang='grc' dir='ltr'><strong><em>ὁδοῦ</em></strong></span> 
     </span>
     <span class='ocr_line' id='line_1_22' title="bbox 235 2034 1912 2110; baseline 0 -16"><span class='ocrx_word' id='word_1_164' title='bbox 235 2037 466 2110; x_wconf 88' lang='grc' dir='ltr'><strong><em>ἀνομίας</em></strong></span> <span class='ocrx_word' id='word_1_165' title='bbox 498 2034 698 2094; x_wconf 81' lang='grc' dir='ltr'><strong><em>αὐτῶν.</em></strong></span> <span class='ocrx_word' id='word_1_166' title='bbox 764 2036 855 2093; x_wconf 77' lang='grc' dir='ltr'><strong><em>διὰ</em></strong></span> <span class='ocrx_word' id='word_1_167' title='bbox 885 2041 989 2109; x_wconf 85' lang='grc' dir='ltr'><strong><em>γὰρ</em></strong></span> <span class='ocrx_word' id='word_1_168' title='bbox 1019 2034 1114 2102; x_wconf 79' lang='grc' dir='ltr'><strong><em>τὰς</em></strong></span> <span class='ocrx_word' id='word_1_169' title='bbox 1144 2034 1374 2109; x_wconf 90' lang='grc' dir='ltr'><strong><em>ἀνομίας</em></strong></span> <span class='ocrx_word' id='word_1_170' title='bbox 1416 2034 1602 2093; x_wconf 81' lang='grc' dir='ltr'><strong><em>αὐτῶν</em></strong></span> <span class='ocrx_word' id='word_1_171' title='bbox 1635 2039 1847 2094; x_wconf 82' lang='grc' dir='ltr'><strong><em>ἐταπει-</em></strong></span> <span class='ocrx_word' id='word_1_172' title='bbox 1873 2057 1912 2088; x_wconf 79' lang='lat'><strong><em>20</em></strong></span> 
     </span>
     <span class='ocr_line' id='line_1_23' title="bbox 233 2117 1848 2195; baseline 0.001 -17"><span class='ocrx_word' id='word_1_173' title='bbox 233 2119 520 2193; x_wconf 71' lang='grc' dir='ltr'><strong><em>νῶθησαν,</em></strong></span> <span class='ocrx_word' id='word_1_174' title='bbox 554 2123 665 2177; x_wconf 77' lang='grc' dir='ltr'><strong><em>πᾶν</em></strong></span> <span class='ocrx_word' id='word_1_175' title='bbox 696 2123 890 2195; x_wconf 88' lang='grc' dir='ltr'><strong><em>βρῶμα</em></strong></span> <span class='ocrx_word' id='word_1_176' title='bbox 923 2118 1251 2192; x_wconf 81' lang='grc' dir='ltr'><strong><em>ἐβδελύξατο</em></strong></span> <span class='ocrx_word' id='word_1_177' title='bbox 1280 2119 1314 2192; x_wconf 84' lang='grc' dir='ltr'>ἡ</span> <span class='ocrx_word' id='word_1_178' title='bbox 1339 2119 1486 2193; x_wconf 80' lang='grc' dir='ltr'><strong><em>ψυχὴ</em></strong></span> <span class='ocrx_word' id='word_1_179' title='bbox 1511 2117 1722 2179; x_wconf 53' lang='grc' dir='ltr'><strong><em>αὐτῶν*</em></strong></span> <span class='ocrx_word' id='word_1_180' title='bbox 1756 2123 1848 2178; x_wconf 84' lang='grc' dir='ltr'><strong><em>καὶ</em></strong></span> 
     </span>
     <span class='ocr_line' id='line_1_24' title="bbox 235 2203 1847 2279; baseline 0.001 -18"><span class='ocrx_word' id='word_1_181' title='bbox 235 2203 472 2277; x_wconf 77' lang='grc' dir='ltr'><strong><em>ἤγγισαν</em></strong></span> <span class='ocrx_word' id='word_1_182' title='bbox 505 2207 605 2271; x_wconf 77' lang='grc' dir='ltr'><strong><em>ἕως</em></strong></span> <span class='ocrx_word' id='word_1_183' title='bbox 635 2208 748 2262; x_wconf 85' lang='grc' dir='ltr'><strong><em>τῶν</em></strong></span> <span class='ocrx_word' id='word_1_184' title='bbox 778 2208 972 2261; x_wconf 89' lang='grc' dir='ltr'><strong><em>πυλῶν</em></strong></span> <span class='ocrx_word' id='word_1_185' title='bbox 1002 2207 1102 2261; x_wconf 83' lang='grc' dir='ltr'><strong><em>τοῦ</em></strong></span> <span class='ocrx_word' id='word_1_186' title='bbox 1131 2203 1400 2276; x_wconf 76' lang='grc' dir='ltr'><strong><em>θανάτου,</em></strong></span> <span class='ocrx_word' id='word_1_187' title='bbox 1433 2207 1524 2261; x_wconf 84' lang='grc' dir='ltr'><strong><em>καὶ</em></strong></span> <span class='ocrx_word' id='word_1_188' title='bbox 1551 2206 1847 2279; x_wconf 82' lang='grc' dir='ltr'><strong><em>ἐκέκραξαν</em></strong></span> 
     </span>
     <span class='ocr_line' id='line_1_25' title="bbox 235 2287 1849 2365; baseline 0.001 -19"><span class='ocrx_word' id='word_1_189' title='bbox 235 2289 371 2360; x_wconf 83' lang='grc' dir='ltr'><strong><em>πρὸς</em></strong></span> <span class='ocrx_word' id='word_1_190' title='bbox 412 2287 607 2363; x_wconf 84' lang='grc' dir='ltr'><strong><em>κύριον</em></strong></span> <span class='ocrx_word' id='word_1_191' title='bbox 653 2292 712 2346; x_wconf 83' lang='grc' dir='ltr'><strong><em>ἐν</em></strong></span> <span class='ocrx_word' id='word_1_192' title='bbox 751 2292 827 2365; x_wconf 76' lang='grc' dir='ltr'><strong><em>τῷ</em></strong></span> <span class='ocrx_word' id='word_1_193' title='bbox 867 2294 1171 2360; x_wconf 85' lang='grc' dir='ltr'><strong><em>θλίβεσθαι</em></strong></span> <span class='ocrx_word' id='word_1_194' title='bbox 1217 2287 1452 2359; x_wconf 79' lang='grc' dir='ltr'><strong><em>αὐτοὺς,</em></strong></span> <span class='ocrx_word' id='word_1_195' title='bbox 1495 2290 1587 2344; x_wconf 86' lang='grc' dir='ltr'><strong><em>καὶ</em></strong></span> <span class='ocrx_word' id='word_1_196' title='bbox 1628 2293 1687 2346; x_wconf 82' lang='grc' dir='ltr'><strong><em>ἐκ</em></strong></span> <span class='ocrx_word' id='word_1_197' title='bbox 1737 2294 1849 2346; x_wconf 90' lang='grc' dir='ltr'><strong><em>τῶν</em></strong></span> 
     </span>
     <span class='ocr_line' id='line_1_26' title="bbox 235 2369 1849 2446; baseline 0.001 -17"><span class='ocrx_word' id='word_1_198' title='bbox 235 2371 496 2446; x_wconf 77' lang='grc' dir='ltr'><strong><em>ἀναγκῶν</em></strong></span> <span class='ocrx_word' id='word_1_199' title='bbox 529 2370 711 2431; x_wconf 80' lang='grc' dir='ltr'><strong><em>αὐτῶν</em></strong></span> <span class='ocrx_word' id='word_1_200' title='bbox 733 2379 942 2431; x_wconf 82' lang='grc' dir='ltr'><strong><em>ἔσωσεν</em></strong></span> <span class='ocrx_word' id='word_1_201' title='bbox 964 2369 1191 2438; x_wconf 78' lang='grc' dir='ltr'><strong><em>αὐτούς·</em></strong></span> <span class='ocrx_word' id='word_1_202' title='bbox 1239 2369 1526 2430; x_wconf 82' lang='grc' dir='ltr'><strong><em>ἀπέστειλε</em></strong></span> <span class='ocrx_word' id='word_1_203' title='bbox 1556 2371 1651 2429; x_wconf 86' lang='grc' dir='ltr'><strong><em>τὸν</em></strong></span> <span class='ocrx_word' id='word_1_204' title='bbox 1683 2371 1849 2444; x_wconf 91' lang='grc' dir='ltr'><strong><em>λόγον</em></strong></span> 
     </span>
    </p>

    <p class='ocr_par' dir='ltr' id='par_1_7' title="bbox 190 2452 1910 2785">
     <span class='ocr_line' id='line_1_27' title="bbox 190 2452 1910 2530; baseline -0.001 -15"><span class='ocrx_word' id='word_1_205' title='bbox 190 2483 212 2515; x_wconf 81' lang='lat' dir='ltr'>d</span> <span class='ocrx_word' id='word_1_206' title='bbox 237 2457 436 2530; x_wconf 81' lang='grc' dir='ltr'><strong><em>αὑτοῦ,</em></strong></span> <span class='ocrx_word' id='word_1_207' title='bbox 481 2460 572 2515; x_wconf 86' lang='grc' dir='ltr'><strong><em>καὶ</em></strong></span> <span class='ocrx_word' id='word_1_208' title='bbox 615 2456 803 2515; x_wconf 67' lang='grc' dir='ltr'><strong><em>ἰάσατο</em></strong></span> <span class='ocrx_word' id='word_1_209' title='bbox 853 2453 1054 2524; x_wconf 75' lang='grc' dir='ltr'><strong><em>αὐτοὺς</em></strong></span> <span class='ocrx_word' id='word_1_210' title='bbox 1095 2458 1186 2512; x_wconf 86' lang='grc' dir='ltr'><strong><em>καὶ</em></strong></span> <span class='ocrx_word' id='word_1_211' title='bbox 1236 2455 1502 2529; x_wconf 82' lang='grc' dir='ltr'><strong><em>ἐρρύσατο</em></strong></span> <span class='ocrx_word' id='word_1_212' title='bbox 1542 2452 1743 2523; x_wconf 74' lang='grc' dir='ltr'><strong><em>αὐτοὺς</em></strong></span> <span class='ocrx_word' id='word_1_213' title='bbox 1788 2460 1847 2514; x_wconf 83' lang='grc' dir='ltr'><strong><em>ἐκ</em></strong></span> <span class='ocrx_word' id='word_1_214' title='bbox 1869 2474 1910 2506; x_wconf 84' lang='lat'><strong><em>25</em></strong></span> 
     </span>
     <span class='ocr_line' id='line_1_28' title="bbox 235 2536 1849 2617; baseline -0.001 -18"><span class='ocrx_word' id='word_1_215' title='bbox 235 2546 347 2600; x_wconf 88' lang='grc' dir='ltr'><strong><em>τῶν</em></strong></span> <span class='ocrx_word' id='word_1_216' title='bbox 380 2546 709 2617; x_wconf 88' lang='grc' dir='ltr'><strong><em>διαφθορῶν</em></strong></span> <span class='ocrx_word' id='word_1_217' title='bbox 741 2539 982 2599; x_wconf 83' lang='grc' dir='ltr'><strong><em>αὖτῶν.”</em></strong></span> <span class='ocrx_word' id='word_1_218' title='bbox 1032 2546 1080 2600; x_wconf 77' lang='grc'><strong><em>2.</em></strong></span> <span class='ocrx_word' id='word_1_219' title='bbox 1115 2542 1206 2597; x_wconf 90' lang='grc' dir='ltr'><strong><em>καὶ</em></strong></span> <span class='ocrx_word' id='word_1_220' title='bbox 1235 2537 1366 2613; x_wconf 89' lang='grc' dir='ltr'><strong><em>μεθ’</em></strong></span> <span class='ocrx_word' id='word_1_221' title='bbox 1401 2542 1558 2614; x_wconf 80' lang='grc' dir='ltr'><strong><em>ἕτερα</em></strong></span> <span class='ocrx_word' id='word_1_222' title='bbox 1582 2536 1849 2609; x_wconf 54' lang='lat' dir='ltr'><strong><em>“bule-2602—</em></strong></span> 
     </span>
     <span class='ocr_line' id='line_1_29' title="bbox 236 2625 1846 2702; baseline -0.002 -18"><span class='ocrx_word' id='word_1_223' title='bbox 236 2646 420 2684; x_wconf 85' lang='grc' dir='ltr'><strong><em>τωσαν</em></strong></span> <span class='ocrx_word' id='word_1_224' title='bbox 452 2625 622 2684; x_wconf 82' lang='grc' dir='ltr'><strong><em>αὐτὸν</em></strong></span> <span class='ocrx_word' id='word_1_225' title='bbox 656 2631 715 2684; x_wconf 82' lang='grc' dir='ltr'><strong><em>ἐν</em></strong></span> <span class='ocrx_word' id='word_1_226' title='bbox 751 2631 1010 2702; x_wconf 82' lang='grc' dir='ltr'><strong><em>ἐκκλησία</em></strong></span> <span class='ocrx_word' id='word_1_227' title='bbox 1052 2628 1186 2682; x_wconf 80' lang='grc' dir='ltr'><strong><em>λαοῦ</em></strong></span> <span class='ocrx_word' id='word_1_228' title='bbox 1218 2627 1308 2681; x_wconf 88' lang='grc' dir='ltr'><strong><em>καὶ</em></strong></span> <span class='ocrx_word' id='word_1_229' title='bbox 1341 2628 1401 2682; x_wconf 84' lang='grc' dir='ltr'><strong><em>ἐν</em></strong></span> <span class='ocrx_word' id='word_1_230' title='bbox 1431 2625 1684 2701; x_wconf 76' lang='grc' dir='ltr'><strong><em>καθέδρᾳ</em></strong></span> <span class='ocrx_word' id='word_1_231' title='bbox 1713 2648 1846 2699; x_wconf 90' lang='grc' dir='ltr'><strong><em>πρε-</em></strong></span> 
     </span>
     <span class='ocr_line' id='line_1_30' title="bbox 231 2707 1847 2785; baseline -0.001 -18"><span class='ocrx_word' id='word_1_232' title='bbox 231 2713 526 2785; x_wconf 85' lang='grc' dir='ltr'><strong><em>σβυτέρων</em></strong></span> <span class='ocrx_word' id='word_1_233' title='bbox 570 2710 954 2769; x_wconf 79' lang='grc' dir='ltr'><strong><em>αἰνεσάτωσαν</em></strong></span> <span class='ocrx_word' id='word_1_234' title='bbox 996 2707 1180 2767; x_wconf 80' lang='grc' dir='ltr'><strong><em>αὐτόν.</em></strong></span> <span class='ocrx_word' id='word_1_235' title='bbox 1251 2715 1409 2766; x_wconf 80' lang='grc' dir='ltr'><strong><em>ἔθετο</em></strong></span> <span class='ocrx_word' id='word_1_236' title='bbox 1451 2707 1729 2783; x_wconf 72' lang='grc' dir='ltr'><strong><em>ποταμούς</em></strong></span> <span class='ocrx_word' id='word_1_237' title='bbox 1771 2715 1847 2776; x_wconf 81' lang='grc' dir='ltr'><strong><em>εἰς</em></strong></span> 
     </span>
    </p>
   </div>
   <div class='ocr_carea' id='block_1_6' title="bbox 355 2903 1239 2956">
    <p class='ocr_par' dir='ltr' id='par_1_8' title="bbox 355 2903 1239 2956">
     <span class='ocr_line' id='line_1_31' title="bbox 355 2903 1239 2956; baseline 0.001 -13"><span class='ocrx_word' id='word_1_238' title='bbox 355 2906 405 2944; x_wconf 89' lang='grc'><strong><em>10</em></strong></span> <span class='ocrx_word' id='word_1_239' title='bbox 437 2904 564 2946; x_wconf 76' lang='lat' dir='ltr'>Rom,</span> <span class='ocrx_word' id='word_1_240' title='bbox 589 2907 629 2956; x_wconf 86' lang='lat'><strong><em>3,</em></strong></span> <span class='ocrx_word' id='word_1_241' title='bbox 654 2907 721 2944; x_wconf 87' lang='lat'><strong><em>30.</em></strong></span> <span class='ocrx_word' id='word_1_242' title='bbox 900 2905 950 2943; x_wconf 79' lang='lat'><strong><em>16</em></strong></span> <span class='ocrx_word' id='word_1_243' title='bbox 981 2904 1055 2944; x_wconf 70' lang='grc' dir='ltr'><strong><em>ΡΒ.</em></strong></span> <span class='ocrx_word' id='word_1_244' title='bbox 1082 2904 1176 2953; x_wconf 84' lang='grc'>106,</span> <span class='ocrx_word' id='word_1_245' title='bbox 1200 2903 1239 2945; x_wconf 88' lang='grc'><strong><em>8.</em></strong></span> 
     </span>
    </p>
   </div>
  </div>
 </body>
</html>
