1946 3158
558 127 865 170 DEMONST.
897 126 1116 170 EVANG.
1150 128 1232 169 111.
1267 125 1322 171 63*
1614 127 1710 179 191

102 243 363 304 ἀνωτάτω
394 249 680 318 παραίτιος
710 245 1075 316 γεγενημένος
1093 249 1174 311 τίς
1197 239 1267 300 ἂν
1301 245 1531 310 ἐνδίκως
1562 268 1713 317 νομι-

104 336 266 402 σθείη
298 326 330 402 ἢ
361 326 687 402 φιλοσόφων
709 324 737 385 ὁ
771 329 1074 399 πρώτιστος
1095 330 1187 386 καὶ
1212 324 1466 400 εὐσεβῶν
1489 324 1715 401 ἀνδρῶν

106 412 464 483 διδάσκαλος;
513 415 604 469 καὶ
650 410 752 486 γάρ
798 408 867 469 ἂν
914 423 998 485 εἰή
1029 418 1265 485 βελτίων
1298 411 1366 485 δή
1406 435 1515 470 που
1547 408 1712 480 πᾶςὸ

103 497 386 555 διδάσκων
426 500 537 555 τῶν
576 501 1078 570 μαθητευομένων·
1136 496 1440 571 φιλόσοφος
1482 494 1590 571 άρα
1621 499 1712 554 καὶ

58 610 78 643 5
101 581 326 656 ἀληθῶς
359 580 617 654 εὐσεβὴς,
660 586 866 639 πολλοῦ
912 587 997 640 δεῖ
1030 581 1236 650 πλάνος
1268 584 1358 638 καὶ
1390 580 1550 654 γόης,
1581 577 1714 655 ὁμο-

102 665 305 755 λογοῖτ’
351 663 422 724 ἂν
463 667 492 723 ὁ
534 665 716 739 σωτὴρ
759 668 850 723 καὶ
881 665 1070 739 κύριος
1100 665 1272 740 ἡμῶν.
1348 672 1395 724 9.
1431 672 1484 724 εἰ
1512 665 1580 739 δὴ
1610 667 1714 723 οῦν

100 735 318 809 τοιόσδε
347 775 426 818 τις
459 742 560 823 ἦν,
594 754 709 818 πῶς
740 747 809 808 ἂν
838 748 1017 817 άλλως
1044 753 1312 824 ἐπεχείρει
1343 764 1463 817 ταῖς
1493 761 1759 823 θαυμα-ιο

101 842 380 909 τουργίαις
411 832 443 908 ἢ
475 842 606 910 θεία
638 837 729 891 καὶ
759 832 1051 911 άπορρήτω
1086 833 1320 908 δυνάμει
1351 837 1442 892 καὶ
1472 839 1538 908 τῇ
1571 832 1711 892 ἄνω-

100 919 244 977 τάτω
275 922 403 993 περὶ
433 922 532 977 τοῦ
561 923 672 976 τῶν
702 917 849 977 ὅλων
879 922 1017 977 θεοῦ
1050 917 1338 995 εὐσεβείᾳ,
1379 916 1445 977 ὃν
1484 916 1573 976 οἷα
1605 942 1714 976 πα-

38 1032 79 1063 10
102 1008 231 1078 τέρα
269 1008 444 1077 τιμῶν
483 1006 576 1061 καὶ
619 1007 801 1075 σέβων
841 1002 907 1061 τά
945 1002 1181 1114 μάλιστα
1214 1001 1611 1082 ἀποδείκνυται
1653 1007 1713 1061 ἐκ

101 1093 212 1147 τῶν
252 1091 379 1163 περὶ
410 1085 584 1146 αὐτοῦ
615 1086 823 1160 λόγων;
874 1091 963 1146 ἐπὶ
1006 1095 1270 1147 τοσοῦτον
1317 1089 1377 1146 δε
1418 1086 1524 1161 ἄρα
1566 1093 1623 1145 οἵ
1653 1112 1712 1145 τε

101 1171 349 1247 ἀρχῆθεν
380 1172 531 1230 αὐτῶ
572 1173 1007 1246 προσεσχηκότες
1048 1175 1294 1247 μαθηταὶ
1335 1170 1506 1230 αὐτοῦ
1538 1175 1628 1229 καὶ
1660 1197 1712 1229 οι

102 1257 235 1330 μετὰ
264 1260 436 1314 ταῦτα
465 1262 562 1330 τῆς
595 1261 825 1315 ἐκείνων
857 1261 1141 1333 διατριβῆς
1181 1256 1458 1331 διάδοχοι,
1493 1280 1712 1331 πορρω-

101 1340 244 1399 τάτω
287 1342 705 1414 καθεστήκεσαν
748 1340 965 1415 φαύλης
1005 1346 1098 1400 καὶ
1138 1346 1382 1416 πονηρᾶς
1423 1340 1710 1413 ὑπονοίας,

40 1451 81 1484 15
107 1421 178 1492 ῶς
209 1427 347 1499 μηδὲ
386 1440 498 1492 τοῖς
531 1429 985 1499 νοσηλευομένοις
1028 1431 1367 1500 ἐπιτρέπειν,
1399 1424 1488 1484 οἶα
1518 1429 1710 1483 πολλοὶ

102 1509 278 1567 πολλὰ
311 1512 452 1582 δρᾶν
485 1513 882 1583 ἐπιχειροῦσιν,
916 1507 1225 1583 ἣπετάλων
1260 1514 1588 1584 ἐπιγραφαῖς
1620 1513 1710 1567 καὶ

101 1593 438 1667 περιάμμασι
469 1600 743 1667 χρῆσθαι,
785 1590 818 1666 ἢ
861 1609 974 1661 τοῖς
1014 1595 1345 1670 κατεπάδειν
1378 1599 1713 1667 ἐπαγγελλο-

100 1681 283 1751 μένοις
314 1681 605 1752 προσέχειν
635 1678 731 1736 τὸν
762 1683 917 1752 νοῦν,
951 1676 983 1751 ἢ
1015 1684 1179 1753 ῥιζῶν
1203 1681 1295 1736 καὶ
1319 1682 1571 1751 βοτανῶν
1601 1689 1713 1736 θυ-

100 1761 330 1836 μιάμασι
361 1768 461 1820 καί
486 1782 631 1820 τισιν
660 1761 846 1830 ἄλλοις
877 1763 1315 1837 τοιουτοτρόποις
1355 1762 1568 1829 ἀκέσεις
1600 1769 1712 1821 τῶν

38 1873 80 1906 20
101 1850 304 1905 παθῶν
335 1850 551 1914 ἑαυτοῖς
582 1853 840 1921 πορίζειν.
917 1853 998 1906 10,
1032 1851 1204 1905 ταῦτα
1235 1851 1374 1920 γοῦν
1405 1847 1585 1905 πάντα
1616 1851 1710 1921 τῆς

102 1936 343 2005 Χριστοῦ
376 1937 737 2000 διδασκαλίας
771 1931 1114 2007 ἐξελήλαται,
1145 1929 1275 1990 οὐδ’
1312 1938 1460 1990 ἔστιν
1490 1931 1711 1990 πώποτε

102 2016 436 2090 Χριστιανὸν
478 2015 810 2090 περιάμματι
858 2017 1143 2091 χρώμενον
1186 2016 1532 2090 θεάσασθαι,
1583 2014 1707 2074 οὐδ’

103 2098 491 2173 ἐπιλαλιαῖς,
469 2126 501 2174 η
533 2100 788 2160 πετάλων
817 2105 985 2159 τινῶν
1015 2105 1326 2175 περιέργων
1359 2105 1709 2175 ἐπιγραφαῖς,

102 2184 223 2242 οὐδ’
261 2184 474 2258 ἄλλοις,
508 2178 588 2243 ῶν
617 2184 718 2259 τὴν
749 2192 944 2259 χρῆσιν
975 2185 1286 2259 ἀδιάφορον
1316 2191 1373 2243 015
1398 2189 1592 2244 πολλοὶ
1623 2210 1709 2244 νε-

1743 1544 1761 1567 C

39 2295 80 2328 25
103 2277 372 2344 νομίκασι.
438 2275 518 2327 11.
552 2277 633 2337 τίς
665 2263 767 2328 οῦν
797 2276 947 2343 αιρεῖ
975 2269 1133 2343 λόγος
1164 2269 1289 2337 τούς
1314 2275 1532 2328 τοιοῦδε
1551 2276 1710 2328 διδα-
1738 2294 1806 2336 [83]

101 2354 307 2412 σκάλου
338 2354 531 2429 γόητος
563 2357 654 2412 καὶ
694 2353 909 2412 πλάνου
941 2353 1193 2428 μαθητας
1224 2357 1514 2428 γεγονέναι
1551 2363 1710 2428 νομί-

102 2445 240 2508 ζειν;
273 2443 363 2497 καὶ
385 2440 494 2514 μὴν
517 2439 719 2506 παντὸς
736 2442 1208 2514 ἐπαγγελλομένου
1231 2465 1282 2497 τι
1298 2442 1465 2513 με’γας
1490 2445 1707 2511 ε”λεγχος
1734 2465 1754 2496 (ι

100 2521 134 2595 ἡ
165 2526 276 2580 τῶν
303 2529 581 2598 φοιτητῶν
613 2531 899 2582 συνουσία.
959 2529 1038 2581 12.
1073 2522 1273 2598 ἄνδρες
1298 2527 1435 2596 γοῦν
1467 2529 1710 2596 ἔντεχνοι

102 2609 192 2663 καὶ
233 2607 590 2682 ἐπιστήμονες
632 2607 850 2675 πάντως
891 2631 999 2666 που
1040 2609 1136 2666 τὸν
1176 2617 1356 2665 αἴτιον
1395 2604 1583 2674 αὐτοῖς
1614 2611 1709 2680 τῆς

38 2716 80 2749 30
106 2689 399 2765 ἐπιστήμης
438 2692 581 2750 πολὺ
620 2700 908 2768 κρείττονα
948 2697 1110 2767 σφῶν
1150 2692 1336 2750 αὐτῶν
1366 2690 1709 2765 ἀποφαίνου-

103 2797 211 2848 σιν,
246 2773 430 2851 ῶσπερ
454 2770 555 2836 οῦν
581 2781 812 2852 ἰατρικοὶ
838 2780 941 2852 μὲν
971 2782 1066 2851 τῆς
1090 2781 1188 2835 τοῦ
1214 2776 1551 2835 διδασκάλου
1583 2778 1709 2848 περὶ

102 2859 160 2917 τὸ
193 2859 424 2935 μάθημα
465 2862 863 2936 κατορθώσεως
905 2863 1018 2921 εἷεν
1060 2859 1130 2921 ἂν
1159 2861 1460 2938 μάρτυρες,
1502 2885 1711 2935 γεωμε·
