1946 3158
227 147 324 200 158
891 147 1141 190 EUSEBII

222 262 328 337 ἄρα
358 256 430 336 ἦν
461 262 683 336 φύσεως
720 258 754 334 ἡ
796 263 923 336 περὶ
955 259 1125 321 αὐτὸν
1170 262 1430 338 δύναμις·
1473 262 1557 331 οἷς
1598 261 1833 324 ἀκολού-

223 359 339 415 θως
377 350 469 406 καὶ
498 346 564 405 τά
606 353 703 419 τῆς
747 345 869 403 κατ’
913 343 1085 405 αὐτὸν
1126 354 1438 422 θεολογίας,
1502 348 1576 416 ὡς
1614 347 1736 407 οἷόν
1773 353 1835 408 τέ

223 437 371 491 ἐστιν
419 431 554 505 ἡμῖν
595 435 959 504 ἐποπτεῦσαι,
1001 431 1362 506 ποιησόμεθα.
1455 436 1574 491 ἐπεὶ
1637 441 1832 493 τοίνυν

132 539 197 579 1071
224 522 335 575 τῶν
374 515 623 574 ἀπίστων
663 520 721 573 οἱ
756 520 980 582 πλείους
1019 515 1191 589 γόητα
1235 519 1327 573 καὶ
1377 517 1590 576 πλάνον
1624 517 1830 576 ἀποκα-

222 608 448 667 λοῦντες
513 603 606 657 καὶ
673 605 896 673 μυρίαις
945 596 1136 668 ἄλλαις
1185 608 1541 675 κακηγορίαις
1582 610 1873 677 βλασφη-5

221 692 451 757 μοῦντες
492 682 664 742 αὐτὸν
703 681 859 742 οὔπω
900 687 993 741 καὶ
1032 691 1146 743 νῦν
1185 683 1488 759 παύονται,
1545 691 1681 761 φέρε
1740 690 1833 746 καὶ

220 768 354 841 πρὸς
384 768 612 836 τούτους
653 766 1087 842 ἀποκρινώμεθα
1125 780 1384 843 οἴκοθεν,
1417 771 1518 844 μὲν
1548 769 1744 843 οὐδὲν,
1778 775 1832 840 ἐξ

220 852 409 912 αὐτῶν
452 855 514 912 δὲ
543 860 655 912 τῶν
686 853 860 911 αὐτοῦ
891 859 1100 926 φωνῶν
1130 857 1223 912 καὶ
1253 847 1319 929 ἧς
1350 858 1639 929 παρέδωκε
1672 861 1831 914 διδα-

220 944 448 1006 σκαλίας
478 937 573 1007 τὰς
603 940 942 1011 παραθέσεις
973 938 1311 1013 ποιούμενοι.

175 1052 195 1082 «ι
345 1036 423 1085 ΠΙ.
478 1025 765 1082 Πευστέον
810 1021 878 1095 δὴ
910 1022 1098 1081 αὐτῶν
1136 1033 1193 1081 εἴ
1234 1025 1370 1082 ποτέ
1403 1048 1483 1090 τις
1524 1022 1687 1091 ἄλλος
1719 1048 1833 1083 τοι-
1855 1051 1896 1082 10

218 1112 379 1176 οὗτος
437 1107 643 1175 πλάνος
705 1107 985 1181 ἱστόρηται
1036 1107 1339 1183 πραότητος
1393 1111 1486 1165 καὶ
1539 1113 1832 1177 ἐπιεικείας

219 1194 586 1268 σωφροσύνης
637 1217 696 1250 τε
747 1194 838 1250 καὶ
883 1198 979 1265 τῆς
1029 1190 1196 1266 ἄλλης
1249 1193 1445 1267 ἀρετῆς
1502 1192 1834 1260 διδάσκαλος

219 1290 331 1345 τοῖς
379 1275 756 1350 ἆπατωμένοις
816 1277 1059 1350 γεγονώς
1110 1287 1308 1350 αἴτιος,
1362 1279 1454 1334 καὶ
1505 1284 1556 1335 εἰ
1600 1277 1833 1351 θεμιτὸν

218 1360 432 1429 τούτοις
486 1358 789 1420 ἀποκαλεῖν
835 1375 948 1429 τοῖς
1005 1360 1238 1435 ὀνόμασι
1288 1359 1386 1419 τὸν
1447 1363 1589 1435 μηδὲ
1641 1364 1831 1436 ἐμβλέ-

218 1467 346 1503 πειν
397 1445 533 1521 μετὰ
586 1451 886 1520 ἐπιθυμίας
940 1445 1249 1504 ἀκολάστου
1308 1449 1563 1519 γυναιξὶν
1622 1449 1830 1520 ἐπιτρέ-
1852 1472 1894 1503 15

222 1544 430 1605 ψαντα,
486 1533 579 1590 καὶ
623 1538 674 1588 εἰ
715 1531 922 1599 πλάνος
961 1533 990 1588 ὁ
1031 1531 1134 1604 τὴν
1187 1539 1264 1599 εἰς
1317 1529 1490 1602 ἄκρον
1544 1530 1830 1603 παραδούς

218 1623 558 1690 φιλοσοφίαν
583 1619 643 1673 ἐν
671 1621 747 1692 τῷ
765 1617 893 1683 τούς
917 1615 1177 1690 φοιτητὰς
1197 1614 1489 1674 παιδεύειν
1510 1621 1623 1673 τῶν
1646 1614 1828 1688 ὑπαρ-

105 1727 196 1766 (103)
218 1698 430 1772 χόντων
462 1703 675 1760 ἐνδεέσι
707 1716 1000 1759 κοινωνεῖν
1012 1703 1104 1758 καὶ
1116 1699 1176 1758 τὸ
1189 1699 1600 1773 φιλόπονονκαὶ
1630 1723 1830 1757 κοινω-

217 1783 376 1842 νικὸν
420 1788 550 1861 περὶ
589 1789 798 1843 πολλοῦ
837 1792 1130 1856 τίθεσθαι,
1171 1787 1264 1842 καὶ
1305 1791 1358 1842 εἰ
1403 1782 1609 1850 πλάνος
1661 1783 1690 1841 ὁ
1731 1788 1828 1857 τῆς

217 1868 513 1944 πανδήμου
551 1873 645 1927 καὶ
674 1866 939 1942 ἀγελαίου
980 1872 1073 1926 καὶ
1110 1867 1481 1942 θορυβώδους
1523 1876 1825 1935 συνουσίας
1847 1893 1889 1924 20

218 1952 553 2028 ἀνεγείρων,
587 1953 873 2011 διδάσκων
903 1955 964 2011 δὲ·
993 1952 1172 2026 μόνην
1196 1952 1538 2022 ἀσπάζεσθαι
1569 1950 1671 2025 τὴν
1700 1957 1827 2022 περὶ

218 2036 284 2093 τὰ
322 2048 454 2096 θεῖα
497 2038 656 2109 λόγια
707 2037 927 2110 σχολήν.
988 2036 1086 2094 2.ὁ
1120 2038 1181 2094 δὲ
1205 2037 1407 2105 παντὸς
1437 2038 1540 2109 μὲν
1582 2036 1826 2106 ψεύδους

218 2119 576 2194 ἀποτρέπων,
619 2119 722 2194 τὴν
767 2118 820 2178 δ’
858 2118 1130 2194 ἀλήθειαν
1160 2121 1265 2196 πρὸ
1296 2121 1501 2189 παντὸς
1531 2124 1695 2194 τιμᾶν
1723 2144 1825 2178 πα-

219 2211 448 2279 ραινῶν,
481 2202 554 2273 ὥς
583 2205 714 2280 μηδ’
754 2204 1008 2278 εὐορκίας
1049 2212 1303 2280 δεῖσθαι,
1334 2213 1543 2264 πολλοῦ
1584 2211 1675 2264 δεῖ
1712 2209 1824 2263 ἐπι-

217 2304 429 2362 ορκεῖν·
456 2287 635 2348 “ἔστω
649 2288 754 2363 γάρ
768 2286 927 2363 ὑμῶν
949 2289 1009 2348 τὸ
1023 2293 1116 2348 ναὶ
1147 2297 1259 2363 ναί,
1276 2291 1335 2349 τὸ
1365 2288 1430 2348 οὒ
1455 2287 1578 2347 οὕ·”
1606 2296 1722 2357 πῶς
1753 2287 1823 2348 ἂν
1843 2313 1889 2345 25

216 2374 422 2443 πλάνος
453 2379 684 2443 ἐνδίκως
712 2373 1084 2448 ὀνοιιασθειή;
1131 2378 1222 2432 καὶ
1252 2382 1311 2432 τί
1348 2400 1415 2448 με
1458 2374 1561 2448 χρὴ
1592 2380 1824 2431 πλείονα

220 2463 325 2517 νῦν
370 2463 585 2532 λέγειν,
641 2460 820 2558 παρὸν
864 2462 923 2516 ἐκ
953 2462 1065 2516 τῶν
1106 2458 1358 2534 πρόσθεν
1405 2461 1711 2531 εἰρημένων
1741 2465 1822 2525 τίς

216 2567 346 2602 ποτε
376 2545 447 2618 ἠν
518 2541 547 2602 ὁ
578 2543 776 2618 τρόπος
816 2568 1026 2616 γνωναι
1055 2547 1151 2616 τῆς
1179 2539 1283 2600 υπ’
1317 2541 1492 2600 αὐτοῦ
1539 2563 1823 2601 κατασπα-

169 2654 188 2684 b
217 2635 402 2702 ρείσης
433 2652 508 2685 τω
539 2635 646 2706 βίω
676 2635 980 2701 πολιτείας,
1010 2626 1109 2700 ἀφ’
1146 2620 1209 2700 ἧς
1240 2624 1342 2701 οὐχ
1399 2626 1547 2693 ὅπως
1587 2625 1816 2700 πλάνον,

216 2709 355 2769 ἆλλά
385 2738 509 2771 τινα
538 2724 700 2771 θεῖον
731 2709 803 2780 ὥς
826 2712 1050 2786 άληθῶς
1081 2714 1173 2769 καὶ
1202 2717 1362 2779 θείας
1394 2714 1485 2769 καὶ
1529 2709 1814 2784 εὐσεβοῦς,
1839 2729 1882 2761 30

216 2793 346 2853 ἀλλ’
379 2794 446 2854 οὐ
476 2800 570 2870 τῆς
609 2802 796 2871 κοινῆς
836 2800 927 2855 καὶ
966 2795 1262 2870 πανδήμου
1302 2803 1632 2869 φιλοσοφίας
1672 2802 1818 2868 εἰση-

217 2878 389 2953 γητὴν
419 2884 525 2948 mig
556 2880 584 2938 ὁ
615 2880 932 2955 φιλαλήθης
957 2880 1127 2939 αὐτὸν
1157 2877 1490 2954 ὁμολογήσαι
1520 2879 1618 2950 ἅνς
1649 2884 1695 2938 3.
1721 2878 1817 2936 τὸν
