1992 3186
260 123 364 176 532
945 120 1196 162 EUsEssn

211 276 229 298 c
258 250 387 308 λους
429 236 648 304 ἐπιστὰς
678 251 791 303 τοῖς
815 232 1208 311 Ἱεροσολύμοις
1239 236 1557 310 Πομπήιος,
1585 233 1865 310 Ῥωμαίων

258 317 557 400 στρατηγὸς
590 320 686 394 ὢν,
722 326 872 395 αἱρεῖ
889 320 992 394 μὲν
1014 327 1304 396 πολιορκίᾳ
1323 320 1426 393 τὴν
1448 320 1629 395 πόλιν,
1659 328 1867 395 μιαίνει

261 412 321 468 δὲ
361 407 425 467 τά
456 407 613 480 ἅγια,
654 409 812 481 μέχρι
843 408 956 462 τών
987 403 1211 462 ἀδύτων
1240 408 1340 462 τοῦ
1371 410 1523 480 ἱεροῦ
1553 405 1865 479 προελθών.

260 500 339 551 76.
374 494 467 550 καὶ
497 496 670 549 ταῦτα
700 496 998 563 συμβαίνει
1030 495 1185 556 ἔτους
1206 487 1428 563 πρώτου
1449 494 1545 562 τῆς
1575 494 1869 563 ἑκατοστῆς

258 579 668 650 ἑβδομηκοστῆς
716 572 907 647 ε’νάτης
932 572 1327 647 Ὀλυμπιάδος,
1372 574 1507 647 μετὰ
1546 574 1869 648 τετρακόσια
1892 592 1912 623 5

259 661 589 734 ἐνενήκοντα
621 662 785 718 πέντε
816 665 908 731 ἔτη
938 661 1033 731 τῆς
1058 658 1252 732 Κύρου
1283 665 1592 732 βασιλείας,
1624 657 1740 732 ἥτις
1769 657 1869 732 ἥρ-
1939 687 1946 692 ·

260 752 384 815 ξατο
418 749 508 804 ἐπὶ
537 749 632 817 τῆς
662 746 1034 816 πεντηκοστῆς
1074 746 1320 816 πέμπτης
1345 740 1725 816 Ὀλυμπιάδος.
1788 749 1868 800 77.

258 831 381 888 τότε
414 828 467 887 δ’
502 823 605 887 οὖν
634 829 662 886 ὁ
695 827 983 902 Πομπήιος
1009 826 1152 885 ἔλων
1183 825 1318 885 κατά
1341 826 1538 902 κράτος
1560 825 1663 900 τὴν
1676 826 1871 902 Ἰερου-

259 915 468 989 σαλὴμ,
523 914 620 971 τὸν
670 916 1073 987 προειρημένον
1114 911 1544 987 Ἀριστόβουλον
1596 915 1874 985 ἐκπέμψας

215 1026 236 1058 d
264 1004 490 1074 δέσμιον
522 1001 610 1056 ἐπὶ
634 995 866 1071 Ῥώμης,
905 1002 981 1075 τῷ
1010 996 1209 1054 τούτου
1246 996 1475 1074 ἀδελφῷ
1499 994 1741 1074 Ὑρκανῷ
1772 994 1875 1068 τὴν
1897 1013 1937 1044 10

262 1082 683 1159 ἀρχιερωσύνην
713 1087 1092 1157 παραδίδωσι,
1123 1080 1184 1138 τό
1215 1104 1274 1139 τε
1305 1085 1416 1139 πᾶν
1447 1087 1612 1148 ἔθνος
1645 1085 1699 1149 ἐξ
1732 1085 1876 1138 ἐκεί-

262 1193 365 1226 νου
406 1168 669 1234 ὑποτελὲς
703 1164 984 1240 Ῥωμαίοις
1034 1165 1417 1239 κατεστήσατο.
1505 1171 1584 1223 78.
1630 1163 1764 1239 μεθ’
1809 1163 1874 1222 ὃν

254 1252 505 1326 ”Ηρώδης
558 1249 585 1309 ὃ
625 1251 988 1326 Ἀντιπάτρου
1041 1264 1170 1317 παῖς
1208 1248 1472 1324 Ὑρκανὸν
1511 1248 1728 1308 ἀνελών
1773 1249 1876 1322 τὴν

261 1341 373 1395 τών
399 1336 688 1396 Ἰουδαίων
720 1343 1009 1409 βασιλείαν
1048 1334 1156 1392 ὑπὸ
1200 1341 1296 1407 τῆς
1321 1331 1602 1408 Ῥωμαίων
1633 1334 1878 1407 συγκλή-

262 1446 360 1479 του
406 1426 612 1494 βουλῆς
653 1424 1031 1495 ἐγχειρίζεται,
1074 1418 1288 1493 πρῶτός
1329 1444 1387 1477 τε
1426 1416 1594 1486 αύτός
1627 1422 1679 1487 ἐξ
1711 1416 1877 1476 ἀλλο-
1899 1433 1939 1465 15

262 1506 448 1579 φύλου
489 1509 686 1578 γένους
718 1505 999 1578 βασιλεύει
1031 1508 1130 1562 τοῦ
1163 1511 1393 1577 ἔθνους,
1425 1501 1527 1576 τῆν
1548 1509 1662 1562 τῶν
1692 1502 1878 1577 ἀρχιε-

263 1593 407 1661 ρέων
437 1590 575 1647 κατὰ
602 1588 703 1647 ,τὸν
735 1592 987 1657 Μωσέως
1016 1589 1191 1662 νόμον
1223 1594 1557 1662 διαφθείρας
1586 1587 1756 1656 τάξιν.
1793 1592 1874 1644 79.

262 1672 290 1732 ὁ
322 1676 424 1748 μὲν
455 1674 559 1750 γὰρ
590 1685 745 1741 θεῖος
776 1673 941 1747 νόμος
975 1672 1066 1731 διὰ
1095 1680 1223 1745 βίου
1255 1677 1513 1746 ἱερᾶσθαι
1539 1677 1614 1750 τῷ
1637 1678 1755 1750 θεῷ
1785 1672 1882 1729 τὸν

263 1758 528 1817 ἀνωτάτω
561 1759 884 1833 προστάττει
915 1759 1196 1832 ἀρχιερέα·
1245 1757 1274 1814 ὁ
1309 1756 1359 1814 δ’
1388 1757 1638 1831 Ἡρώδης
1669 1756 1736 1814 οὗ
1766 1769 1895 1822 τοῖς,

264 1840 372 1901 ἀπὸ
403 1847 599 1916 γένους
631 1841 760 1900 οὐδ’
795 1841 877 1911 οἷς
909 1848 1190 1918 προσῆκον
1230 1835 1301 1914 ῆν
1330 1839 1602 1898 ἀπεδίδου
1632 1841 1734 1912 τὴν
1764 1848 1873 1896 λει-
1901 1855 1942 1887 20

260 1936 561 2002 τουργιάν,
608 1926 1043 2000 ἀπεξενωμένοις
1084 1929 1149 1982 δέ
1174 1946 1285 1982 τισι
1315 1927 1406 1982 καὶ
1446 1923 1754 1998 ἀλλοτρίοις
1783 1930 1880 1996 τῆς

267 2016 379 2069 τῶν
410 2011 713 2084 ἀρχιερέων
758 2017 1048 2084 διαδοχῆς,
1089 2011 1180 2066 καὶ
1211 2008 1342 2066 οὐδὲ
1373 2008 1588 2075 τούτοις
1620 2013 1879 2083 διαρκώς,

155 2119 243 2161 (395)
268 2093 401 2168 πρὸς
433 2093 648 2167 βραχύν
681 2097 747 2151 δέ
771 2119 894 2152 τινα
926 2097 1018 2151 καὶ
1047 2097 1485 2167 περιωρισμένον
1516 2093 1748 2168 χρόνον,
1779 2091 1879 2149 ἄλ-

265 2187 388 2236 λοτε
418 2177 601 2245 ἄλλοις
631 2177 731 2251 τὴν
759 2177 925 2252 τιμὴν
953 2177 1451 2251 ἀντιδωρούμενος,
1484 2176 1623 2235 ὥστε
1652 2176 1746 2245 τάς
1776 2178 1879 2250 μὲν

265 2262 485 2334 πρώτας
516 2263 650 2319 ἑπτὰ
683 2263 994 2336 ἑβδομάδας
1025 2261 1337 2336 ἀπόΚύρου
1369 2265 1460 2319 καὶ
1493 2264 1582 2319 ἐπὶ
1612 2271 1876 2334 Δαρεῖον,
1900 2287 1942 2320 25

264 2346 360 2413 τοὶς
414 2348 477 2404 δὲ
528 2346 720 2415 λοιπάς
761 2346 1023 2420 ἑξήκοντα
1067 2346 1167 2404 δύο
1210 2345 1317 2403 ἀπὸ
1358 2353 1605 2420 Δαρείου
1653 2349 1745 2403 καὶ
1787 2347 1876 2402 ἐπὶ

265 2431 561 2505 Πομπήιον
612 2430 708 2489 τὸν
753 2428 1030 2506 Ῥωμαίων
1084 2429 1390 2505 στρατηγὸν
1450 2437 1876 2504 περιορίζεσθαι.

266 2521 347 2572 80.
382 2519 474 2572 καὶ
504 2518 641 2573 κατὰ
663 2524 855 2590 τρίτην
881 2517 942 2573 δὲ
963 2522 1212 2591 θεωρίαν
1236 2513 1418 2589 εὕροις
1441 2513 1510 2573 ἂν
1533 2514 1713 2581 ἄλλως
1736 2513 1878 2572 ἀπα·
1918 2558 1922 2560 -

267 2598 638 2672 ριθμούμενος
683 2600 810 2667 τοὺς
856 2599 1087 2675 χρόνους
1131 2604 1243 2657 τών
1289 2599 1426 2663 ἑπτά
1471 2602 1563 2656 καὶ
1611 2599 1874 2672 ἑξήκοντα

265 2683 367 2740 δύο
402 2683 757 2757 ἑβδομάδων,
800 2693 861 2741 αἳ
887 2691 1274 2743 συντείνουσιν
1307 2691 1383 2751 εἰς
1426 2691 1518 2756 ἔτη
1548 2682 1873 2756 τετρακόσια
1896 2703 1941 2737 30

159 2789 246 2831 [246]
270 2764 611 2838 ὀγδοήκοντα
634 2776 777 2842 τρία,
812 2767 896 2825 ἐπ’
934 2767 1103 2827 αὐτὸν
1126 2766 1455 2840 Αὔγουστον
1478 2771 1569 2825 καὶ
1596 2770 1684 2825 ἐπὶ
1710 2765 1877 2842 Ἡρώ-

161 2881 169 2916 ‘1
228 2874 250 2906 b
276 2856 380 2922 δην
410 2850 506 2908 τὸν
536 2855 757 2925 πρῶτον
790 2856 842 2920 ἐξ
874 2852 1194 2926 ἀλλοφύλου
1225 2856 1419 2925 γένους
1450 2851 1879 2924 βασιλεύσαντα,
