1992 3186
261 103 366 157 654
936 103 1186 145 EUSEBII

262 217 478 292 αὐτοῖς,
527 221 618 276 καὶ
659 215 741 275 ὅτι
771 218 1019 285 πένθους
1057 215 1179 285 ἄξια
1220 225 1466 277 πείσεται
1506 215 1640 292 ἡγῆ
1681 217 1870 277 αὐτῶν

260 304 396 378 μετὰ
426 306 518 360 καὶ
548 307 659 360 τῶν
689 300 1023 376 οἰκητόρων,
1064 299 1218 359 καὶ
1187 326 1270 360 οτι
1299 302 1491 361 οὐκέθ’
1530 301 1603 371 ὥς
1643 302 1703 360 τὸ
1734 306 1868 377 πρὶν

263 395 338 455 εἰς
369 385 547 462 βραχὺ
578 387 980 453 παιδευθέντες
1021 378 1188 453 αὐθις
1219 385 1867 491 ἀποκατασταθησονται,

259 469 382 529 ἀλλ’
418 477 495 537 εἰς
541 472 867 529 συντέλειαν
905 470 972 528 τὰ
1014 468 1133 528 κατ’
1181 468 1382 539 αὐτους
1423 469 1554 543 η’ξει.
1617 467 1870 575 ’ἄναηβή-

260 574 411 613 σεται
440 554 612 628 γοῦν”
648 552 855 629 φησὶν“
860 554 957 622 ὥς
988 553 1228 629 ποταμὸς
1250 555 1284 629 ἡ
1309 557 1597 614 συντέλεια
1622 553 1845 630 αυτων,’
1890 580 1911 612 5

257 640 360 713 τὴν
393 643 744 698 ἐπελθοῦσαν
774 638 963 708 αὐτοῖς
1002 637 1127 698 οὐδ’
1160 638 1355 699 άλλοτε
1384 636 1419 713 ἢ
1451 665 1587 698 κατα
1617 633 1719 713 τὴν
1742 635 1870 698 Ῥω-

257 731 439 798 μαίων
469 731 760 798 βασιλείαν
796 721 998 799 ὀργὴν,
1045 724 1293 798 ποταμὸν
1323 723 1748 799 ἀναβησόμενον
1779 722 1867 782 ἐπ’

257 807 490 883 αυτούς,
534 833 606 876 ως
641 812 700 866 ἐν
729 807 859 878 ὕψει
891 807 951 866 τὸ
981 812 1115 883 πρὶν
1145 808 1336 883 ὄντας,
1380 808 1770 882 αἰνιττόμενος.
1816 813 1866 867 4.

255 896 348 951 καὶ
382 894 450 966 δὴ
480 892 615 967 μετὰ
645 893 746 967 τὴν
779 899 1135 967 δηλωθεῖσαν
1158 891 1279 951 κατ’
1307 891 1494 952 αυτῶν
1518 898 1578 952 ἐκ
1606 896 1706 951 τοῦ
1727 896 1872 951 θεοῦ

255 975 428 1053 ὀργὴν
469 971 637 1045 αὖθις
675 978 742 1035 τὰ
783 977 899 1036 κατ’
946 977 1149 1046 αυτοὺς
1194 977 1518 1053 πράγματα,
1555 975 1668 1044 “055-
1699 999 1868 1035 ποτα-
1893 1002 1932 1035 10

254 1060 373 1137 μός’
426 1065 601 1136 φησὶν
622 1059 952 1136 “Λίγυ’πτου
992 1059 1431 1136 καταβήσεταιῶ
1475 1061 1547 1120 δι
1595 1087 1675 1120 ων
1717 1061 1870 1135 οἶμαι

257 1152 570 1220 δηλοῦσθαι
600 1146 682 1204 ὅτι
712 1145 778 1204 vo}
808 1146 980 1204 πάλαι
1009 1150 1255 1222 μετέωρα
1286 1149 1378 1205 καὶ
1411 1146 1559 1223 παρὰ
1582 1151 1703 1225 θεῷ
1725 1169 1870 1203 τετι-

256 1234 471 1305 μημένα
511 1233 603 1288 καὶ
649 1229 832 1304 ὥσπερ
876 1235 936 1289 ἐν
973 1231 1104 1301 ὕψει
1151 1238 1380 1306 κείμενα
1419 1229 1876 1303 πλεονεκτήματα

254 1319 355 1373 τοῦ
378 1315 666 1374 Ἰουδαίων
708 1322 911 1382 ἔθνους
951 1314 1112 1389 ὅμοια
1141 1331 1254 1383 τοῖς
1295 1321 1547 1390 ῥευστοῖς
1577 1317 1671 1372 καὶ
1705 1320 1869 1388 δίκην

254 1404 502 1473 ποταμοῦ
532 1403 940 1474 παρα-τρέχουσι
969 1404 1080 1458 τῶν
1103 1397 1352 1459 ἀπίστων
1377 1404 1564 1458 ε’θνῶν
1586 1398 1866 1474 πράγμασι
1890 1424 1930 1457 15

254 1483 669 1557 καταστήσεται,
701 1482 803 1558 ἀφ’
839 1483 1021 1555 ὕψους
1050 1509 1108 1543 τε
1141 1492 1217 1553 εἰς
1237 1483 1501 1543 ταπεινὸν
1529 1482 1868 1560 περιτραπή-

255 1587 422 1627 σεται.
485 1574 534 1627 5.
570 1566 681 1627 εἷθ’
719 1572 841 1642 ἑξῆς
871 1569 1083 1636 τούτοις
1109 1568 1249 1628 αὐτοὶ
1274 1568 1342 1643 δὴ
1365 1570 1431 1628 τὰ
1450 1568 1592 1643 ἀμφὶ
1622 1567 1720 1627 τὸν
1749 1594 1867 1627 και-

254 1652 355 1727 ρόν
393 1660 491 1711 τοῦ
536 1660 815 1758 σωτηρίου
853 1654 1072 1722 πάθους
1110 1653 1499 1729 συμβεβηκότα
1545 1659 1733 1727 δηλῶν
1763 1652 1866 1711 “ε’ν

256 1735 459 1812 ἐκείνῃ’
463 1734 690 1812 Μφησὶ
696 1742 764 1813 τῇ
786 1735 980 1815 ἡμέρα,
1007 1742 1154 1813 λέγει
1177 1739 1386 1815 κύριος,
1412 1737 1679 1797 δυ’σεται
1655 1763 1684 1795 ο
1709 1737 1865 1810 η’λιος

251 1829 613 1897 μεσημβρίας,
645 1825 738 1880 καὶ
769 1822 1100 1883 συσκοτάσει
1132 1826 1220 1881 ε’πὶ
1249 1827 1345 1906 τῇς
1375 1829 1475 1896 γῆς
1507 1826 1568 1880 ἐν
1596 1821 1774 1898 ἡμέρα
1802 1819 1862 1879 τὸ
1885 1845 1926 1879 20

252 1911 390 1981 φώς,
398 1907 427 1928 ”
463 1933 498 1964 α
539 1911 630 1966 καὶ
673 1911 879 1982 ἐναργῆ
917 1902 1021 1980 τὴν
1061 1914 1290 1980 ἔκβασιν
1331 1915 1590 1980 εἰληφεν,
1632 1929 1723 1963 οτε
1763 1908 1866 1964 τοῦ

252 1996 497 2066 σωτῆρος
545 1989 704 2066 ημῶν
752 1991 1080 2061 ὑψωθέντος
1131 2015 1268 2048 κατα
1317 1990 1414 2049 τὸν
1467 1987 1863 2064 εὐαγγελιστὴν

241 2071 389 2132 (ὀίπὸ
420 2079 579 2148 ἕκτης
621 2073 767 2150 ὥρας
807 2074 998 2142 σκότος
1030 2077 1245 2148 ἐγένετο
1289 2078 1378 2132 ε’πὶ
1408 2079 1595 2134 πᾶσαν
1624 2073 1726 2149 τὴν
1756 2078 1863 2148 γῆν

253 2162 355 2226 ἕως
387 2156 532 2233 ὥρας
565 2158 786 2233 ἐνάτης,
826 2162 953 2234 περὶ
987 2160 1047 2217 δὲ
1077 2158 1179 2232 τὴν
1212 2158 1411 2233 ἐνάτην
1443 2158 1594 2234 ὤραν
1624 2157 1862 2233 ἀνεβόη-

251 2262 349 2301 σεν
394 2243 422 2301 ὁ
448 2242 654 2317 Ἰησοῦς
698 2248 862 2319 φωνῇ
901 2243 1140 2320 μεγάλῃ,
1187 2246 1364 2316 λέγων
1398 2243 1520 2302 Ἠλὶ
1557 2240 1675 2301 Ἠλὶ
1715 2247 1860 2317 λαμᾶ
1881 2265 1922 2298 25

252 2326 627 2403 σαβαχθανί.”

378 2419 425 2471 6.
471 2412 697 2472 Τούτων
730 2415 789 2472 δὲ
819 2419 1015 2472 τοῦτον
1047 2415 1513 2471 ἐπιτελεσθέντων
1530 2410 1627 2470 τὸν
1655 2410 1862 2487 τρόπον

252 2500 372 2571 ἑξῆς
406 2501 641 2572 ἐπιλέγει
665 2495 796 2556 “nal
827 2500 1182 2573 μεταστρέψω
1222 2497 1317 2564 τὰς
1352 2495 1541 2573 ἑορτὰς
1579 2495 1739 2571 ὑμῶν
1781 2501 1859 2563 εἰς

250 2586 458 2651 πένθος
496 2586 589 2641 καὶ
629 2583 807 2650 πάσας
837 2583 932 2651 τὰς
973 2581 1119 2661 ᾠδὰς
1149 2581 1308 2656 ὑμῶν
1351 2588 1429 2649 εἰς
1459 2584 1702 2657 θρῆνον·
1765 2581 1858 2637 καὶ

251 2665 506 2739 ἆναβιβῶ
546 2670 634 2725 ἐπὶ
685 2672 869 2726 πᾶσαν
908 2665 1091 2742 ὀσφὺν
1139 2666 1346 2725 σάκκον
1398 2669 1490 2724 καὶ
1542 2667 1631 2724 ἐπὶ
1671 2667 1855 2723 πᾶσαν
1877 2685 1918 2719 3ο

364 2862 417 2901 23
448 2860 614 2906 Matth.
636 2864 705 2914 27,
727 2863 795 2903 46.
