1946 3158
586 109 890 152 DEMONST.
924 109 1145 151 EVANG.
1178 109 1213 149 1.
1248 111 1287 150 8.
1466 91 1468 93 ’
1675 107 1742 160 57

142 227 259 282 λῶν
300 222 490 290 ἀκοαῖς
530 222 854 297 ποιούμενοι
894 222 997 296 τὴν
1040 229 1434 296 διδασκαλίαν,
1489 221 1593 282 ὅσα
1643 226 1745 298 μὲν

143 307 239 365 ἅτε
268 307 370 381 τὴν
400 311 514 377 ἕξιν
547 307 906 381 διαβεβηκόσι
936 308 1071 382 πρὸς
1101 312 1198 366 τοῦ
1229 314 1444 366 τελείου
1479 308 1746 366 διδασκά-

143 401 245 450 λου
275 391 638 467 παρήγγελτο,
670 397 841 450 ταῦτα
871 406 984 460 τοῖς
1015 398 1149 460 οἵοις
1179 417 1238 451 τε
1278 407 1480 467 χωρεῖν
1521 399 1745 466 παρεδί-

145 482 273 535 δου·
305 475 408 534 ὅσα
439 478 502 535 δὲ
531 491 644 544 τοῖς
677 484 754 534 ἔτι
784 477 879 543 τὰς
921 476 1099 551 ψυχάς
1142 480 1415 550 ε’μπαθέσι
1446 479 1537 535 καὶ
1576 489 1745 551 θερα-

98 586 119 620 5
142 567 300 628 πείας
363 564 643 636 δεομένοις
696 560 1021 637 ἐφαρμόζειν
1082 558 1505 636 ὑπελάμβανον,
1568 566 1739 619 ταῦτα
1767 585 1833 627 [211

141 644 528 719 συγκατιόντες
558 651 625 721 τῇ
653 653 767 704 τῶν
791 645 1065 703 πλειόνων
1096 645 1385 722 ἀσθενείᾳ,
1417 648 1483 704 τὰ
1506 647 1609 720 μὲν
1652 646 1742 704 διά

139 730 506 805 γραμμάτων,
539 725 605 788 τά
640 733 700 788 δὲ
745 729 819 787 δι’
867 729 1140 804 ἀγράφων
1178 735 1407 805 θεσμῶν
1449 730 1750 804 φυλάττειν

142 821 540 889 παρεδίδοσαν,
596 813 738 873 ὥστε
783 813 892 887 ἤδη
935 817 1024 871 καὶ
1066 819 1133 890 τῇ
1192 820 1435 889 Χριστοῦ
1490 819 1749 892 ἐκκλησίᾳ

144 899 245 957 δύο
287 906 432 972 βίων
475 903 957 974 νενομοθετῆσθαι
1001 898 1267 972 τρόπους·
1306 900 1403 957 τὸν
1444 901 1545 974 μὲν
1581 897 1747 971 ὑπερ-

78 1009 120 1041 ιο
142 988 259 1057 φυῆ
299 987 392 1041 καὶ
434 989 528 1058 τῆς
559 987 748 1057 κοινῆς
779 987 872 1041 καὶ
900 981 1263 1057 ἀνθρωπίνης
1295 990 1574 1050 πολιτείας
1622 987 1748 1042 έπέ-

142 1091 331 1140 κεινα,
386 1066 452 1126 οὐ
503 1068 734 1142 γάμους,
784 1067 852 1126 οὐ
903 1074 1283 1141 παιδοποιίας,
1342 1066 1477 1126 οὐδὲ
1529 1072 1742 1141 κτῆσιν,

143 1152 278 1211 οὐδὲ
308 1160 629 1227 περιουσίας
659 1150 899 1227 ὕπαρξιν
923 1151 1394 1227 παραδεχόμενον,
1421 1151 1551 1211 ὅλον
1578 1154 1637 1210 δὲ
1671 1151 1743 1210 δι’

143 1237 277 1295 ὅλου
308 1241 402 1310 τῆς
443 1242 628 1311 κοινῆς
668 1240 759 1295 καὶ
801 1236 1089 1311 συνήθους
1129 1235 1392 1295 ἁπάντων
1428 1236 1748 1310 ἀνθρώπων
1772 1261 1795 1292 d

145 1321 364 1394 ἀγωγῆς
395 1324 872 1396 παρηλλαγμένον,
896 1325 996 1380 καὶ
1026 1321 1169 1397 μόνῃ
1211 1328 1277 1396 τῇ
1317 1327 1415 1380 τοῦ
1466 1325 1609 1380 θεοῦ
1653 1332 1747 1379 θε-

85 1429 126 1462 15
149 1413 351 1481 ραπείᾳ
380 1411 877 1482 προσῳκειωμένον
901 1404 1034 1464 καθ’
1068 1403 1387 1480 ὑπερβολὴν
1419 1414 1619 1481 ἔρωτος
1652 1405 1748 1464 οὐ·
1826 1441 1830 1444 -

148 1496 361 1563 ρανίου.
424 1496 473 1548 2.
506 1495 561 1548 οἱ
588 1490 751 1548 τόνδε
781 1489 1056 1564 μετιόντες
1086 1490 1184 1548 τὸν
1212 1490 1446 1566 τρόπον,
1479 1491 1575 1548 τὸν
1605 1501 1750 1564 θνη-

145 1578 258 1631 τῶν
292 1580 418 1646 βίον
457 1574 728 1633 τεθνάναι
771 1578 1094 1646 δοκοῦντες,
1137 1578 1230 1632 καὶ
1282 1572 1418 1632 αυτὸ
1475 1573 1649 1648 μόνον
1689 1575 1748 1632 τὸ

146 1662 303 1731 σῶμα
348 1661 610 1731 φέροντες
650 1662 739 1717 ἐπὶ
778 1666 897 1732 γῆς,
943 1658 1254 1759 φρονήματι
1303 1660 1363 1716 δε
1411 1658 1514 1731 τὴν
1566 1657 1751 1760 ψυχην

148 1749 226 1810 εἰς
257 1741 499 1816 οὐρανὸν
529 1746 1006 1817 μετενενηγμένοι,
1038 1743 1127 1800 οἱά
1155 1767 1300 1810 τινες
1331 1740 1611 1818 οὐράνιοι,
1655 1742 1752 1801 τὸν

82 1852 124 1884 20
145 1831 259 1884 τῶν
288 1826 609 1901 ἀνθρώπων
642 1832 884 1901 ἐφορωσι
908 1834 1062 1929 βίον,
1102 1826 1242 1900 ὑπερ
1283 1851 1381 1884 του
1420 1827 1625 1895 παντὸς
1664 1832 1750 1901 γέ-

146 1937 278 1979 νους
311 1915 599 1986 ιερωμένοι
628 1938 703 1970 τω
730 1915 819 1970 ἐπὶ
850 1912 1077 1971 πάντων
1107 1917 1254 1990 θεω,
1299 1910 1365 1968 οὐ
1415 1919 1750 1985 βουθυσίαις

148 1999 241 2054 καὶ
294 2002 540 2070 αἴμασιν,
593 1974 728 2055 οὐδε
768 2004 1036 2064 σπονδαις
1078 1999 1169 2054 καὶ
1210 2003 1455 2070 κνίσαις,
1498 1994 1623 2055 οὐδ’
1682 1998 1751 2054 αὐ

147 2085 340 2158 καπνῷ
371 2084 463 2138 καὶ
493 2082 668 2156 πυρὸς
698 2079 1015 2155 ἀποβρώσει
1055 2084 1148 2139 καὶ
1179 2079 1451 2155 σωμάτων
1491 2092 1751 2157 φθοραῖς,

151 2163 386 2239 δόγμασι
419 2167 479 2223 δὲ
508 2164 702 2238 ὀρθοῖς
733 2163 980 2240 ἀληθοῦς
1014 2164 1319 2239 εὐσεβείας,
1347 2169 1526 2240 ψυχῆς
1551 2189 1611 2224 τε
1636 2172 1751 2224 δια-

8 2288 10 2294 ,
84 2274 128 2307 25
149 2253 309 2307 θέσει
355 2253 791 2325 κεκαρθαμένης,
825 2254 918 2309 καὶ
957 2254 1181 2326 προσέτι
1226 2265 1339 2318 τοῖς
1380 2249 1502 2308 κατ’
1547 2249 1751 2324 ἀρετὴν

148 2341 327 2409 ἔργοις
356 2358 416 2392 τε
446 2338 536 2392 καὶ
570 2334 779 2408 λόγοις·
814 2333 895 2403 οἷς
924 2334 985 2393 τὸ
1014 2347 1177 2394 θεῖον
1220 2335 1587 2409 ἐξιλεούμενοι
1652 2335 1753 2407 τὴν

145 2417 286 2492 ὑπὲρ
317 2423 478 2492 σφι-ὄν
507 2418 694 2478 αὐτῶν
723 2423 816 2478 καὶ
855 2425 968 2479 τῶν
1007 2427 1202 2494 σφίσιν
1238 2415 1524 2493 ὁμογενῶν
1562 2417 1754 2476 ἀποτε-

147 2508 342 2562 λοῦσιν
372 2509 704 2579 ἱερουργίαν.
767 2511 814 2564 3.
871 2503 1092 2563 ⁸‘cocdcffis
1131 2507 1233 2578 μὲν
1272 2497 1376 2561 οὖν
1407 2505 1749 2576 καθέστηκεν
1772 2529 1841 2570 (30)

146 2586 175 2644 ὃ
210 2588 427 2661 ἐντελὴς
457 2593 551 2663 τῆς
574 2588 711 2647 κατὰ
731 2588 828 2647 τὸν
858 2582 1294 2663 Χριστιανισμὸν
1323 2595 1598 2654 πολιτείας
1627 2587 1755 2661 τρό-

86 2696 129 2728 30
151 2688 278 2739 πος·
348 2671 376 2729 ὁ
421 2671 474 2731 δ’
515 2671 877 2747 ὑποβεβηκώς
929 2670 1457 2747 ἀνθρωπινώτερος,
1510 2670 1623 2738 οἷος
1663 2676 1753 2729 καὶ

150 2755 343 2830 γάμοις
366 2761 721 2830 συγκατιέναι
751 2757 1002 2833 σώφροσι
1042 2760 1134 2814 καὶ
1166 2762 1566 2828 παιδοποιίαις,
1610 2763 1754 2814 οἰκο-

151 2847 346 2914 νομίας
375 2865 435 2898 τε
466 2847 874 2916 ἐπιμελεῖσθαι,
905 2858 1019 2909 τοϊς
1053 2841 1188 2899 κατὰ
1229 2841 1288 2899 τὸ
1327 2847 1544 2900 δίκαιον
1591 2862 1755 2916 στρα-
