1992 3186
234 108 340 160 620
914 107 1162 150 EUSEBII

237 228 552 298 δομοῦντες,
585 220 643 290 ὃς
674 225 764 280 καὶ
795 220 1264 295 ἆποδοκιμασθεὶς
1293 221 1394 281 ὑπ’
1428 224 1615 283 αὐτῶν
1646 231 1722 292 εἰς
1753 248 1851 282 κε-

235 310 423 384 φαλὴν
455 311 643 381 ἑτέρας
672 312 879 380 γωνίας
917 310 1012 379 τῆς
1055 311 1108 375 ἐξ
1151 311 1338 366 ἐθνῶν
1368 313 1656 383 ἐκκλησίας
1686 312 1841 367 κατέ-

237 414 356 467 στη,
389 391 460 467 ἣν
491 389 564 458 ὡς
594 391 668 465 μὴ
698 405 812 458 τοῖς
851 395 1020 449 πᾶσιν
1057 388 1373 466 ὁρωμένην,
1413 392 1602 467 μόνοις
1643 395 1703 452 δὲ
1732 407 1847 461 τοῖς

237 490 596 550 προφητικοῖς
646 474 963 549 ὀφθαλμοῖς
1012 476 1344 551 θαυμαστὴν
1397 478 1546 535 εἷναί
1590 497 1763 552 φησιν
1815 477 1846 536 ὃ

237 561 395 635 λόγος
449 559 682 635 φάσκων
716 557 746 578 “
733 557 854 618 ’καὶ
908 566 1021 618 ἔστι
1071 560 1367 636 θαυμαστὴ
1421 565 1482 620 ἐν
1532 559 1845 637 ὀφθαλμοῖς
1888 587 1910 620 5

237 643 409 720 ἡμῶν.
410 643 442 666 ''
513 651 558 703 7.
607 643 709 718 τὴν
749 647 810 703 δε
841 644 1169 718 ἐπιφανειαν
1214 643 1389 704 αὐτοῦ
1429 645 1598 704 πάλιν
1636 643 1848 722 ἡμέραν

237 728 489 805 ὀνομάζει
522 726 552 747 “
568 728 638 803 ἣν
682 733 939 802 ἐποίησεν
978 729 1005 788 ὁ
1049 728 1304 805 κύριος,”
1357 734 1476 789 ἐπεὶ
1507 734 1599 788 καὶ
1630 736 1748 805 φῶς
1778 723 1849 805 ἦν

192 836 213 868 b
238 814 402 882 αὐτὸς
430 815 491 873 τὸ
521 813 796 887 ἀληθινὸν
836 818 928 872 καὶ
957 813 1108 887 ἥλιος
1148 815 1503 889 δικαιοσύνης
1543 818 1636 873 καὶ
1674 814 1849 890 ἡμέρα

237 905 335 958 τοῦ
365 903 526 972 θεοῦ,
560 902 618 957 ἐν
641 891 678 973 ᾗ
696 901 908 972 γένοιτο
941 902 1032 957 καὶ
1056 897 1196 973 ἡμᾶς
1222 899 1443 959 εἰπεῖν“
1453 899 1591 974 αῦτη
1615 899 1649 973 ἡ
1673 897 1850 975 ἡμέρα

237 981 308 1059 ἢν
349 989 607 1056 ἐποίησεν
645 983 674 1040 ὁ
717 983 935 1058 κύριος,
980 981 1446 1059 αγαλλιασώμεθα
1477 987 1570 1043 καὶ
1604 983 1846 1060 εὐφραν-
1875 1009 1914 1041 ιο

239 1073 431 1143 θῶμεν
464 1073 524 1127 ἐν
553 1067 739 1143 αὐτῇ.”

369 1156 478 1211 Καὶ
510 1151 723 1210 τούτων
766 1154 826 1210 δὲ
863 1159 1060 1211 τοῦτον
1099 1156 1560 1227 συντετμημένων
1597 1151 1694 1211 τὸν
1730 1152 1851 1227 τρό-

241 1261 348 1296 πον
378 1236 567 1310 καιρὸς
598 1239 690 1294 καὶ
724 1240 811 1295 ε’πὶ
833 1235 927 1304 τὰς
952 1241 1078 1312 περὶ
1109 1242 1208 1296 τοῦ
1239 1237 1459 1306 πάθους
1492 1237 1661 1296 αὐτοῦ
1691 1262 1852 1312 μετα·

242 1326 408 1396 βῆναι
438 1329 791 1396 προφητείας.

1872 1429 1915 1463 15

129 1688 218 1772 {331}
759 1727 1018 1769 BIBAION
1050 1726 1353 1770 AEKATON.

368 1840 403 1888 I.
472 1828 632 1886 Μετὰ
661 1828 757 1894 τὰς
786 1827 1201 1902 ἀποδεδομένας
1231 1826 1561 1900 προρρήσεις
1600 1829 1727 1902 περὶ
1755 1831 1852 1901 τῆς
1874 1852 1917 1884 20

243 1918 321 1977 εἰς
361 1910 697 1984 ἀνθρώπους
739 1911 980 1986 ἀφίξεως
1018 1915 1119 1968 τοῦ
1161 1913 1679 2012 προκηρυττομένου
1712 1918 1854 1970 θεοῦ

243 2005 403 2054 καλεῖ
443 1996 512 2068 δὴ
552 1996 739 2068 καιρὸς
779 1999 870 2053 καὶ
913 1995 980 2052 τὰ
1010 1997 1136 2068 περὶ
1165 1994 1268 2066 τὴν
1297 1991 1623 2068 ἀπαλλαγὴν
1667 2002 1766 2054 τοῦ
1799 2000 1852 2065 ἐξ

242 2078 565 2151 ἀνθρώπων
595 2078 770 2136 αὐτοῦ
798 2086 925 2151 βίου
958 2082 1284 2150 διεξελθεῖν,
1318 2085 1573 2138 συνιδεῖν
1603 2104 1662 2138 τε
1688 2072 1854 2147 αὖθις

243 2160 333 2221 οἷα
363 2162 752 2236 συμβήσεσθαι
782 2166 908 2237 περὶ
939 2160 1108 2222 αὐτὸν
1138 2160 1365 2222 α’νωθεν
1404 2167 1463 2221 ἐκ
1491 2189 1605 2222 των
1635 2187 1860 2239 προφη-

133 2274 222 2316 (462)
244 2272 412 2305 τικων
445 2252 759 2317 ἐθεσπίζετο
790 2247 1021 2349 χρόνων.
1089 2252 1138 2304 2.
1187 2271 1377 2320 πρωτα
1409 2250 1470 2305 δε
1501 2248 1852 2322 διελεύσομαι
1873 2271 1917 2304 25

242 2357 308 2389 τα
338 2334 464 2405 περὶ
495 2339 607 2390 τῶν
644 2331 740 2389 τόν
768 2331 1017 2390 θάνατον
1058 2329 1208 2389 αῦτω
1246 2335 1851 2439 συσκευωρησαμένων,

244 2419 406 2490 μέρος
437 2441 504 2474 ου
534 2415 732 2490 μικρὸν
761 2416 1106 2491 τυγχάνοντα
1135 2440 1230 2488 της
1260 2420 1622 2491 προκειμένης
1655 2416 1853 2491 προτά·

246 2520 398 2567 σεως.
467 2501 573 2571 πρὸ
605 2505 671 2558 δέ
697 2526 759 2574 γε
788 2526 886 2559 του
919 2500 1087 2572 λόγου
1126 2499 1192 2558 τὰ
1231 2500 1495 2569 πολλακις
1535 2498 1671 2575 ἡμῖν
1703 2508 1854 2575 εἰρη-

243 2587 386 2658 μένα
424 2588 551 2657 περὶ
589 2589 685 2657 τῆς
725 2585 842 2643 κατ’
895 2583 1066 2643 αὐτὸν
1104 2591 1418 2658 οἰκονομίας
1462 2589 1728 2659 τηρητέον
1770 2583 1853 2643 ὅτι

248 2667 316 2740 δὴ
345 2668 410 2726 τὰ
439 2671 541 2742 μὲν
571 2668 708 2727 κατὰ
736 2669 838 2742 τὴν
867 2669 1105 2743 θεότητα
1135 2668 1335 2740 αὐτοῦ,
1380 2668 1445 2728 τοὶ
1492 2671 1554 2728 δὲ
1584 2669 1721 2727 κατὰ
1751 2669 1853 2741 τὴν
1873 2692 1919 2725 3ο

246 2753 676 2826 ε’νανθρώπησιν
709 2757 1018 2812 ἐπινοεῖται.
1086 2759 1132 2810 3.
1181 2758 1256 2825 πῆ
1296 2754 1399 2826 μὲν
1440 2755 1544 2827 γὰρ
1579 2752 1852 2826 εἰσάγεται

244 2836 406 2909 λόγος
444 2832 523 2895 ὧν
561 2843 700 2895 θεοῦ
740 2841 832 2895 καὶ
869 2843 1008 2896 θεοῦ
1056 2836 1288 2910 δύναμις
1328 2840 1420 2895 καὶ
1470 2842 1610 2896 θεοῦ
1661 2844 1849 2911 σοφία,
