1992 3186
238 129 345 182 344
941 130 1189 172 EUSEBII

239 244 329 303 ὅτε
359 249 583 319 ἔβρεξεν
624 242 653 301 ὁ
695 244 883 318 κύριος
923 246 1035 319 πῦρ
1076 243 1224 319 παρὰ
1266 251 1465 320 κυρίου
1498 247 1587 303 ἐπὶ
1619 244 1848 320 Σόδομα

239 332 332 387 καὶ
362 328 632 403 Γόμορρα.
693 327 893 386 ὁποίαν
923 330 1237 403 τοιγαροῦν,
1269 331 1425 403 φησὶ,
1461 330 1552 386 διὰ
1575 329 1669 396 τὰς
1695 329 1848 388 ἐκτό-

200 447 217 469 c
239 435 376 479 πους
421 416 748 484 δυσσεβείας
776 410 1042 486 ὑπέμεινε
1072 411 1460 487 καταστροφὴν
1501 438 1568 471 τα
1597 412 1846 488 Σόδομα,

237 500 463 555 τοιαῦτα
493 498 586 553 καὶ
616 497 799 569 ὑμεῖς,
834 488 876 552 ὦ
907 497 1086 569 οὑτοι,
1129 503 1424 570 πείσεσθε,
1466 499 1558 555 καὶ
1589 495 1716 555 οὐδ’
1749 496 1848 556 οῦ-

236 605 340 646 τως
374 581 740 655 ἐπεστρέψατε
784 577 920 655 πρός
949 605 1031 654 με.
1106 578 1350 654 σύνηθες
1382 582 1443 638 δε
1472 585 1541 656 τῇ
1571 586 1762 658 γραφῇ
1787 581 1846 641 τὸ
1870 606 1893 639 5

236 665 438 737 μέλλον
479 662 552 731 ὡς
592 663 983 739 παρεληλυθὸς
1025 669 1250 737 δηλοῦν.
1331 662 1470 722 ὥστε
1511 667 1603 722 καὶ
1647 664 1712 722 τοὶ
1742 689 1850 724 πα-

237 746 406 822 ρόντα
447 744 648 822 ὁμοίως
687 745 791 823 χρὴ
833 762 1015 822 νοεῖν,
1057 745 1181 806 ἀντὶ
1212 749 1315 822 μὲν
1354 751 1454 806 τοῦ
1493 752 1850 824 καταστρέφω

236 835 529 905 μέλλοντος
586 836 685 890 τοῦ
736 835 1141 910 παρῳχημένου
1197 836 1490 908 εἰρημένου
1546 831 1645 892 τοῦ
1697 837 1850 892 κατέ-

237 929 473 990 στρεψα,
516 916 640 975 ἀντὶ
685 918 745 974 δὲ
784 921 884 974 τοῦ
931 916 1418 992 ἐπιστραφήσεσθε
1457 921 1557 975 τοῦ
1598 920 1850 994 ἐπεστρέ-

236 1014 375 1068 ψατε
405 1004 676 1075 κειμένου.
739 1006 785 1058 3.
819 1004 993 1059 ταῦτα
1026 1002 1088 1059 δὲ
1117 1002 1254 1076 πρὸς
1277 998 1337 1058 τὸ
1363 998 1651 1059 Ἰουδαίων
1683 1008 1848 1070 ἔθνος
1873 1030 1916 1061 10

235 1081 611 1158 ἀποτείνεται,
643 1081 679 1140 α’
708 1088 801 1142 καὶ
831 1082 956 1142 οὐδ’
989 1083 1184 1142 ἄλλοτε
1212 1081 1248 1157 ἢ
1278 1083 1413 1158 μετὰ
1442 1084 1546 1158 τὴν
1583 1085 1721 1143 κατὰ
1750 1093 1850 1144 τοῦ

235 1172 480 1243 σωτῆρος
518 1166 676 1243 ἡμῶν
721 1167 1026 1242 ἐπιβουλὴν
1066 1175 1144 1235 εἰς
1193 1166 1394 1236 αὐτοὺς
1438 1172 1756 1245 ἐπληροῦτο.
1818 1166 1846 1228 ὁ

190 1275 213 1308 <1
235 1257 375 1324 γοῦν
408 1252 551 1327 ἱερὸς
583 1248 769 1311 αὐτῶν
799 1256 890 1310 καὶ
920 1251 981 1310 τὸ
1012 1255 1146 1327 πρὶν
1188 1252 1340 1325 ἅγιος
1381 1251 1546 1319 τόπος
1579 1259 1656 1320 εἰς
1685 1258 1850 1312 τοῦτο

237 1341 343 1393 νῦν
374 1343 707 1412 περιῆλθεν,
753 1333 825 1404 ὦς
866 1335 1003 1394 κατὰ
1033 1337 1211 1410 μηδὲν
1249 1340 1344 1409 τῆς
1376 1335 1652 1410 Σοδόμων
1682 1362 1851 1396 κατα-

235 1425 477 1494 στροφῆς
519 1418 765 1478 ἆποδεῑν.
837 1420 984 1492 πλὴν
1035 1418 1181 1494 ὅμως
1222 1427 1421 1494 καίπερ
1460 1418 1744 1479 ἀκόλουθα
1781 1425 1851 1496 τῇ
1874 1450 1916 1481 15

235 1503 537 1578 προρρήσει
567 1503 932 1578 πεπονθότες,
963 1503 1120 1562 οῦπω
1151 1507 1244 1561 καὶ
1276 1511 1353 1571 εἰς
1385 1509 1551 1579 δεῦρο
1581 1505 1683 1579 τὴν
1712 1504 1849 1581 πρὸς

234 1585 331 1646 τὸν
346 1588 588 1663 Χριστὸν
617 1592 720 1647 τοῦ
740 1593 900 1662 θεοῦ,
934 1585 1010 1646 δι’
1043 1585 1108 1646 ὃν
1130 1594 1302 1646 ταῦτα
1324 1588 1696 1663 πεπόνθασιν,
1731 1593 1849 1647 ἐπι-

236 1671 485 1746 στροφὴν
518 1672 871 1745 ἐποιήσαντο·
932 1670 1004 1741 ὦς
1046 1672 1268 1739 εἰκότως
1300 1674 1392 1730 καὶ
1430 1676 1590 1730 τοῦτο
1632 1673 1724 1730 διὰ
1753 1677 1849 1746 τῆς

237 1759 295 1813 ἐν
326 1759 481 1831 χερσὶ
511 1763 878 1826 θεσπίζεσθαι
907 1763 1245 1832 προφητείας
1277 1755 1542 1829 λεγούσης
1566 1752 1695 1813 “acal
1718 1754 1844 1814 οὐδ’

237 1836 310 1907 ὥς
343 1843 713 1915 ἐπεστρέψατε
743 1840 881 1915 πρός
910 1866 996 1914 με,
1029 1843 1175 1912 λέγει
1206 1837 1449 1913 κύριος.”
1869 1867 1912 1899 20

116 2099 211 2182 {2}ssss
773 2102 904 2162 Ἀπὸ
934 2107 1032 2160 τοῦ
1058 2101 1296 2176 Ἀβδιοῦ.

283 2209 402 2266 Περὶ
425 2210 517 2254 τῶν
539 2206 628 2254 δύο
650 2212 842 2264 κυρίων,
865 2207 1044 2262 πατρὸς
1066 2211 1149 2254 καὶ
1171 2212 1256 2265 τῆς
1277 2212 1371 2254 τῶν
1392 2207 1554 2254 ἐθνῶν
1576 2209 1795 2265 κλήσεως.

365 2323 531 2373 XXIV.
579 2310 837 2385 ωνΟρασις
871 2310 1110 2384 Ἀβδιοῦ.
1192 2311 1325 2368 τάδε
1365 2316 1511 2385 λέγει
1552 2312 1739 2386 κύριος
1778 2318 1847 2388 τῇ

225 2395 534 2472 Ἰδουμαίᾳ,
581 2395 756 2468 ἀκοὴν
786 2394 996 2468 ἥκουσα
1027 2418 1175 2470 παρα
1198 2402 1426 2470 κυρίου,
1459 2397 1550 2452 καὶ
1583 2395 1845 2470 περιοχὴν

234 2487 310 2546 εἰς
363 2481 430 2537 τὰ
484 2486 624 2554 ἔθνη
688 2483 1043 2548 ἐξαπέστειλε.
1148 2477 1337 2553 κύριος
1399 2475 1427 2536 ὅ
1479 2478 1610 2546 θεὸς
1672 2477 1845 2554 ακοὴν
1867 2504 1908 2536 25

233 2563 439 2635 ἤκουσε
469 2563 619 2638 παρὰ
649 2561 904 2639 κυρίου.”
966 2566 1059 2621 καὶ
1089 2561 1226 2635 αῦτη
1259 2565 1319 2620 δε
1350 2557 1421 2636 ἦν
1452 2566 1578 2638 περὶ
1608 2568 1703 2637 τῆς
1733 2589 1845 2622 των

235 2652 423 2706 ἐθνῶν
452 2647 713 2721 κλήσεως,

348 2870 401 2908 23
435 2867 551 2911 Obd.
575 2871 612 2908 1.
