1992 3186
511 143 815 187 DEMONST.
854 144 1072 186 EVANG.
1104 145 1182 187 VI.
1215 146 1367 186 9-11,
1643 144 1747 198 363

140 259 328 334 κύριος
363 257 454 317 δια
482 263 595 317 τῶν
617 267 795 318 θείων
824 263 1087 334 χρησμῶν
1110 256 1491 333 ἀνηγόρευται.
1544 265 1592 318 2.
1628 266 1746 318 ἐπι-

138 343 341 417 στήσας
375 345 440 401 δέ
465 369 589 402 τινα
618 342 824 419 τρόπον
866 347 925 401 έν
965 343 1184 416 σφόδρα
1215 343 1393 421 χρόνῳ
1425 350 1622 418 βραχεῖ
1647 344 1749 419 τὴν

116 432 323 487 »πᾶσαν
351 431 684 501 οἰκουμένην
715 435 952 501 ἔπλησεν
981 424 1010 485 ὁ
1050 432 1145 501 τῆς
1187 434 1548 495 διδασκαλίας
1578 426 1748 487 αὐτοῦ

136 511 315 586 λόγος,
349 505 413 570 εὗ
436 512 526 570 οἶδ
533 509 546 531 ’
578 512 661 570 ὅτι
682 511 742 570 τὸ
766 511 1108 586 ἀποτέλεσμα
1131 512 1441 586 θαυμάσεις
1462 519 1558 586 τῆς
1582 535 1748 588 προρ-

92 619 114 652 5
138 596 347 671 ρήσεως
388 596 713 670 φασκούσης
757 593 900 663 “ἕως
938 596 1136 670 τάχους
1179 602 1466 672 δραμεῖται
1506 596 1535 654 ὃ
1588 596 1748 671 λόγος

190 680 203 700 2
290 684 311 695 ’ὓ
334 680 362 701 '2

137 705 324 738 αὐτου.

412 889 546 948 Ἀπὸ
576 894 673 963 τῆς
707 892 968 964 δευτέρας
999 893 1112 947 τῶν
1142 895 1470 949 Βασιλειῶν.

262 1028 342 1077 ΧΙ.
377 1014 528 1074 “Kal
569 1015 800 1089 ἐλάλησε
831 1018 1020 1088 Δαβὶδ
1064 1019 1142 1093 τῷ
1184 1022 1360 1093 κυρίῳ
1390 1015 1519 1084 τοὺς
1550 1015 1748 1090 λόγους

134 1104 229 1173 τῆς
262 1098 409 1178 ᾠδῆς
439 1097 698 1173 ταύτης.”
740 1097 852 1157 εἷθ’
882 1103 1003 1173 ἑξῆς
1027 1117 1164 1173 φησι
1186 1096 1318 1157 “nal
1342 1107 1560 1158 ἔκλινεν
1582 1100 1747 1175 οὐρα-

71 1208 112 1240 10
134 1183 266 1252 νούς
305 1186 398 1242 καὶ
438 1187 671 1258 κατέβη,
718 1186 810 1242 καὶ
850 1183 1058 1258 γνόφος
1099 1182 1360 1242 ὑποκάτω
1399 1188 1512 1242 τῶν
1557 1191 1748 1243 ποδῶν

135 1268 323 1327 αὐτοῦ.
386 1271 478 1326 καὶ
510 1273 680 1342 ἐπέβη
714 1271 803 1326 ἐπὶ
835 1270 1118 1343 Χερουβὶμ
1149 1271 1242 1325 καὶ
1274 1268 1583 1342 ἐπετάσθη,
1627 1272 1748 1327 ε’πε-

133 1351 316 1425 τάσθη
349 1355 438 1410 ἐπὶ
468 1352 760 1427 πτερύγων
790 1351 1038 1427 ἀνέμων,
1071 1355 1163 1410 καὶ
1196 1359 1356 1411 ἔθετο
1387 1353 1578 1422 σκότος
1609 1351 1750 1412 ἄπο-

135 1435 359 1511 κρυφὴν
400 1434 627 1495 αὑτοῦ.”
710 1442 758 1495 2.
801 1440 893 1494 καὶ
935 1440 1024 1495 ε’πὶ
1061 1440 1204 1494 τέλει
1247 1442 1344 1510 τῆς
1387 1439 1557 1511 αὐτῆς
1601 1436 1748 1516 ᾠδῆς

129 1518 339 1595 “ρ“ῦσαί
373 1546 440 1594 με
473 1521 694 1595 (φησὶν)
728 1524 782 1589 ἐξ
813 1518 1142 1594 ἀντιλογιῶν
1172 1526 1325 1579 λαοῦ.
1388 1521 1748 1595 καταστήσεις

71 1627 113 1659 15
136 1630 202 1678 με
234 1611 312 1672 εἰς
342 1604 592 1679 κεφαλὴν
625 1608 825 1663 ἐθνῶν.
868 1605 997 1671 λαὸς
1015 1603 1080 1662 ὃν
1103 1602 1210 1662 οὐκ
1239 1611 1420 1678 ἔγνων
1452 1605 1752 1663 ἐδούλευσέ

135 1715 254 1763 μοι,
298 1695 375 1756 εἰς
414 1688 588 1762 ἀκοὴν
631 1689 797 1747 ὠτίου
827 1688 1119 1762 ὑπήκουσέ
1142 1714 1277 1763 μου,
1319 1692 1432 1747 υἱοὶ
1471 1688 1748 1764 ἀλλότριοι

135 1770 710 1849 ἀπορριφθήσονται.”

262 1863 309 1915 3.
336 1854 393 1916 ‘0
425 1864 615 1926 κλίνας
654 1855 930 1932 οὐρανούς
970 1860 1063 1915 καὶ
1109 1856 1350 1930 καταβὰς
1380 1856 1532 1931 θεὸς,
1566 1853 1593 1915 ὃ
1629 1861 1749 1917 ε’πι-·

135 1941 236 2014 βὰς
269 1934 314 2019 ᾦ
343 1939 646 2016 ἀνείληφεν
687 1939 1002 2020 ἆνθρῶπῳ,
1044 1939 1236 2000 ὅντινα
1265 1944 1372 2000 νῦν
1402 1944 1687 2015 Χερουβὶμ
1717 1941 1746 1999 ὅ

70 2048 113 2080 20
136 2024 294 2099 λόγος
317 2022 586 2100 ὀνομάζει,
618 2024 826 2100 άνέπτη
857 2026 964 2085 σὺν
988 2024 1138 2103 αὐτῷ
1162 2025 1263 2099 τὴν
1286 2024 1493 2084 ἄνοδον
1522 2048 1747 2099 πεποιη-

135 2112 298 2183 μένος
328 2111 465 2184 μετὰ
509 2115 621 2168 τῶν
668 2110 1140 2186 δορυφορούντων
1171 2107 1342 2168 αὐτὸν
1371 2117 1551 2168 θείων
1581 2132 1747 2168 πνευ-

135 2194 352 2267 μάτων,
386 2194 680 2269 πτερύγων
709 2195 931 2269 ἀνέμων
954 2198 1044 2253 καὶ
1070 2194 1257 2252 αὐτῶν
1287 2193 1743 2269 χρηματίζόντων.

136 2283 429 2346 σκοτεινῶς
471 2281 534 2338 δὲ
575 2283 747 2337 ταῦτα
787 2283 880 2337 καὶ
923 2283 982 2338 ἐν
1020 2277 1359 2356 παραβύστῳ
1409 2282 1748 2352 γεγενῆσθαι

135 2362 272 2420 κατά
312 2388 466 2430 τινας
506 2361 852 2439 ἀπορρήτους
894 2367 986 2421 καὶ
1026 2363 1411 2429 λανθάνοντας
1451 2370 1748 2420 αἰνίττεται

72 2466 115 2499 25
137 2445 365 2520 λόγους,
405 2447 639 2521 φάσκων
670 2444 800 2505 “nal
842 2454 1002 2506 ἔθετο
1042 2447 1233 2515 σκότος
1272 2444 1607 2520 ἀποκρυφὴν
1646 2444 1748 2502 αὑ-

138 2527 289 2586 τοῦ.”
359 2531 426 2588 τὰ
468 2533 529 2589 δὲ
560 2536 680 2604 ἑξῆς
711 2530 1033 2599 ἀκολούθως
1063 2534 1130 2605 τῇ
1159 2534 1261 2590 τοῦ
1300 2535 1544 2603 Χριστοῦ
1584 2532 1748 2586 ἐναν-

137 2612 426 2685 θρωπήσει
456 2614 558 2688 τὴν
587 2616 702 2674 κατ’
741 2616 914 2674 αὐτοῦ
950 2617 1258 2689 γενομένην
1298 2613 1619 2684 ἀντιλογίαν
1648 2615 1747 2670 τοῦ

132 2693 418 2755 Ἰουδαίων
458 2706 594 2757 λαοῦ
634 2710 921 2774 σημαίνει,
963 2702 1054 2757 καὶ
1094 2697 1196 2771 τὴν
1232 2702 1345 2755 τῶν
1388 2700 1572 2755 ε’θνῶν
1601 2693 1747 2754 ὑπα-

253 2891 277 2930 8
310 2891 349 2929 2.
372 2890 486 2943 Reg.
509 2892 577 2930 22.

1773 1882 1795 1914 d
