1946 3158
210 115 313 168 208
884 115 1131 157 EUSEBII

211 230 449 305 ἁλούσης
480 229 513 304 ἡ
554 230 676 288 κατ’
714 239 1003 303 Αἴγυπτον
1045 234 1158 289 τῶν
1187 237 1555 306 Πτολεμαίων
1586 231 1816 306 διαδοχὴ

106 340 195 383 (140)
213 319 430 373 λέλυτο·
493 319 544 383 ἐξ
588 319 806 372 ἐκείνου
846 339 904 372 τε
943 316 1035 372 καὶ
1078 321 1154 382 εἰς
1188 319 1352 390 δεῦρο
1394 315 1454 373 τὸ
1486 312 1584 372 ἀπ’
1619 319 1819 384 αἰῶνος

212 402 305 457 καὶ
335 397 429 456 ἀπ’
467 397 635 471 αὐτῆς
667 395 740 465 ῶς
772 404 950 456 εἰπεῖν
970 402 1068 471 τῆς
1090 397 1307 473 πρώτης
1331 399 1688 475 ἀνθρωπείας
1718 418 1820 457 συ-

214 482 349 542 στάν
379 482 668 555 Αἰγύπτου
697 489 982 555 βασίλειον
1023 482 1322 557 καθῄρητο.
1395 489 1478 541 32.
1513 487 1566 552 ἐξ
1603 488 1820 542 ἐκείνου

211 591 271 625 τε
301 570 393 624 καὶ
422 566 483 624 τὸ
509 564 798 626 Ἰουδαίων
829 574 995 634 ἔθνος
1018 564 1298 641 Ῥωμαίων
1337 571 1540 625 δοῦλον
1569 571 1819 641 γέγονεν,
1864 591 1884 624 5

213 654 304 708 καὶ
334 649 393 708 τὸ
424 649 634 726 Σύρων
666 647 957 724 ῶσαύτως,
990 651 1388 710 Καππαδόκων
1418 675 1477 709 τε
1507 654 1598 708 καὶ
1633 661 1819 710 Μακε-

214 733 421 808 δόνων,
464 738 557 792 καὶ
596 742 890 808 Βιθυνῶν,
933 738 1025 793 καὶ
1050 732 1356 808 Ἑλλήνων,
1398 738 1490 793 καὶ
1532 735 1822 794 συνελόντι

212 818 386 893 φάναι
437 825 549 876 τῶν
601 824 811 877 λοιπῶν
862 826 975 877 τῶν
1024 818 1132 877 ὑπὸ
1183 819 1285 893 τὴν
1318 816 1596 894 Ῥωμαίων
1647 817 1822 894 ἀρχὴν

212 901 491 961 απάντων.
575 908 656 961 33.
690 908 850 961 τοῦτο
904 905 965 961 δε
1015 902 1098 961 ότι
1137 904 1212 977 μὴ
1255 903 1414 962 ἀθεεὶ
1457 907 1526 977 τῇ
1565 907 1692 976 περὶ
1722 910 1821 962 τοῦ

213 991 455 1062 σωτῆρος
496 986 655 1061 ἡμῶν
698 993 1032 1045 διδασκαλία
1073 993 1445 1061 συνεισῆλθεν
1487 997 1569 1053 τίς
1611 985 1714 1045 οῦκ
1753 1013 1823 1045 αν
1845 1011 1885 1043 10

212 1070 595 1145 ὁμολογήσειε,
633 1075 955 1144 διανοηθεὶς
980 1068 1051 1139 ῶς
1075 1069 1141 1129 οὐ
1175 1071 1371 1147 ῥάδιον
1400 1074 1470 1144 ἠν
1492 1086 1606 1138 τοῖς
1636 1082 1824 1145 μαθη-

167 1180 188 1212 b
212 1170 330 1222 ταῖς
375 1156 549 1213 αὐτοῦ
593 1163 823 1228 πορείαν
866 1159 954 1213 ἐπὶ
994 1161 1089 1228 τῆς
1131 1153 1446 1229 ἀλλοδαπῆς
1477 1162 1822 1229 στείλασθαι,

217 1239 528 1297 διεστώτων
579 1239 715 1314 πρὸς
756 1237 964 1313 ἄλληλα
1003 1244 1116 1297 τῶν
1161 1244 1376 1312 ἐθνῶν,
1417 1243 1511 1297 καὶ
1553 1246 1823 1314 μηδεμιᾶς

214 1322 382 1396 οῦσης
416 1328 476 1382 ἐν
505 1322 690 1390 αὐτοῖς
725 1327 994 1397 ἐπιμιξίας
1021 1324 1110 1381 διὰ
1134 1324 1229 1391 τὰς
1259 1323 1464 1392 πολλάς
1497 1327 1821 1399 ἐθναρχίας·

216 1399 295 1464 ῶν
350 1410 772 1482 περιῃρημένων
825 1406 1051 1481 ἀφόβως
1099 1406 1209 1481 ἤδη
1251 1411 1344 1466 καὶ
1395 1405 1482 1465 ἐπ’
1527 1408 1716 1476 ἀδείας
1763 1407 1823 1466 τὸ
1846 1430 1887 1462 15

213 1498 578 1566 προκείμενον
608 1490 813 1565 ἤνυον,
855 1492 956 1565 τὴν
997 1498 1229 1566 πορείαν
1271 1490 1460 1560 αὐτοῖς
1490 1497 1823 1567 προεξευμα-

214 1582 471 1651 ρίσαντος
501 1578 602 1633 τοῦ
632 1578 721 1634 ἐπὶ
751 1574 978 1635 πάντων
1000 1581 1141 1634 θεοῦ
1160 1622 1174 1648 ,
1206 1575 1445 1644 καὶτοὺς
1468 1575 1687 1650 θυμοὺς
1712 1581 1824 1634 τῶν

214 1659 350 1717 κατὰ
381 1659 565 1727 πόλεις
598 1660 1026 1734 δεισιδαιμόνων
1056 1660 1214 1738 φόβῳ
1244 1666 1340 1734 τῆς
1382 1667 1625 1733 μείζονος
1655 1659 1824 1736 ἀρχῆς

215 1751 686 1811 καταστείλαντος.
769 1749 852 1802 34.
898 1746 1114 1818 λόγισαι
1165 1745 1270 1818 γὰρ
1324 1744 1397 1818 ῶς
1449 1751 1501 1802 εί
1537 1746 1712 1818 μηδὲν
1761 1745 1822 1803 τὸ

214 1835 432 1887 κωλῦον
473 1821 544 1902 ἦν
581 1826 709 1895 τούς
751 1831 877 1903 περὶ
919 1830 1021 1901 τὴν
1052 1828 1336 1886 πολύθεον
1377 1828 1595 1902 πλάνην
1628 1832 1820 1903 ἐπτοη-
1846 1854 1887 1886 20

214 1915 414 1985 μένους
454 1919 520 1987 τῇ
559 1917 660 1970 τοῦ
689 1917 932 1987 Χριστοῦ
964 1922 1225 1986 πολεμεῖν
1259 1919 1619 1989 διδασκαλία,
1655 1912 1823 1972 πάλαι

174 2029 191 2050 c
215 1993 283 2053 ἂν
327 1995 499 2070 ἑώρας
551 1990 688 2054 κατὰ
731 1996 915 2063 πόλεις
955 2001 1047 2054 καὶ
1087 1997 1225 2055 κατὰ
1275 1992 1480 2073 άγροῦς
1523 2001 1825 2072 ἐμφυλίους

125 2101 189 2143 [91]
219 2079 464 2152 στάσεις,
508 2080 782 2155 διωγμούς
822 2104 881 2138 τε
921 2084 1012 2139 καὶ
1055 2085 1327 2156 πολέμους
1372 2081 1437 2139 οὐ
1467 2080 1596 2149 τούς
1626 2082 1826 2156 τυχόν-

215 2187 329 2235 τας,
363 2170 415 2220 εί
444 2164 511 2236 δὴ
544 2165 629 2236 ἐφ’
670 2168 886 2231 ἑαυτοῖς
911 2166 1059 2239 εἶχον
1083 2172 1140 2224 oc
1172 2172 1574 2240 δεισιδαίμονες
1598 2166 1699 2236 τὴν
1732 2163 1820 2224 ἐπ’

217 2246 403 2304 αὐτῶν
436 2250 705 2315 ἐξουσίαν.
767 2253 849 2305 35.
882 2256 988 2307 νῦν
1021 2251 1082 2307 δὲ
1119 2253 1207 2307 καὶ
1241 2257 1400 2307 τοῦτο
1431 2257 1572 2308 θεοῦ
1600 2256 1700 2307 τοῦ
1733 2253 1822 2308 ἐπὶ
1845 2275 1886 2307 25

215 2330 441 2389 πάντων
474 2337 637 2405 ἔργον
666 2324 763 2404 ἦν,
795 2331 854 2388 τὸ
885 2340 1089 2405 μείζονι
1122 2333 1281 2410 φόβῳ
1312 2339 1405 2407 τῆς
1429 2331 1689 2390 ἀνωτάτω
1721 2331 1817 2407 άρ-

216 2422 312 2489 χῆς
352 2415 479 2482 τούς
522 2416 755 2517 ἐχθροὺς
794 2419 891 2473 τοῦ
930 2423 1137 2474 οἰκείου
1174 2417 1341 2489 λόγου
1373 2422 1818 2475 καταδουλῶσαι

216 2499 548 2574 προκόπτειν
587 2525 692 2573 γαρ
733 2498 906 2558 αὐτὸν
944 2497 1209 2574 ὁσημέραι
1249 2504 1341 2558 καὶ
1375 2507 1450 2568 είς
1482 2501 1690 2568 πάντας
1721 2499 1822 2559 άν-

215 2582 478 2657 θρώπους
518 2582 706 2652 αῦξειν
752 2583 1021 2656 βούλεται.
1101 2590 1182 2642 36.
1217 2585 1384 2643 πάλιν
1423 2609 1482 2642 τε
1524 2588 1594 2642 αὐ
1635 2585 1708 2653 ῶς
1746 2586 1820 2660 μὴ

216 2675 510 2741 νομισθείη
550 2693 686 2726 κατα
725 2668 1076 2743 συγχώρησιν
1114 2675 1226 2726 τῶν
1265 2669 1620 2745 κρατούντων
1663 2676 1820 2743 διαρ-
1843 2693 1884 2726 30

172 2777 194 2809 d
218 2753 428 2824 κε’σειν,
476 2755 661 2810 εἴποτέ
695 2778 774 2820 τις
813 2753 1024 2812 τούτων
1068 2761 1306 2830 πονηρία
1347 2757 1582 2830 ληφθεὶς
1613 2760 1687 2830 τῷ
1718 2757 1821 2811 τοῦ

218 2840 456 2908 Χριστοῦ
497 2835 640 2914 λόγῳ
682 2846 940 2911 πολεμεῖν
985 2837 1290 2913 προύθετο,
1335 2842 1427 2896 καὶ
1457 2843 1617 2896 τοῦτο
1648 2837 1820 2913 πράτ-
