1992 3186
574 149 883 192 DEMONST.
910 149 1131 193 EVANG.
1163 150 1243 191 VI.
1276 151 1346 190 20.
1673 147 1772 199 401

170 271 262 325 καὶ
294 265 572 338 ἱστόρηται
616 264 681 321 τὰ
729 267 788 320 ἐν
830 267 897 338 τῇ
943 270 1250 339 προφητείᾳ
1297 266 1557 337 εἰρημένα
1591 267 1782 332 τέλους

168 353 540 424 τετυχηκέναι,
572 349 632 406 τὸ
663 354 978 421 σεισθῆναι,
1011 351 1172 420 λέγω,
1202 347 1268 405 τοὶ
1293 355 1496 405 εἴδωλα
1518 348 1584 405 τὰ
1607 373 1781 423 χειρο-

171 442 370 508 ποίητα
388 433 690 506 Αἰγύπτου,
716 435 806 489 καὶ
828 432 888 489 τὸ
903 439 1246 504 Αἰγυπτίους
1259 439 1587 504 Αἰγυπτίοις
1617 444 1783 491 πολε-

170 524 339 593 μῆσαι
372 519 462 576 διὰ
491 518 595 590 τὴν
616 522 714 574 τοῦ
739 523 936 589 κυρίου
963 523 1040 584 εἰς
1073 514 1410 589 ἀνθρώπους
1441 525 1778 592 παρουσίαν·

127 626 148 659 5
170 608 260 662 καὶ
291 602 420 669 τούς
450 602 620 668 θεοὺς
652 599 856 673 αὐτῶν,
891 600 1104 674 δηλαδὴ
1127 601 1256 668 τοὺς
1288 607 1574 675 δαίμονας,
1607 603 1782 660 πολλὰ

169 689 229 746 τὸ
260 686 496 745 παλαιὸν
539 689 914 759 δυναμένους,
956 689 1148 758 μηκέτι
1190 684 1429 759 ἰσχύειν,
1470 688 1608 759 μηδὲ
1642 685 1782 745 ἄπο-

171 780 475 845 κρίνασθαι
515 786 628 836 τοῖς
671 774 981 844 ἐπερωτῶσι
1024 770 1114 826 διὰ
1155 769 1214 826 τὸ
1255 774 1352 826 τοῦ
1393 778 1592 843 κυρίου
1638 776 1780 844 δέος,

172 863 248 922 εἰς
279 870 467 930 χεῖρας
501 857 562 911 δὲ
592 860 769 911 ποίων
792 860 1004 925 κυρίων
1027 859 1300 926 σκληρῶν,
1334 861 1510 912 ποίων
1535 857 1594 912 δὲ
1625 863 1782 928 βασι-

170 944 313 998 λέων
354 937 489 1014 μετὰ
527 938 629 1011 τὴν
666 941 1069 1010 θεσπιζομένην
1109 942 1208 994 τοῦ
1240 945 1438 1010 κυρίου
1470 948 1783 1013 παρουσίαν

108 1050 149 1081 10
172 1023 462 1097 παρεδόθη
510 1032 820 1094 Αἴγυπτος,
874 1025 964 1078 καὶ
1020 1020 1111 1078 διὰ
1162 1029 1222 1079 τί
1267 1031 1466 1096 κυρίου
1512 1024 1783 1095 παρόντος

170 1116 429 1182 σκληροῖς
457 1105 689 1180 ἄρχουσι
719 1111 1151 1179 παραδίδονται·
1184 1110 1276 1163 καὶ
1298 1107 1363 1163 τὰ
1387 1108 1549 1164 λοιπὰ
1576 1111 1635 1165 δὲ
1659 1109 1782 1166 τού-

169 1217 282 1258 τοις
300 1197 695 1267 παραπλησίως
714 1191 742 1247 ὁ
766 1189 1103 1264 βουλόμενος
1120 1190 1526 1264 ἑρμηνευσοὲτω.
1562 1199 1608 1250 6.
1625 1189 1781 1266 ἡμεῖς

170 1275 274 1351 γὰρ
306 1276 408 1334 οὐκ
437 1273 616 1343 αλλως
659 1275 830 1332 ταῦτα
871 1300 1055 1348 φαμεν
1093 1282 1464 1332 συνίστασθαι
1494 1301 1528 1348 η
1563 1277 1653 1334 δια
1683 1277 1780 1350 μό-

171 1385 270 1433 νης
300 1364 395 1432 τῆς
417 1365 514 1416 τοῦ
539 1364 782 1434 σωτῆρος
813 1358 970 1432 ἡμων
994 1359 1174 1433 Ἰησοῦ
1189 1364 1432 1430 Χριστοῦ
1460 1368 1536 1428 εἰς
1560 1359 1781 1434 ανθρώ-

108 1467 148 1499 15
173 1467 310 1511 πους
342 1449 679 1516 ἐπιφανείας.
741 1445 898 1510 οὗτος
929 1468 1033 1516 γαρ
1063 1450 1203 1501 θεοῦ
1227 1443 1386 1516 λόγος
1411 1443 1490 1502 ὢν
1520 1449 1611 1503 καὶ
1641 1453 1783 1505 θεοῦ

174 1527 408 1601 δύναμις
438 1529 575 1584 κατὰ
608 1527 862 1585 διανοιαν
892 1531 985 1584 καὶ
1015 1528 1150 1602 πρὸς
1174 1531 1321 1595 λέξιν
1346 1529 1686 1602 ἐπιδημήσας
1715 1538 1782 1606 τῇ
1808 1567 1814 1583 «

174 1620 500 1685 Αἰγυπτίων
551 1611 701 1687 χώρᾳ
744 1612 834 1668 δια
886 1615 1122 1685 νεφέλης
1172 1611 1385 1685 κούφης
1438 1613 1678 1688 ἐπλήρου
1717 1641 1784 1673 τα

171 1700 638 1796 προηγορευμένα.
728 1698 971 1769 νεφέλην
1025 1699 1086 1753 δε
1138 1696 1358 1769 κούφην
1409 1695 1784 1770 αλληγορικως

169 1779 422 1852 όνομαζει
451 1781 552 1854 τὴν
584 1778 660 1837 δι’
703 1805 770 1837 ου
811 1778 1080 1853 ανείληφε
1121 1799 1370 1853 σωματος
1403 1785 1462 1838 ἐκ
1493 1787 1783 1855 παρθένου

107 1889 148 1920 2ο
171 1869 262 1922 καὶ
293 1864 455 1938 ἁγίου
485 1864 796 1937 πνεύματος
830 1869 1128 1938 ἐπιδημίαν
1158 1864 1357 1937 αὐτοῦ,
1401 1865 1584 1939 ὥσπερ
1617 1870 1719 1925 οὐν
1749 1869 1782 1942 ἡ

161 1948 435 2022 Εβραίων
473 1943 659 2022 γραφὴ
701 1952 792 2005 καὶ
832 1973 860 2005 ο
901 1949 1134 2015 Ἀκύλας
1178 1952 1521 2023 σαφέστερον
1559 1949 1783 2025 ᾐνίξατο

172 2034 346 2090 εἰπών
378 2032 544 2091 ((ἰδού
584 2032 774 2106 κύριος
817 2036 1090 2105 ἐπιβαίνει
1130 2037 1218 2091 ἐπὶ
1269 2033 1477 2107 πάχους
1520 2039 1783 2110 ἐλαφροῦ,

172 2120 263 2174 καὶ
318 2123 528 2191 ἔρχεται
577 2116 666 2174 ἐπ’
719 2115 1064 2190 Αἴγυπτον,”
1121 2117 1291 2192 πάχος
1333 2118 1577 2191 ἐλαφρὸν
1625 2121 1686 2178 τὸ
1730 2126 1782 2190 ἐξ,

144 2200 333 2274 ,ἁγίου
364 2201 671 2275 πνεύματος
702 2207 858 2274 σῶμα
890 2201 1358 2275 προσαγορεύσας.
1415 2209 1460 2260 7.
1500 2207 1590 2260 καὶ
1621 2210 1780 2264 τοῦτο

108 2308 150 2340 25
170 2293 467 2359 τοιγαροῦν
496 2286 555 2343 τὸ
585 2292 680 2358 τῆς
711 2293 1048 2358 προφητείας
1078 2290 1240 2359 μέρος
1264 2287 1398 2360 πρὸς
1424 2291 1572 2356 λέξιν
1594 2295 1784 2358 τέλους

174 2368 500 2443 ἐτύγχανεν,
546 2369 636 2427 ὅτε
666 2368 894 2443 ἅγγελος
925 2377 1122 2443 κυρίου
1163 2369 1300 2444 ὅναρ
1345 2375 1632 2443 ἐπιφανεὶς
1666 2372 1783 2432 εἶπε

171 2458 247 2528 τῷ
286 2451 481 2527 Ἰωσὴφ
515 2451 804 2527 “ἐγερθεὶς
850 2454 1137 2528 παραλαβε
1175 2453 1234 2511 τὸ
1280 2461 1507 2512 παιδίον
1551 2461 1642 2514 καὶ
1682 2459 1806 2530 τὴν

173 2541 379 2608 μητέρα
409 2536 612 2609 αὐτοῦ,
646 2542 736 2595 καὶ
759 2544 933 2611 φεῦγε
967 2545 1043 2605 εἰς
1076 2548 1364 2610 Αἴγυπτον
1395 2543 1486 2595 καὶ
1519 2549 1639 2599 ἴσθι
1673 2546 1788 2600 ἐκει

1808 2228 1895 2269 {1541

177 2623 276 2685 ε’ως
316 2618 386 2677 ἂν
428 2631 564 2678 εἴπω
606 2641 706 2679 σοι.
723 2620 751 2640 ”
824 2628 871 2678 8.
914 2621 1036 2678 τότε
1074 2647 1214 2694 γουν
1255 2620 1416 2687 αυτὸς
1456 2622 1483 2678 ὁ
1531 2625 1721 2698 κύριος
1751 2626 1780 2684 ὁ
1805 2650 1837 2690 (2
1839 2650 1899 2691 37)

111 2702 305 2769 δοθεός
347 2702 504 2776 λόγος
547 2706 830 2779 ἐπιπαρων
872 2712 938 2779 τῇ
970 2709 1072 2763 τοῦ
1101 2705 1297 2771 παιδὸς
1338 2702 1551 2782 ηλικία,
1599 2713 1689 2767 καὶ
1724 2715 1784 2768 ἐν

289 2898 342 2936 27
374 2896 541 2940 Matth.
564 2899 604 2948 2,
633 2900 698 2937 13.
755 2920 767 2929 ο

253 2979 486 3007 Ensnssms
521 2981 595 3007 111.
1402 2967 1471 3018 26
