1992 3186
209 139 312 191 558
880 137 1128 180 EUSEBII

211 262 414 323 ἔθνους
438 257 956 328 προκεκηρυγμένα,
987 251 1054 310 τά
1081 278 1141 311 τε
1161 258 1257 326 τῆς
1281 253 1680 330 πυρπολήσεως
1709 261 1810 315 τοῦ

215 344 367 414 ἱεροῦ
413 342 505 396 καὶ
546 341 643 411 τῆς
683 336 914 411 ἐσχάτης
960 336 1146 395 αὐτῶν
1178 342 1431 413 ε’ρημίας,
1479 337 1679 414 ὁμοίως
1719 343 1813 398 καὶ

211 429 384 482 ταῦτα
400 437 521 489 ταῖς
545 421 921 497 προρρήσεσιν
945 425 1111 480 εἰσέτι
1134 425 1226 480 καὶ
1241 422 1482 498 σήμερον
1497 423 1814 499 ὀφθαλμοῖς

98 533 190 574 (413)
213 520 542 582 θεωρεῖται,
573 513 632 564 τί
655 513 900 564 λείπεται
933 509 1020 564 ἐπὶ
1051 507 1264 574 τούτοις
1294 504 1327 580 ἢ
1359 510 1449 565 καὶ
1480 507 1576 567 τὸν
1597 532 1817 584 προφη-

210 591 510 666 τευόμενον
534 593 765 664 βασιλέα
795 591 892 650 τὸν
918 593 1162 666 Χριστὸν
1187 596 1286 650 τοῦ
1316 595 1457 650 θεοῦ
1483 595 1814 665 ἐληλυθέναι
1837 618 1858 651 5

210 678 534 751 ὁμολογεῖν,
574 680 688 733 τῶν
718 675 856 733 κατὰ
886 676 990 749 τὴν
1019 682 1334 751 παρουσίαν
1365 674 1539 734 αὐτοῦ
1570 684 1817 751 σημείων

211 758 302 835 ἐφ’
337 760 548 838 ἑκάστῳ
578 765 692 818 τῶν
724 762 1032 835 εἰρημένων
1057 764 1260 838 ἐναργῆ
1284 760 1387 834 τὴν
1411 768 1642 835 ἔκβασιν
1674 768 1818 835 εἰλη-

210 848 378 919 φέναι
410 844 926 919 ἄποδεδειγμένων;

741 1068 874 1128 Ἀπὸ
905 1073 1006 1127 τοῦ
1027 1070 1271 1129 “Ησα“ι’”ου.

160 1205 182 1237 b
337 1194 391 1242 V.
435 1178 621 1240 “Ἰδοῦ
660 1181 848 1257 κύριος
890 1182 1130 1256 κάθηται
1172 1185 1261 1240 ἐπὶ
1306 1186 1542 1256 νεφέλης
1582 1181 1813 1257 κούφης,
1838 1211 1879 1242 10

208 1268 301 1324 καὶ
339 1265 454 1339 ἥξει
498 1273 576 1334 εἰς
618 1277 937 1340 Αἴγυπτον,
992 1270 1084 1324 καὶ
1133 1266 1488 1340 σεισθήσεται
1527 1267 1595 1324 τὰ
1634 1291 1816 1341 χειρο-

208 1357 409 1423 ποίητα
452 1349 745 1424 Αἰγύπτου
787 1349 895 1408 ἀπὸ
926 1350 1228 1425 προσώπου
1262 1350 1463 1424 αὐτοῦ,
1497 1354 1589 1409 καὶ
1619 1348 1654 1425 ἡ
1686 1377 1815 1428 καρ-

212 1441 304 1492 δία
335 1431 522 1493 αὐτῶν
551 1435 920 1510 ἡττηθήσεται
953 1439 1012 1494 ἐν
1043 1435 1259 1510 αὐτοῖς,
1294 1439 1387 1494 καὶ
1411 1435 1815 1510 ε’πεγερθήσον-

207 1544 295 1577 ται
335 1518 635 1592 Αἰγύπτιοι
689 1517 779 1577 ἐπ’
823 1526 1198 1596 Αἰγυπτίους,
1239 1523 1332 1579 καὶ
1372 1520 1670 1595 πολεμήσει
1715 1519 1816 1578 ἅν-

207 1615 435 1679 θρωπος
486 1603 583 1662 τὸν
642 1602 890 1678 ἀδελφὸν
949 1602 1148 1679 αὑτοῦ,
1211 1609 1302 1663 καὶ
1361 1603 1660 1681 ἅνθρωπος
1718 1604 1815 1663 τὸν
1838 1630 1877 1663 15
1905 1654 1917 1666 f

207 1694 444 1762 πλησίον
495 1685 684 1747 αὑτοῦ.
759 1689 1231 1764 ἐπεγερθήσονται
1281 1689 1438 1757 πόλις
1502 1693 1591 1748 ἐπὶ
1651 1689 1815 1748 πόλιν

158 1807 174 1827 0
206 1775 297 1830 καὶ
341 1772 507 1847 νόμος
551 1776 640 1831 ἐπὶ
682 1773 882 1848 νόμον,
923 1777 1016 1831 καὶ
1047 1774 1455 1851 ταραχθήσεται
1495 1773 1556 1832 τὸ
1595 1780 1814 1847 πνεῦμα

205 1863 317 1915 τῶν
359 1864 689 1931 Αἰγυπτίων
730 1863 790 1917 ἐν
831 1858 1050 1932 αὐτοῖς,
1093 1862 1185 1916 καὶ
1229 1859 1332 1931 τὴν
1371 1858 1585 1931 βουλὴν
1626 1854 1814 1915 αὐτῶν

208 1942 588 2015 διασκεδάσω,
630 1946 723 2000 καὶ
765 1942 1176 2015 ἐπερωτήσουσι
1227 1941 1357 2009 τούς
1397 1939 1566 2008 θεούς
1608 1941 1813 2015 αὐτῶν,

204 2029 297 2083 καὶ
338 2025 404 2082 τὰ
443 2024 729 2100 ἀγάλματα
768 2025 981 2098 αὐτῶν,
1033 2029 1125 2083 καὶ
1166 2026 1291 2093 τοὺς
1337 2025 1812 2102 ἐγγαστριμύθους
1834 2052 1875 2084 20

204 2112 296 2166 καὶ
327 2108 454 2176 τούς
487 2113 546 2166 ἐκ
576 2115 672 2182 τῆς
703 2113 803 2182 γῆς
827 2108 1214 2183 φωνοῦντας.”

330 2198 378 2251 2.
426 2196 536 2251 Καὶ
589 2197 709 2267 ἑξῆς
760 2193 894 2267 μετὰ
943 2202 1173 2252 πλεῖστα
1226 2192 1301 2251 δι’
1347 2194 1688 2269 αἰνιγμάτων
1735 2201 1815 2252 εἰ-

203 2281 413 2352 ρημένα
466 2281 772 2352 ἐπιλέγεται
804 2278 911 2354 “τῇ
949 2275 1125 2355 ἡμέρᾳ
1167 2283 1350 2354 ἐκείνῃ
1411 2285 1561 2336 ἔσται
1605 2290 1812 2337 θυσια-

203 2362 430 2438 στήριον
480 2367 557 2440 τῷ
601 2369 778 2440 κυρίῳ
823 2367 882 2420 ἐν
934 2363 1086 2440 χώρᾳ
1127 2362 1452 2437 Αἰγύπτου,
1505 2365 1597 2420 καὶ
1639 2363 1811 2437 στήλη

202 2447 337 2522 πρὸς
379 2446 439 2505 τὸ
483 2446 638 2522 ὅριον
677 2446 845 2521 αὐτῆς
887 2451 964 2525 τῷ
1002 2455 1206 2526 κυρίῳ,
1247 2451 1339 2505 καὶ
1380 2455 1531 2506 ἔσται
1578 2454 1655 2515 εἰς
1708 2467 1809 2522 ση-
1830 2472 1872 2504 25

202 2545 360 2604 μεῖον
406 2538 484 2599 εἰς
522 2531 620 2590 τὸν
651 2538 828 2591 αἰῶνα
858 2538 934 2610 τῷ
964 2538 1140 2611 κυρίῳ
1196 2536 1255 2590 έν
1299 2532 1452 2609 χώρα
1497 2531 1805 2606 Αἰγύπτου,

158 2640 181 2672 d
205 2613 286 2673 ὅτι
319 2616 674 2691 κεκράξονται
705 2617 841 2691 πρὸς
871 2616 1066 2692 κύριον
1100 2615 1189 2675 διὰ
1218 2616 1344 2684 τούς
1374 2624 1674 2690 θλίβοντας
1706 2614 1807 2674 αύ-

202 2700 361 2773 τούς,
415 2704 508 2758 καὶ
550 2701 848 2760 ἀποστελεῖ
883 2699 1070 2769 αὐτοῖς
1121 2700 1310 2778 κύριος
1362 2699 1694 2778 ἄνθρωπον,
1747 2698 1806 2767 ὂς

316 2896 366 2935 10
399 2895 475 2935 Es.
499 2895 565 2946 19,
591 2897 628 2937 1.
802 2899 855 2938 23
885 2897 962 2938 Es.
989 2898 1054 2948 19,
1081 2898 1145 2937 19.
