1992 3186
559 133 868 176 DEMONST.
899 133 1120 177 EVANG
1150 134 1252 175 vn.
1284 134 1324 175 3.
1380 112 1386 120 ‘
1658 132 1766 186 475

151 252 244 308 καὶ
268 248 596 323 Ἰδουμαίας,
627 246 821 349 Σύρας
851 250 944 306 καὶ
973 253 1260 321 Χετταίας,
1301 250 1392 306 καὶ
1415 246 1761 324 Ἀμορραίας,
1786 273 1875 314 (352)

150 337 214 392 ἐκ
243 336 356 392 τῶν
387 336 599 406 ἐθνων,
642 357 722 390 ων
760 331 962 391 ἀπεῖπε
1002 331 1192 407 κύριος
1231 331 1260 390 ὁ
1302 331 1436 399 θεὸς
1475 347 1589 401 τοῖς
1617 339 1763 401 υΐοῖς

144 416 389 492 Ἰσραὴλ,
421 416 525 476 οὐκ
557 414 978 476 εἰσελεύσεσθαι
1009 423 1087 483 εἰς
1117 413 1302 483 αὐτάς.
1309 413 1342 436 ”
1405 421 1486 474 10.
1520 420 1613 475 καὶ
1645 420 1765 474 ἐπι-

149 504 308 577 φέρει
346 501 559 568 τούτοις
590 499 723 558 “ocal
763 499 866 558 οὐκ
916 492 987 573 ἦν
1026 497 1061 573 ἡ
1113 506 1317 574 καρδία
1357 497 1533 559 αὐτοῦ
1563 498 1764 559 εύθεῖα

103 609 128 642 5
149 585 286 660 μετὰ
315 593 515 661 κυρίου
544 591 642 643 τοῦ
671 588 814 643 θεοῦ
835 583 1038 657 αὐτοῦ,
1069 585 1259 652 καθώς
1289 584 1323 657 ἡ
1347 590 1549 661 καρδία
1571 587 1764 658 Δαβὶδ

146 675 248 727 τοῦ
278 669 483 744 πατρὸς
515 667 714 742 αὐτοῦ,
746 671 839 726 καὶ
863 667 1146 743 ἐπορεύθη
1159 674 1430 742 Σολομῶν
1458 666 1635 727 ὀπίσω
1666 674 1763 742 τῆς

143 750 467 828 Ἀστάρτης,
517 751 894 827 βδελύγματος
933 757 1262 825 Σιδωνίων,
1314 755 1408 810 καὶ
1445 749 1622 811 ὀπίσω
1652 750 1763 829 ’,τοῦ

147 840 417 910 βασιλέως
447 837 636 896 αὐτῶν
667 836 901 894 εἰδώλου
940 839 1084 894 υἱῶν
1109 833 1343 910 Ἄμμων.
1414 839 1508 894 καὶ
1539 839 1763 911 ἐποίησε

148 928 422 995 Σολομῶν
444 921 502 980 τὸ
528 919 774 995 πονηρὸν
799 919 1038 978 ἐνώπιον
1059 918 1313 994 κυρίου.”
1365 925 1446 978 11,
1478 923 1570 978 καὶ
1596 914 1762 989 αὖθις

83 1031 126 1063 10
152 1007 275 1078 ἑξῆς
316 1005 507 1079 ἐπάγει
527 1004 661 1062 “uod
699 1002 886 1078 ἤγειρε
915 1002 1104 1078 κύριος
1138 1003 1310 1061 σαταν
1339 1007 1418 1081 τῷ
1447 1009 1759 1079 Σολομῶνι,
1788 1029 1811 1060 b

146 1087 428 1164 τὸν”Αδερ
457 1087 555 1147 τὸν
577 1085 945 1162 Ἰδουμαῖον.”
1008 1088 1107 1146 τὸν
1138 1088 1207 1161 δὴ
1240 1090 1329 1145 ἐπὶ
1359 1087 1638 1156 τοσούτοις
1668 1092 1761 1146 καὶ

145 1172 413 1241 τοιούτοις
456 1175 897 1246 διαβεβλημένον
937 1178 1020 1238 τίς
1060 1169 1131 1229 ἂν
1172 1177 1321 1246 αἱρεῖ
1356 1171 1516 1245 λόγος
1552 1174 1761 1246 πατέρα

143 1257 244 1314 τὸν
270 1256 409 1316 θεὸν
437 1262 647 1331 τολμᾶν
679 1255 1120 1330 ἐπιγράφεσθαι,
1159 1258 1254 1314 καὶ
1285 1254 1382 1314 τὸν
1414 1259 1502 1313 ἐπὶ
1533 1256 1762 1315 πάντων

146 1339 286 1399 θεὸν
327 1340 453 1399 υἱὸν
492 1344 693 1399 ἑαυτοῦ
743 1338 1092 1415 πρωτότοκον
1144 1337 1510 1416 ἀναγορεύειν
1559 1340 1758 1410 αὐτόν,

81 1452 123 1485 15
146 1431 262 1492 πῶς
307 1426 370 1482 δὲ
413 1428 586 1482 ταῦτα
629 1425 750 1482 τοτὲ
790 1426 892 1498 μὲν
933 1421 1006 1492 ὦς
1036 1427 1164 1497 περὶ
1203 1423 1378 1481 αὐτοῦ
1416 1427 1633 1498 λέγεται
1661 1429 1764 1482 τοῦ

143 1511 364 1583 Δαβὶδ,
394 1510 515 1567 τοτὲ
547 1509 610 1565 δὲ
641 1505 714 1576 ὡς
745 1510 871 1582 περὶ
903 1510 1211 1583 σπέρματος
1234 1505 1436 1577 αύτοῦ;
1468 1506 1593 1565 ἀλλ’
1626 1509 1760 1566 οὐδὲ

143 1599 222 1670 τῷ
252 1596 442 1666 Δαβὶδ
485 1590 777 1667 ἐφαρμόζοι
816 1588 915 1664 ἂν,
959 1589 1031 1659 ὡς
1075 1590 1435 1664 ἐπιστήσαντί
1470 1613 1557 1649 σοι
1589 1597 1761 1665 δῆλον

147 1683 321 1734 ἔσται·
366 1682 447 1735 12.
480 1674 687 1734 οὐκοῦν
724 1676 822 1734 τὸν
865 1679 923 1732 ἐκ
953 1677 1260 1750 σπέρματος
1290 1678 1480 1749 Δαβὶδ
1519 1675 1762 1749 ἀναστή-

146 1772 348 1819 σεσθαι
381 1764 441 1818 ἐν
470 1760 686 1827 τούτοις
718 1758 1063 1833 δηλούμενον
1094 1763 1285 1833 ἕτερον
1315 1762 1583 1832 ζητητέον.
1633 1757 1757 1817 ἀλλ’

81 1871 124 1904 20
144 1843 334 1912 οὐδεὶς
364 1843 528 1912 ἄλλος
557 1849 803 1911 τοιοῦτος
827 1846 890 1912 ἐξ
922 1841 1094 1902 αὐτοῦ
1123 1846 1383 1916 γέγονεν,
1416 1842 1489 1911 ὡς
1521 1848 1760 1915 ἱστορεῖ*
1783 1877 1800 1898 0

144 1952 261 2002 ται,
293 1926 328 2001 ἦ
358 1927 442 1986 ὅτι
470 1953 534 2001 γε
568 1926 646 1995 εἷς
676 1928 704 1986 ὁ
737 1926 920 2003 σωτὴρ
951 1931 1043 1985 καὶ
1074 1926 1265 2002 κύριος
1307 1923 1464 2001 ἡμῶν
1487 1926 1697 2000 Ἰησοῦς
1728 1924 1757 1985 ὁ
1784 1950 1870 1991 [2191

146 2006 381 2085 Χριστὸς
419 2017 519 2070 τοῦ
557 2017 724 2085 θεοῦ,
765 2010 826 2079 ὃς
865 2011 1033 2086 μόνος
1072 2016 1186 2069 τῶν
1224 2010 1445 2069 πώποτε
1489 2015 1549 2069 ἐκ
1589 2015 1758 2085 σπέρ-

144 2120 312 2170 ματος
343 2098 533 2169 Δαβὶδ
564 2095 1044 2170 βεβασιλευκότων
1073 2093 1208 2154 καθ’
1241 2093 1371 2169 ὅλης
1394 2092 1760 2170 ἀνηγόρευται

142 2184 239 2254 τῆς
269 2183 598 2254 οἰκουμένης
626 2181 977 2254 υἰόςἉαβὶδ,
1007 2180 1147 2238 κατὰ
1167 2178 1270 2252 τὴν
1294 2186 1565 2254 ἔνσαρκον
1587 2177 1759 2237 αὐτοῦ

81 2292 125 2325 25
146 2265 370 2337 γένεσιν
397 2261 864 2338 ὁμολογούμενος,
895 2267 989 2322 καὶ
1017 2263 1218 2322 τούτου
1246 2287 1311 2337 γε
1327 2265 1481 2337 μένει
1511 2265 1604 2321 καὶ
1636 2269 1759 2320 δια-

139 2345 356 2421 ·μενεῖἡ
379 2354 640 2421 βασιλεία
662 2355 742 2415 εἰς
760 2347 858 2406 τὸν
881 2346 1110 2423 ἄπειρον
1133 2352 1312 2412 αἰῶνα
1326 2354 1757 2421 παρατείνουσα,

146 2438 325 2488 καίτοι
354 2439 526 2506 μυρία
555 2434 658 2506 μὲν
689 2435 1214 2506 ἔπιβεβουλευμένη,
1245 2439 1379 2506 θεία
1411 2432 1470 2487 δὲ
1493 2432 1586 2487 καὶ
1614 2425 1756 2500 ὑπὲρ

145 2511 450 2588 ἄνθρωπον
481 2515 715 2589 δυνάμει
745 2515 805 2574 τὸ
837 2522 1040 2574 ἔνθεον
1069 2518 1162 2572 καὶ
1202 2513 1473 2586 ἀήττητον
1502 2516 1596 2586 τῆς
1627 2515 1753 2587 περὶ
1780 2533 1803 2565 d

150 2593 324 2654 αὐτοῦ
353 2605 690 2671 προφητείας
721 2597 1043 2665 ἀκολούθως
1076 2599 1517 2670 ἐπιδεικνυμένη.
1594 2601 1674 2654 13.
1708 2602 1759 2654 εἰ

84 2709 128 2742 30
154 2681 215 2737 δὲ
246 2678 491 2753 ὀμνύντα
519 2682 616 2740 τὸν
644 2681 782 2740 θεὸν
821 2680 1038 2749 ἀκούεις
1069 2675 1206 2739 κατα
1245 2687 1342 2738 τοῦ
1372 2679 1534 2753 ἁγίου
1565 2677 1756 2752 αὐτοῦ,

152 2762 225 2831 ὥς
256 2763 459 2839 πατρὸς
490 2763 657 2823 ἄκουε
686 2763 956 2839 ὀμνύντος
987 2763 1125 2822 κατὰ
1154 2767 1253 2823 τοῦ
1274 2769 1415 2825 θεοῦ
1439 2763 1627 2839 λόγου,
1660 2768 1759 2822 τοῦ

147 2846 373 2906 πάντων
396 2847 618 2907 αἰώνων
641 2853 1083 2925 προῦφεστῶτος,
1115 2845 1277 2922 ἁγίου
1299 2851 1390 2907 καὶ
1419 2854 1759 2923 μονογενοῦς
