1992 3186
575 97 1301 140 DEMONST.EVANG.X.2.
1634 95 1737 148 633

135 217 226 272 καὶ
267 212 455 286 κύριος
497 210 654 286 ἡμῶν
695 220 770 281 εἰς
814 212 1011 270 ἑαυτὸν
1062 210 1368 280 ἀνεδέξατο.
1450 216 1534 270 40.
1575 211 1635 269 τὸ
1678 213 1739 270 δὲ

127 295 301 372 “ἐμοῦ
333 298 394 355 δὲ
426 295 517 354 διὰ
547 291 649 370 τὴν
690 296 928 355 ἀκακίαν
967 294 1311 370 ἀντελάβου”
1355 294 1454 370 τὴν
1497 294 1570 354 δι’
1606 293 1739 354 ὅλου

135 380 490 456 καθαρότητα
519 386 615 453 τῆς
646 379 818 440 αὐτοῦ
840 380 1060 454 φύσεως
1079 390 1402 456 παρίστησι,
1438 379 1510 438 δι’
1546 378 1617 454 ἣν
1647 383 1740 438 καὶ

132 465 192 525 τὸ
226 469 452 540 ἑδραῖον
491 468 583 523 καὶ
623 465 877 524 ἄσειστον
917 470 1010 539 τῆς
1053 472 1189 540 ζωῆς
1229 470 1320 524 καὶ
1350 470 1444 538 τῆς
1474 464 1608 539 μετὰ
1638 465 1740 540 τὴν

89 575 109 608 5
133 548 439 610 ἀνάστασιν
490 548 664 609 αὐτοῦ
703 557 978 625 σωτηρίας
1020 550 1301 608 διδάσκων
1342 553 1578 622 ἐπιλέγει
1607 546 1741 608 “noel

134 633 471 708 ἐβεβαίωσάς
503 659 570 709 με
603 634 839 693 ἐνώπιόν
870 654 973 693 σου
1006 642 1082 703 εἰς
1112 632 1208 693 τὸν
1248 633 1490 693 αἰῶνα”’
1551 631 1739 708 ἢ“καὶ

132 719 501 793 παραστήσεις
531 745 598 793 με
621 723 939 795 ἔμπροσθέν
971 739 1074 778 σου
1101 719 1173 777 δι’
1213 717 1451 787 αἰῶνος”
1485 718 1621 776 κατὰ
1644 718 1740 777 τὸν

132 804 454 878 Σύμμαχον.

597 1027 728 1085 Ἀπὸ
760 1033 857 1086 τοῦ
898 1033 1130 1102 Ψαλμοῦ
1161 1035 1232 1086 νδ
1244 1028 1270 1085 '.
1762 1051 1850 1094 (471)

351 1137 404 1161 (Η

69 1166 110 1199 10
259 1153 316 1201 ΙΙ.
405 1139 678 1199 Ενεότισαι
718 1137 744 1198 ὁ
785 1141 916 1208 θεὸς
955 1140 1057 1214 τὴν
1102 1139 1417 1214 προσευχήν
1457 1166 1593 1215 μου,
1647 1143 1738 1199 καὶ

130 1223 205 1300 μὴ
235 1221 507 1300 ὕπερίδῃς
537 1223 638 1298 τὴν
659 1227 852 1298 δέησίν
871 1250 997 1299 μου,
1030 1225 1300 1299 πρόσσχες
1321 1250 1432 1300 μοι,
1465 1228 1555 1283 καὶ
1590 1224 1735 1283 εἰσά-
1762 1245 1851 1287 [2931

120 1310 339 1369 ,κουσόν
375 1335 498 1384 μου.
581 1309 871 1383 ἐλυπήθην
914 1314 974 1367 ἐν
1012 1313 1082 1384 τῇ
1121 1307 1419 1386 ἀδολεσχίᾳ
1459 1335 1594 1384 μου,
1647 1313 1740 1368 καὶ
1764 1331 1785 1363 b

131 1393 444 1468 ἐταράχθην
460 1392 568 1452 ἀπὸ
585 1398 775 1467 φωνῆς
802 1398 1025 1468 ἐχθροῦ,
1057 1397 1148 1452 καὶ
1168 1392 1274 1452 ἀπὸ
1297 1402 1543 1462 θλίψεως
1563 1391 1741 1468 ἀμαρ-

129 1482 324 1536 τωλοῦ.
383 1477 467 1536 ὅτι
510 1482 789 1547 ἐξέκλιναν
831 1477 916 1535 ἐπ’
952 1480 1043 1552 ἐμὲ
1073 1478 1336 1553 ἀνομίαν,
1379 1482 1469 1536 καὶ
1514 1484 1573 1537 ἐν
1602 1477 1740 1554 ὀργῇ

68 1587 108 1620 15
134 1562 424 1621 ἐνεκότουν
454 1588 559 1637 μοι.
621 1562 655 1636 ἡ
687 1569 889 1637 καρδία
919 1588 1026 1637 μου
1060 1562 1336 1637 ἐταράχθη
1370 1567 1428 1622 ἐν
1461 1567 1606 1637 ἐμοὶ,
1647 1566 1740 1621 καὶ

133 1652 311 1706 δειλία
341 1646 593 1706 θανάτου
625 1651 891 1706 ἐπέπεσεν
923 1645 1009 1705 ἐπ’
1045 1649 1151 1721 ἐμέ.
1218 1646 1392 1721 φόβος
1423 1652 1514 1706 καὶ
1543 1646 1740 1721 τρόμος

129 1723 307 1806 ἦλθεν
338 1731 422 1789 ἐπ’
463 1734 580 1806 ἐμὲ,
613 1734 705 1789 καὶ
737 1731 982 1800 ἐκάλυψέ
1016 1757 1083 1806 με
1115 1729 1343 1799 σκότος”
1377 1736 1469 1790 καὶ
1509 1732 1575 1789 τὰ
1599 1735 1736 1805 ἑξῆς.

129 1820 176 1873 2.
211 1812 293 1882 οἷς
325 1819 562 1890 ἐπιλέγει
585 1814 1056 1889 “καταπόντισον,
1097 1815 1284 1890 κύριε,
1327 1819 1419 1874 καὶ
1450 1823 1740 1874 καταδίελε

129 1899 224 1968 τὰς
253 1899 506 1973 γλώσσας
530 1898 735 1972 αὐτῶν,
766 1900 847 1959 ὅτι
873 1902 1026 1959 εἶδον
1042 1898 1279 1975 ἀνομίαν
1303 1904 1394 1958 καὶ
1417 1899 1741 1975 ἀντιλογίαν

66 2009 108 2042 20
133 1987 192 2042 ἐν
221 1988 289 2060 τῇ
317 1983 489 2043 πόλει.
552 1983 756 2059 ἡμέρας
786 1989 878 2042 καὶ
909 1985 1108 2053 νυκτὸς
1130 1985 1403 2043 κυκλώσει
1441 1983 1618 2059 αὐτὴν
1652 1988 1740 2043 ἐπὶ

131 2068 196 2126 τὰ
225 2075 376 2143 τείχη
408 2066 596 2142 αὐτῆς,
627 2072 719 2127 καὶ
750 2069 953 2144 ἀνομία
983 2072 1074 2128 καὶ
1107 2066 1276 2137 uduo}
1309 2075 1367 2128 ἐν
1397 2073 1545 2148 μέσῳ
1571 2068 1740 2142 αὐτῆς

131 2155 223 2210 καὶ
255 2150 473 2226 ἀδικία,
505 2156 598 2212 καὶ
628 2151 730 2212 οὐκ
763 2158 1008 2223 ἐξέλιπεν
1040 2158 1098 2212 ἐκ
1127 2159 1240 2213 τῶν
1267 2160 1541 2213 πλατειῶν
1572 2155 1740 2228 αὐτῆς
1764 2199 1781 2221 0

129 2235 287 2305 τόκος
311 2241 399 2296 καὶ
430 2238 607 2306 δόλος.
651 2236 735 2296 ὅτι
760 2245 811 2296 εἰ
840 2239 1037 2313 ἐχθρὸς
1062 2237 1320 2298 ὠνείδισέ
1339 2264 1426 2313 με,
1451 2236 1741 2312 ὑπήνεγκα

130 2318 224 2379 ἄν·
273 2326 365 2380 καὶ
406 2329 456 2380 εἰ
493 2322 521 2381 ὁ
552 2327 731 2396 μισῶν
768 2348 836 2396 με
878 2323 963 2381 ἐπ’
1003 2325 1094 2396 ἐμὲ
1138 2323 1739 2397 ἐμεγαλορρημόνησεν,

68 2427 108 2460 25
135 2405 379 2479 ἐκρύβην
417 2402 487 2464 ἀν
529 2403 625 2463 ἀπ’
667 2405 863 2464 αὐτοῦ·
925 2406 996 2463 σύ
1037 2409 1126 2477 δὲ,
1179 2405 1446 2478 ἄνθρωπε
1491 2405 1739 2480 ίσόψυχε,

131 2486 355 2562 ἡγεμών
383 2514 491 2562 μου
522 2492 613 2547 καὶ
642 2493 855 2561 γνωστέ
892 2515 1028 2563 μου,
1074 2488 1132 2557 ὃς
1174 2493 1261 2547 ἐπὶ
1301 2489 1360 2548 τό
1401 2489 1536 2547 αὐτὸ
1578 2489 1741 2563 ἐγλύ-

132 2571 303 2640 κανάς
342 2597 434 2646 μοι
475 2577 773 2646 ἐδέσματα,
818 2577 877 2631 ἐν
916 2578 993 2651 τῷ
1034 2583 1168 2652 οἴκῳ
1200 2577 1300 2632 τοῦ
1337 2579 1476 2632 θεοῦ
1510 2573 1737 2650 ἐπορεύ-

130 2666 315 2730 θημεν
346 2661 406 2714 ἐν
434 2653 717 2734 ὁμονοίᾳ.”

249 2852 301 2891 10
331 2851 561 2903 Ps.54,1.
