1992 3186
571 90 881 133 DEMONST.
913 90 1134 134 EVANG.
1166 91 1221 131 x.
1253 91 1293 132 8.
1621 87 1724 140 667

113 205 407 280 καταφυγή
436 231 565 280 μου,
595 209 688 264 καὶ
713 205 916 281 ῥύστης
939 231 1063 281 μου.
1118 210 1200 264 33.
1227 201 1414 272 ὁθεός
1436 230 1563 279 μου,
1596 213 1725 279 βοη-

113 290 216 359 θός
245 315 381 365 μου,
429 294 521 349 καὶ
562 295 732 349 ἐλπιῶ
777 290 862 349 ἐπ’
907 288 1109 364 αὐτὸν,
1154 288 1567 364 ὑπερασπιστής
1597 315 1723 364 μου,

113 378 207 433 καὶ
229 377 391 449 κέρας
414 381 686 448 σωτηρίας
710 401 838 450 μου,
870 378 962 434 καὶ
986 373 1334 449 ἆντιλήπτωρ
1358 373 1519 449 μου.”
1563 399 1724 433 κατα-

113 461 368 518 λέλοιπεν
397 453 500 518 οῧν
529 458 700 518 αὐτὸν
730 459 760 518 ὁ
794 460 1016 534 ἰσχυρὸς
1046 459 1250 532 αὐτοῦ,
1280 458 1525 532 θελήσας
1555 457 1727 518 αὐτὸν

67 543 301 618 5“μέχρι
332 547 583 603 θανάτου
608 547 700 602 καὶ
711 544 963 603 θανάτου
988 541 1266 619 σταυροῦ”
1293 552 1609 618 κατελθεῖν,
1633 547 1726 603 καὶ

109 635 207 687 τοῦ
239 629 448 703 κόσμου
478 630 684 697 παντὸς
707 628 909 703 λύτρον
939 631 1031 687 καὶ
1055 627 1363 702 ἆντίψυχον
1384 627 1727 703 ἀποδειχθῆ-

111 739 234 786 ναι,
277 716 369 772 καὶ
410 713 721 790 καθάρσιον
759 717 1026 787 γενέσθαι
1054 717 1150 787 τῆς
1179 716 1292 772 τῶν
1322 719 1401 780 εἰς
1430 712 1605 772 αὐτὸν
1634 737 1727 772 πι-

113 797 466 857 στευσοὲντων
495 802 649 872 ζωῆς.
720 803 804 856 34.
838 795 867 856 ὁ
902 799 963 856 δὲ
1004 797 1204 856 αὐτίκα
1242 797 1388 872 μάλα
1418 798 1726 857 συναισθό-

110 906 274 956 μενος
304 886 399 956 τῆς
430 886 633 942 ἐνθέου
663 886 756 941 καὶ
786 887 1053 956 πατρικῆς
1092 885 1330 956 βουλῆς,
1372 882 1635 955 διαγνούς
1668 907 1728 941 τε

46 994 87 1026 ιο
112 974 163 1025 εἰ
190 974 286 1025 καί
320 992 402 1034 τις
442 966 608 1035 ἄλλος
648 966 714 1026 τοὶ
756 978 904 1026 αἴτια
943 971 1041 1026 τοῦ
1082 976 1521 1042 καταλελεῖφθαι
1552 965 1726 1026 αὐτὸν

111 1051 221 1110 ὑπὸ
252 1055 355 1110 τοῦ
383 1052 608 1126 πατρὸς,
641 1059 721 1111 ἔτι
744 1053 888 1111 πολὺ
911 1055 1081 1110 πλέον
1106 1055 1479 1110 ἐταπείνωσεν
1504 1051 1724 1123 ἑαυτὸν,

110 1138 204 1194 καὶ
226 1135 322 1194 τὸν
344 1135 486 1210 ὑπὲρ
509 1136 668 1211 ἡμῶν
690 1136 940 1196 θάνατον
962 1143 1138 1212 πολλῇ
1159 1140 1229 1211 τῇ
1242 1143 1532 1213 προθυμίᾳ
1545 1159 1726 1211 περιε-

110 1220 307 1293 βάλετο
340 1220 599 1294 “ἐγε’νετό
637 1246 697 1279 τε
734 1220 763 1279 ὃ
804 1221 1072 1294 πανάγιος
1112 1223 1204 1278 καὶ
1247 1220 1542 1294 εὐλογητὸς
1582 1218 1724 1295 ὑπὲρ

108 1302 266 1380 ἡμῶν
295 1331 534 1381 καταρα,
565 1309 658 1364 καὶ
687 1304 716 1364 ὁ
747 1304 821 1380 μὴ
851 1306 1018 1379 γνοὺς
1048 1306 1322 1380 αμαρτίαν
1343 1304 1600 1407 ἁμαρτία,
1632 1312 1727 1365 ἵνα

46 1415 88 1453 15
110 1387 267 1464 ἡμεῖς
296 1390 592 1465 γενώμεθα
624 1390 952 1464 δικαιοσύνη
982 1394 1123 1449 θεοῦ
1156 1393 1216 1448 ἐν
1246 1389 1413 1468 αὐτῷ.
1420 1387 1452 1410 ”
1514 1395 1598 1448 35.
1631 1393 1723 1448 καὶ

112 1482 190 1533 ἔτι
219 1470 356 1550 πρὸς
377 1475 590 1543 τούτοις
611 1475 707 1543 τὰς
729 1474 994 1550 ἡμετέρας
1017 1474 1287 1550 αμαρτίας
1309 1473 1726 1549 ἀναμαξοὲμενος

112 1559 440 1635 ἐσταυρώθη
459 1607 475 1634 ,
505 1559 535 1618 ὃ
567 1564 734 1635 ἐχρῆν
762 1556 904 1634 ἡμᾶς
933 1585 1062 1627 τους
1083 1561 1218 1633 πρὶν
1247 1556 1469 1633 ἀσεβεῖς
1495 1571 1725 1634 παθεῖν,

108 1643 417 1746 ἀντίψυχον
455 1641 614 1719 ἡμῶν
656 1648 748 1703 καὶ
794 1642 1126 1719 αντίλυτρον
1157 1646 1554 1719 γεγενημένος,
1587 1642 1721 1702 ωστ’

111 1724 182 1785 ἂν
228 1726 469 1802 εὐλόγως
512 1737 691 1788 εἰπεῖν
731 1728 873 1804 ἡμᾶς
911 1730 973 1787 τὸ
1003 1727 1350 1804 προφητικὸν
1399 1726 1590 1796 ιἀὐτὸς
1629 1727 1726 1796 τας

45 1838 88 1872 20
111 1812 378 1887 αμαρτίας
408 1810 566 1887 ἡμῶν
606 1818 795 1889 φέρει,
835 1817 928 1872 καὶ
957 1813 1145 1886 περὶ“
1118 1838 1275 1888 ημων
1305 1810 1602 1886 ὀδυνᾶται,
1633 1816 1725 1871 καὶ

112 1897 277 1968 αὐτὸς
308 1903 722 1972 ἐτραυματίσθη
750 1898 841 1956 διὰ
869 1896 965 1966 τοὶς
995 1895 1263 1972 ἁμαρτίας
1285 1893 1476 1972 ἡμῶν,
1510 1901 1602 1956 καὶ
1623 1897 1725 1972 ’με-

109 1981 442 2055 μαλάκισται
483 1981 575 2041 δια
612 1981 707 2050 τὰς
747 1980 979 2058 ἀνομίας
1018 1979 1202 2057 ἡμῶν,
1245 1988 1340 2041 ἵνα
1379 1985 1458 2058 τῷ
1495 1981 1726 2056 μώλωπι

112 2065 284 2124 αὐτοῦ
312 2063 471 2141 ἡμεῖς
503 2072 767 2142 ἰαθῶμεν.
842 2067 1033 2142 κύριος
1062 2066 1167 2141 γὰρ
1199 2069 1525 2140 παρέδωκεν
1555 2064 1725 2126 αὐτὸν

112 2165 232 2218 ταῖς
276 2148 566 2226 ἁμαρτίαις
602 2149 816 2226 ἡμῶν.”
898 2157 982 2210 36.
1028 2151 1222 2225 διόπερ
1263 2151 1337 2220 ὡς
1382 2155 1727 2226 παραδοθεὶς

46 2259 89 2292 25
113 2234 223 2294 ὑπὸ
238 2240 337 2294 τοῦ
353 2235 558 2311 πατρὸς
581 2239 673 2295 καὶ
696 2239 1062 2311 μαλακισθεὶς
1081 2240 1174 2295 καὶ
1187 2237 1284 2305 τὰς
1307 2235 1539 2309 ἀνομίας
1567 2235 1727 2310 ἡμῶν

111 2319 456 2395 ἀνειληφώς,
489 2320 563 2389 ὡς
594 2320 874 2395 πρόβατον
906 2324 995 2379 ἐπὶ
1025 2321 1250 2394 σφαγὴν
1271 2319 1438 2394 ἤχθη.
1492 2319 1725 2395 συνᾴδει

111 2404 324 2472 τούτοις
354 2408 447 2461 καὶ
474 2401 504 2462 ὅ
534 2403 837 2471 ἀπόστολος
869 2409 1048 2477 λέγων
1070 2401 1166 2472 “ὃ’ς
1195 2427 1259 2477 γε
1287 2410 1386 2462 τοῦ
1418 2410 1567 2462 ἰδίου
1596 2408 1727 2462 υἱοῦ

113 2486 217 2545 οὐκ
259 2491 543 2562 ἐφείσατο,
584 2485 708 2545 ἀλλ’
750 2485 894 2560 ὑπὲρ
938 2484 1098 2562 ἡμῶν
1127 2487 1356 2546 πάντων
1398 2490 1726 2562 παρέδωκεν

114 2569 338 2630 αὐτόν.”
412 2577 498 2630 37.
533 2575 706 2630 κινῶν
748 2573 810 2630 δὲ
847 2569 988 2646 ἡμᾶς
1030 2575 1120 2630 ἐπὶ
1149 2571 1373 2646 ζήτησιν
1410 2579 1507 2646 τῆς
1547 2579 1726 2640 αἰτίας

230 2796 255 2834 5
286 2795 404 2837 Phil.
428 2797 469 2846 2,
493 2796 532 2836 8.
707 2796 758 2836 13
791 2794 895 2838 Gal.
918 2797 957 2844 3,
983 2797 1047 2836 13.
1108 2796 1147 2834 2.
1171 2795 1273 2837 Cor.
1298 2796 1336 2842 5,
1360 2797 1427 2838 21.

119 2853 169 2891 19
201 2851 278 2893 Es.
300 2853 368 2903 53,
390 2853 431 2892 4.
605 2853 658 2891 27
690 2852 815 2892 Rom.
839 2852 879 2903 8,
903 2853 973 2895 32.

1747 834 1765 856 c

1754 1416 1774 1448 d
