<?xml version="1.0" encoding="UTF-8"?>
<!DOCTYPE html PUBLIC "-//W3C//DTD XHTML 1.0 Transitional//EN"
    "http://www.w3.org/TR/xhtml1/DTD/xhtml1-transitional.dtd">
<html xmlns="http://www.w3.org/1999/xhtml" xml:lang="en" lang="en">
 <head>
  <title>
</title>
<meta http-equiv="Content-Type" content="text/html;charset=utf-8" />
  <meta name='ocr-system' content='tesseract 3.04.00' />
  <meta name='ocr-capabilities' content='ocr_page ocr_carea ocr_par ocr_line ocrx_word'/>
</head>
<body>
  <div class='ocr_page' id='page_1' title='image "./operaeusebius03euseuoft_0618.png"; bbox 0 0 1992 3186; ppageno 0'>
   <div class='ocr_carea' id='block_1_1' title="bbox 261 141 1192 195">
    <p class='ocr_par' dir='ltr' id='par_1_1' title="bbox 261 141 1192 195">
     <span class='ocr_line' id='line_1_1' title="bbox 261 141 1192 195; baseline -0.013 0"><span class='ocrx_word' id='word_1_1' title='bbox 261 141 369 195; x_wconf 83' lang='lat'><em>594</em></span> <span class='ocrx_word' id='word_1_2' title='bbox 944 141 1192 184; x_wconf 80' lang='lat' dir='ltr'>EUSEBII</span> 
     </span>
    </p>
   </div>
   <div class='ocr_carea' id='block_1_2' title="bbox 263 249 1918 839">
    <p class='ocr_par' dir='ltr' id='par_1_2' title="bbox 263 249 1918 839">
     <span class='ocr_line' id='line_1_2' title="bbox 263 249 1874 333; baseline 0.001 -17"><span class='ocrx_word' id='word_1_3' title='bbox 263 259 620 328; x_wconf 81' lang='grc' dir='ltr'><em>ἀνατέταλκε;</em></span> <span class='ocrx_word' id='word_1_4' title='bbox 659 264 718 314; x_wconf 91' lang='grc' dir='ltr'><em>τί</em></span> <span class='ocrx_word' id='word_1_5' title='bbox 745 258 804 314; x_wconf 76' lang='grc' dir='ltr'><em>δὲ</em></span> <span class='ocrx_word' id='word_1_6' title='bbox 835 249 905 330; x_wconf 79' lang='grc' dir='ltr'><em>ἦν</em></span> <span class='ocrx_word' id='word_1_7' title='bbox 950 263 1110 315; x_wconf 85' lang='grc' dir='ltr'><em>τοῦτο</em></span> <span class='ocrx_word' id='word_1_8' title='bbox 1155 250 1276 314; x_wconf 75' lang='grc' dir='ltr'><em>ἄλλ’</em></span> <span class='ocrx_word' id='word_1_9' title='bbox 1314 255 1347 331; x_wconf 83' lang='grc' dir='ltr'><em>ἢ</em></span> <span class='ocrx_word' id='word_1_10' title='bbox 1377 257 1436 316; x_wconf 85' lang='grc' dir='ltr'><em>τὸ</em></span> <span class='ocrx_word' id='word_1_11' title='bbox 1467 262 1874 333; x_wconf 85' lang='grc' dir='ltr'><em>γεγεννημένον</em></span> 
     </span>
     <span class='ocr_line' id='line_1_3' title="bbox 264 337 1873 418; baseline 0 -17"><span class='ocrx_word' id='word_1_12' title='bbox 264 349 490 401; x_wconf 78' lang='grc' dir='ltr'><em>παιδίον</em></span> <span class='ocrx_word' id='word_1_13' title='bbox 529 344 622 398; x_wconf 84' lang='grc' dir='ltr'><em>καὶ</em></span> <span class='ocrx_word' id='word_1_14' title='bbox 661 337 689 398; x_wconf 84' lang='grc' dir='ltr'>ὁ</span> <span class='ocrx_word' id='word_1_15' title='bbox 721 341 871 414; x_wconf 81' lang='grc' dir='ltr'><em>παρὰ</em></span> <span class='ocrx_word' id='word_1_16' title='bbox 914 348 1012 400; x_wconf 81' lang='grc' dir='ltr'><em>τοῦ</em></span> <span class='ocrx_word' id='word_1_17' title='bbox 1042 348 1182 400; x_wconf 82' lang='grc' dir='ltr'><strong><em>θεοῦ</em></strong></span> <span class='ocrx_word' id='word_1_18' title='bbox 1223 344 1413 409; x_wconf 81' lang='grc' dir='ltr'><em>δοθεὶς</em></span> <span class='ocrx_word' id='word_1_19' title='bbox 1443 342 1592 416; x_wconf 81' lang='grc' dir='ltr'><em>υίὸς,</em></span> <span class='ocrx_word' id='word_1_20' title='bbox 1633 342 1873 418; x_wconf 75' lang='grc' dir='ltr'><em>μεγάλης</em></span> 
     </span>
     <span class='ocr_line' id='line_1_4' title="bbox 265 424 1872 502; baseline 0.001 -17"><span class='ocrx_word' id='word_1_21' title='bbox 265 431 470 501; x_wconf 87' lang='grc' dir='ltr'><em>βουλῆς</em></span> <span class='ocrx_word' id='word_1_22' title='bbox 500 424 748 499; x_wconf 75' lang='grc' dir='ltr'><em>ἅγγελος,</em></span> <span class='ocrx_word' id='word_1_23' title='bbox 782 427 874 483; x_wconf 90' lang='grc' dir='ltr'><em>καὶ</em></span> <span class='ocrx_word' id='word_1_24' title='bbox 898 424 1087 500; x_wconf 78' lang='grc' dir='ltr'><em>ἅρχων</em></span> <span class='ocrx_word' id='word_1_25' title='bbox 1112 425 1353 501; x_wconf 77' lang='grc' dir='ltr'><em>εἰρήνης,</em></span> <span class='ocrx_word' id='word_1_26' title='bbox 1386 429 1477 484; x_wconf 91' lang='grc' dir='ltr'><em>καὶ</em></span> <span class='ocrx_word' id='word_1_27' title='bbox 1503 426 1872 502; x_wconf 84' lang='grc' dir='ltr'><em>ἐξουσιαστὴς,</em></span> 
     </span>
     <span class='ocr_line' id='line_1_5' title="bbox 266 509 1875 587; baseline 0.002 -19"><span class='ocrx_word' id='word_1_28' title='bbox 266 514 356 568; x_wconf 86' lang='grc' dir='ltr'><em>καὶ</em></span> <span class='ocrx_word' id='word_1_29' title='bbox 395 509 526 578; x_wconf 86' lang='grc' dir='ltr'><em>θεὸς</em></span> <span class='ocrx_word' id='word_1_30' title='bbox 568 509 819 586; x_wconf 78' lang='grc' dir='ltr'><em>ἰσχυρὸς,</em></span> <span class='ocrx_word' id='word_1_31' title='bbox 861 513 953 568; x_wconf 87' lang='grc' dir='ltr'><em>καὶ</em></span> <span class='ocrx_word' id='word_1_32' title='bbox 993 511 1171 587; x_wconf 85' lang='grc' dir='ltr'><em>πατὴρ</em></span> <span class='ocrx_word' id='word_1_33' title='bbox 1215 517 1312 568; x_wconf 84' lang='grc' dir='ltr'><em>τοῦ</em></span> <span class='ocrx_word' id='word_1_34' title='bbox 1352 514 1644 584; x_wconf 84' lang='grc' dir='ltr'><em>μέλλοντος</em></span> <span class='ocrx_word' id='word_1_35' title='bbox 1673 517 1875 582; x_wconf 79' lang='grc' dir='ltr'><em>αἰῶνος</em></span> 
     </span>
     <span class='ocr_line' id='line_1_6' title="bbox 265 593 1918 671; baseline 0.002 -18"><span class='ocrx_word' id='word_1_36' title='bbox 265 593 680 670; x_wconf 73' lang='grc' dir='ltr'><em>ὠνομασμένοςς</em></span> <span class='ocrx_word' id='word_1_37' title='bbox 733 599 904 652; x_wconf 88' lang='grc' dir='ltr'><em>ταῦτα</em></span> <span class='ocrx_word' id='word_1_38' title='bbox 950 596 1011 653; x_wconf 73' lang='grc' dir='ltr'><em>δὲ</em></span> <span class='ocrx_word' id='word_1_39' title='bbox 1062 593 1168 670; x_wconf 75' lang='grc' dir='ltr'><em>ἤδη</em></span> <span class='ocrx_word' id='word_1_40' title='bbox 1209 594 1533 668; x_wconf 79' lang='grc' dir='ltr'><strong><em>φθάσαντες</em></strong></span> <span class='ocrx_word' id='word_1_41' title='bbox 1575 598 1663 654; x_wconf 87' lang='grc' dir='ltr'><em>ἐπὶ</em></span> <span class='ocrx_word' id='word_1_42' title='bbox 1702 596 1918 671; x_wconf 84' lang='grc' dir='ltr'><em>μόνον5</em></span> 
     </span>
     <span class='ocr_line' id='line_1_7' title="bbox 263 678 1876 755; baseline 0.002 -18"><span class='ocrx_word' id='word_1_43' title='bbox 263 679 646 754; x_wconf 77' lang='grc' dir='ltr'><em>ἀναφέρεσθαι</em></span> <span class='ocrx_word' id='word_1_44' title='bbox 691 678 789 738; x_wconf 85' lang='grc' dir='ltr'><em>τὸν</em></span> <span class='ocrx_word' id='word_1_45' title='bbox 819 683 1038 754; x_wconf 88' lang='grc' dir='ltr'><em>σωτῆρα</em></span> <span class='ocrx_word' id='word_1_46' title='bbox 1069 683 1160 737; x_wconf 88' lang='grc' dir='ltr'><em>καὶ</em></span> <span class='ocrx_word' id='word_1_47' title='bbox 1203 679 1397 755; x_wconf 84' lang='grc' dir='ltr'><em>κύριον</em></span> <span class='ocrx_word' id='word_1_48' title='bbox 1427 678 1585 754; x_wconf 72' lang='grc' dir='ltr'><em>ἡμῶν</em></span> <span class='ocrx_word' id='word_1_49' title='bbox 1614 680 1751 739; x_wconf 80' lang='grc' dir='ltr'><em>κατὰ</em></span> <span class='ocrx_word' id='word_1_50' title='bbox 1780 679 1876 740; x_wconf 79' lang='grc' dir='ltr'><em>τὸν</em></span> 
     </span>
     <span class='ocr_line' id='line_1_8' title="bbox 265 758 1217 839; baseline 0 -16"><span class='ocrx_word' id='word_1_51' title='bbox 265 771 471 823; x_wconf 80' lang='grc' dir='ltr'><em>οἰκεῖον</em></span> <span class='ocrx_word' id='word_1_52' title='bbox 501 758 696 839; x_wconf 79' lang='grc' dir='ltr'><em>καιρὸν</em></span> <span class='ocrx_word' id='word_1_53' title='bbox 726 768 1217 839; x_wconf 81' lang='grc' dir='ltr'><em>προαπεδείξαμεν.</em></span> 
     </span>
    </p>
   </div>
   <div class='ocr_carea' id='block_1_3' title="bbox 152 987 1335 1063">
    <p class='ocr_par' dir='ltr' id='par_1_3' title="bbox 152 987 1335 1063">
     <span class='ocr_line' id='line_1_9' title="bbox 152 987 1335 1063; baseline -0.002 -15"><span class='ocrx_word' id='word_1_54' title='bbox 152 1016 245 1056; x_wconf 78' lang='lat'>(441)</span> <span class='ocrx_word' id='word_1_55' title='bbox 809 987 940 1047; x_wconf 84' lang='grc' dir='ltr'><em>Ἀπὸ</em></span> <span class='ocrx_word' id='word_1_56' title='bbox 980 994 1212 1063; x_wconf 81' lang='grc' dir='ltr'><em>Ψαλμοῦ</em></span> <span class='ocrx_word' id='word_1_57' title='bbox 1244 993 1299 1059; x_wconf 83' lang='grc' dir='ltr'><em>ξζ</em></span> <span class='ocrx_word' id='word_1_58' title='bbox 1309 989 1335 1047; x_wconf 86' lang='grc'><em>’.</em></span> 
     </span>
    </p>
   </div>
   <div class='ocr_carea' id='block_1_4' title="bbox 216 1098 1992 2778">
    <p class='ocr_par' dir='ltr' id='par_1_4' title="bbox 216 1098 1992 2778">
     <span class='ocr_line' id='line_1_10' title="bbox 392 1098 1880 1175; baseline -0.003 -12"><span class='ocrx_word' id='word_1_59' title='bbox 392 1114 471 1163; x_wconf 89' lang='grc' dir='ltr'><em>ΙΧ.</em></span> <span class='ocrx_word' id='word_1_60' title='bbox 508 1098 979 1175; x_wconf 76' lang='grc' dir='ltr'><em>“Ἐθεωρήθησαν</em></span> <span class='ocrx_word' id='word_1_61' title='bbox 1018 1107 1081 1158; x_wconf 83' lang='grc' dir='ltr'><em>αί</em></span> <span class='ocrx_word' id='word_1_62' title='bbox 1115 1108 1342 1173; x_wconf 81' lang='grc' dir='ltr'><em>πορεῖαί</em></span> <span class='ocrx_word' id='word_1_63' title='bbox 1367 1120 1507 1174; x_wconf 79' lang='grc' dir='ltr'><em>σου,</em></span> <span class='ocrx_word' id='word_1_64' title='bbox 1549 1102 1577 1159; x_wconf 87' lang='grc' dir='ltr'>ὁ</span> <span class='ocrx_word' id='word_1_65' title='bbox 1617 1100 1776 1174; x_wconf 78' lang='grc' dir='ltr'><em>θεὸς,</em></span> <span class='ocrx_word' id='word_1_66' title='bbox 1817 1107 1880 1159; x_wconf 78' lang='grc' dir='ltr'><em>αἱ</em></span> 
     </span>
     <span class='ocr_line' id='line_1_11' title="bbox 267 1184 1939 1264; baseline 0 -20"><span class='ocrx_word' id='word_1_67' title='bbox 267 1200 484 1260; x_wconf 82' lang='grc' dir='ltr'><em>πορεῖαι</em></span> <span class='ocrx_word' id='word_1_68' title='bbox 514 1190 612 1243; x_wconf 85' lang='grc' dir='ltr'><em>τοῦ</em></span> <span class='ocrx_word' id='word_1_69' title='bbox 643 1191 782 1246; x_wconf 82' lang='grc' dir='ltr'><strong><em>θεοῦ</em></strong></span> <span class='ocrx_word' id='word_1_70' title='bbox 807 1210 913 1259; x_wconf 89' lang='grc' dir='ltr'><em>μου</em></span> <span class='ocrx_word' id='word_1_71' title='bbox 936 1189 1033 1243; x_wconf 83' lang='grc' dir='ltr'><em>τοῦ</em></span> <span class='ocrx_word' id='word_1_72' title='bbox 1063 1188 1351 1259; x_wconf 81' lang='grc' dir='ltr'><em>βασιλέως,</em></span> <span class='ocrx_word' id='word_1_73' title='bbox 1383 1190 1482 1243; x_wconf 86' lang='grc' dir='ltr'><em>τοῦ</em></span> <span class='ocrx_word' id='word_1_74' title='bbox 1509 1189 1569 1244; x_wconf 90' lang='grc' dir='ltr'><em>ἐν</em></span> <span class='ocrx_word' id='word_1_75' title='bbox 1598 1189 1676 1264; x_wconf 76' lang='grc' dir='ltr'><em>τῷ</em></span> <span class='ocrx_word' id='word_1_76' title='bbox 1704 1184 1869 1263; x_wconf 78' lang='grc' dir='ltr'><em>ἆγίςο·</em></span> <span class='ocrx_word' id='word_1_77' title='bbox 1899 1212 1939 1244; x_wconf 92' lang='lat'><em>10</em></span> 
     </span>
     <span class='ocr_line' id='line_1_12' title="bbox 219 1269 1875 1348; baseline 0 -20"><span class='ocrx_word' id='word_1_78' title='bbox 219 1297 240 1327; x_wconf 88' lang='lat' dir='ltr'>b</span> <span class='ocrx_word' id='word_1_79' title='bbox 267 1275 638 1345; x_wconf 85' lang='grc' dir='ltr'><em>προέφθασαν</em></span> <span class='ocrx_word' id='word_1_80' title='bbox 668 1269 928 1345; x_wconf 74' lang='grc' dir='ltr'><em>ἄρχοντες</em></span> <span class='ocrx_word' id='word_1_81' title='bbox 971 1271 1216 1343; x_wconf 88' lang='grc' dir='ltr'><em>ἐχόμενοι</em></span> <span class='ocrx_word' id='word_1_82' title='bbox 1248 1269 1602 1343; x_wconf 77' lang='grc' dir='ltr'><em>ψαλλόντων,</em></span> <span class='ocrx_word' id='word_1_83' title='bbox 1637 1274 1697 1328; x_wconf 86' lang='grc' dir='ltr'><em>ἐν</em></span> <span class='ocrx_word' id='word_1_84' title='bbox 1726 1272 1875 1348; x_wconf 75' lang='grc' dir='ltr'><em>μέσῳ</em></span> 
     </span>
     <span class='ocr_line' id='line_1_13' title="bbox 269 1351 1876 1429; baseline -0.001 -16"><span class='ocrx_word' id='word_1_85' title='bbox 269 1361 544 1414; x_wconf 80' lang='grc' dir='ltr'><em>νεανίδων</em></span> <span class='ocrx_word' id='word_1_86' title='bbox 583 1359 1050 1429; x_wconf 82' lang='grc' dir='ltr'><em>τυμπανιστριῶν.</em></span> <span class='ocrx_word' id='word_1_87' title='bbox 1133 1357 1192 1412; x_wconf 90' lang='grc' dir='ltr'><em>ἐν</em></span> <span class='ocrx_word' id='word_1_88' title='bbox 1235 1358 1547 1427; x_wconf 80' lang='grc' dir='ltr'><em>ἐκκλησίαις</em></span> <span class='ocrx_word' id='word_1_89' title='bbox 1598 1351 1876 1428; x_wconf 79' lang='grc' dir='ltr'><em>εὐλογεῖτε</em></span> 
     </span>
     <span class='ocr_line' id='line_1_14' title="bbox 265 1436 1877 1514; baseline 0 -17"><span class='ocrx_word' id='word_1_90' title='bbox 265 1438 359 1498; x_wconf 85' lang='grc' dir='ltr'><em>τὸν</em></span> <span class='ocrx_word' id='word_1_91' title='bbox 400 1439 538 1497; x_wconf 84' lang='grc' dir='ltr'><em>θεὸν</em></span> <span class='ocrx_word' id='word_1_92' title='bbox 581 1439 777 1514; x_wconf 85' lang='grc' dir='ltr'><em>κύριον</em></span> <span class='ocrx_word' id='word_1_93' title='bbox 818 1443 878 1497; x_wconf 89' lang='grc' dir='ltr'><em>ἐκ</em></span> <span class='ocrx_word' id='word_1_94' title='bbox 917 1444 1110 1512; x_wconf 78' lang='grc' dir='ltr'><em>πηγῶν</em></span> <span class='ocrx_word' id='word_1_95' title='bbox 1143 1436 1375 1513; x_wconf 84' lang='grc' dir='ltr'><em>Ἰσραήλ.</em></span> <span class='ocrx_word' id='word_1_96' title='bbox 1457 1442 1571 1496; x_wconf 84' lang='grc' dir='ltr'><em>ἐκεῖ</em></span> <span class='ocrx_word' id='word_1_97' title='bbox 1608 1441 1877 1512; x_wconf 88' lang='grc' dir='ltr'><em>Βενιαμὶν</em></span> 
     </span>
     <span class='ocr_line' id='line_1_15' title="bbox 268 1519 1876 1598; baseline -0.001 -16"><span class='ocrx_word' id='word_1_98' title='bbox 268 1523 529 1598; x_wconf 74' lang='grc' dir='ltr'><em>νεώτερος</em></span> <span class='ocrx_word' id='word_1_99' title='bbox 562 1527 621 1581; x_wconf 90' lang='grc' dir='ltr'><em>ἐν</em></span> <span class='ocrx_word' id='word_1_100' title='bbox 654 1523 930 1595; x_wconf 79' lang='grc' dir='ltr'><em>ἐκστάσει,</em></span> <span class='ocrx_word' id='word_1_101' title='bbox 962 1522 1222 1598; x_wconf 78' lang='grc' dir='ltr'><em>ἄρχοντες</em></span> <span class='ocrx_word' id='word_1_102' title='bbox 1246 1522 1453 1598; x_wconf 79' lang='grc' dir='ltr'><em>Ἰούδα,</em></span> <span class='ocrx_word' id='word_1_103' title='bbox 1485 1522 1749 1598; x_wconf 85' lang='grc' dir='ltr'><em>ἡγεμόνες</em></span> <span class='ocrx_word' id='word_1_104' title='bbox 1781 1519 1876 1581; x_wconf 75' lang='grc' dir='ltr'><em>αὖ·</em></span> 
     </span>
     <span class='ocr_line' id='line_1_16' title="bbox 265 1604 1939 1684; baseline -0.001 -17"><span class='ocrx_word' id='word_1_105' title='bbox 265 1615 403 1682; x_wconf 78' lang='grc' dir='ltr'><em>τῶν,</em></span> <span class='ocrx_word' id='word_1_106' title='bbox 436 1607 696 1683; x_wconf 78' lang='grc' dir='ltr'><em>ἄρχοντες</em></span> <span class='ocrx_word' id='word_1_107' title='bbox 731 1607 1063 1681; x_wconf 77' lang='grc' dir='ltr'><em>Ζαβουλών,</em></span> <span class='ocrx_word' id='word_1_108' title='bbox 1095 1606 1356 1684; x_wconf 71' lang='grc' dir='ltr'><em>ἄρχοντες</em></span> <span class='ocrx_word' id='word_1_109' title='bbox 1386 1604 1777 1682; x_wconf 83' lang='grc' dir='ltr'><em>Νεφθαλει’μ.”</em></span> <span class='ocrx_word' id='word_1_110' title='bbox 1898 1632 1939 1666; x_wconf 87' lang='lat'><em>15</em></span> 
     </span>
     <span class='ocr_line' id='line_1_17' title="bbox 392 1690 1877 1767; baseline -0.001 -17"><span class='ocrx_word' id='word_1_111' title='bbox 392 1698 440 1751; x_wconf 77' lang='lat'><em>2.</em></span> <span class='ocrx_word' id='word_1_112' title='bbox 476 1690 785 1751; x_wconf 82' lang='grc' dir='ltr'><em>Κάνταῦθα</em></span> <span class='ocrx_word' id='word_1_113' title='bbox 806 1691 932 1759; x_wconf 80' lang='grc' dir='ltr'><em>τούς</em></span> <span class='ocrx_word' id='word_1_114' title='bbox 954 1695 1330 1767; x_wconf 85' lang='grc' dir='ltr'><em>δηλουμένους</em></span> <span class='ocrx_word' id='word_1_115' title='bbox 1351 1691 1620 1767; x_wconf 73' lang='grc' dir='ltr'><em>ἄρχοντας</em></span> <span class='ocrx_word' id='word_1_116' title='bbox 1634 1701 1877 1765; x_wconf 87' lang='grc' dir='ltr'><em>Νεφθα-</em></span> 
     </span>
     <span class='ocr_line' id='line_1_18' title="bbox 266 1773 1870 1852; baseline -0.002 -16"><span class='ocrx_word' id='word_1_117' title='bbox 266 1782 388 1852; x_wconf 84' lang='grc' dir='ltr'><em>λεὶμ</em></span> <span class='ocrx_word' id='word_1_118' title='bbox 420 1774 522 1836; x_wconf 79' lang='grc' dir='ltr'><em>οὐκ</em></span> <span class='ocrx_word' id='word_1_119' title='bbox 553 1776 753 1844; x_wconf 79' lang='grc' dir='ltr'><em>ἄλλους</em></span> <span class='ocrx_word' id='word_1_120' title='bbox 785 1773 1024 1851; x_wconf 82' lang='grc' dir='ltr'><em>ἡγοῦμαι</em></span> <span class='ocrx_word' id='word_1_121' title='bbox 1054 1783 1168 1835; x_wconf 74' lang='grc' dir='ltr'><em>τῶν</em></span> <span class='ocrx_word' id='word_1_122' title='bbox 1208 1776 1531 1836; x_wconf 80' lang='grc' dir='ltr'><em>ἀποστόλων</em></span> <span class='ocrx_word' id='word_1_123' title='bbox 1560 1775 1870 1850; x_wconf 80' lang='grc' dir='ltr'><em>τυγχάνειν.</em></span> 
     </span>
     <span class='ocr_line' id='line_1_19' title="bbox 267 1857 1874 1936; baseline -0.002 -16"><span class='ocrx_word' id='word_1_124' title='bbox 267 1865 501 1921; x_wconf 82' lang='grc' dir='ltr'><em>ἐνθένδε</em></span> <span class='ocrx_word' id='word_1_125' title='bbox 539 1861 643 1936; x_wconf 76' lang='grc' dir='ltr'><em>γὰρ</em></span> <span class='ocrx_word' id='word_1_126' title='bbox 676 1860 880 1929; x_wconf 74' lang='grc' dir='ltr'><em>αὐτούς</em></span> <span class='ocrx_word' id='word_1_127' title='bbox 910 1862 939 1919; x_wconf 86' lang='grc' dir='ltr'>ὁ</span> <span class='ocrx_word' id='word_1_128' title='bbox 971 1860 1154 1935; x_wconf 79' lang='grc' dir='ltr'><em>σωτὴρ</em></span> <span class='ocrx_word' id='word_1_129' title='bbox 1186 1864 1277 1918; x_wconf 86' lang='grc' dir='ltr'><em>καὶ</em></span> <span class='ocrx_word' id='word_1_130' title='bbox 1319 1860 1507 1934; x_wconf 80' lang='grc' dir='ltr'><em>κύριος</em></span> <span class='ocrx_word' id='word_1_131' title='bbox 1549 1859 1708 1934; x_wconf 71' lang='grc' dir='ltr'><em>ἡμῶν</em></span> <span class='ocrx_word' id='word_1_132' title='bbox 1736 1857 1874 1918; x_wconf 83' lang='grc' dir='ltr'><em>άνα-</em></span> 
     </span>
     <span class='ocr_line' id='line_1_20' title="bbox 264 1942 1874 2019; baseline -0.001 -15"><span class='ocrx_word' id='word_1_133' title='bbox 264 1950 515 2005; x_wconf 85' lang='grc' dir='ltr'><em>λέλεκται</em></span> <span class='ocrx_word' id='word_1_134' title='bbox 545 1947 682 2004; x_wconf 76' lang='grc' dir='ltr'><em>κατὰ</em></span> <span class='ocrx_word' id='word_1_135' title='bbox 712 1945 814 2018; x_wconf 85' lang='grc' dir='ltr'><em>τὴν</em></span> <span class='ocrx_word' id='word_1_136' title='bbox 836 1953 1141 2003; x_wconf 90' lang='grc' dir='ltr'><em>Ματθαίου</em></span> <span class='ocrx_word' id='word_1_137' title='bbox 1164 1944 1491 2019; x_wconf 88' lang='grc' dir='ltr'><em>παράθεσιν.</em></span> <span class='ocrx_word' id='word_1_138' title='bbox 1546 1945 1647 2018; x_wconf 86' lang='grc' dir='ltr'><em>τὴν</em></span> <span class='ocrx_word' id='word_1_139' title='bbox 1680 1950 1757 2011; x_wconf 81' lang='grc' dir='ltr'><em>εἰς</em></span> <span class='ocrx_word' id='word_1_140' title='bbox 1781 1942 1874 2002; x_wconf 79' lang='grc' dir='ltr'><em>ἄν·</em></span> 
     </span>
     <span class='ocr_line' id='line_1_21' title="bbox 265 2029 1939 2105; baseline -0.001 -17"><span class='ocrx_word' id='word_1_141' title='bbox 265 2031 531 2105; x_wconf 78' lang='grc' dir='ltr'><em>θρώπους</em></span> <span class='ocrx_word' id='word_1_142' title='bbox 563 2032 624 2087; x_wconf 75' lang='grc' dir='ltr'><em>δὲ</em></span> <span class='ocrx_word' id='word_1_143' title='bbox 648 2039 880 2103; x_wconf 76' lang='grc' dir='ltr'><em>πορείαν</em></span> <span class='ocrx_word' id='word_1_144' title='bbox 903 2031 994 2086; x_wconf 84' lang='grc' dir='ltr'><em>καὶ</em></span> <span class='ocrx_word' id='word_1_145' title='bbox 1027 2029 1129 2101; x_wconf 82' lang='grc' dir='ltr'><em>τὴν</em></span> <span class='ocrx_word' id='word_1_146' title='bbox 1154 2035 1424 2104; x_wconf 83' lang='grc' dir='ltr'><em>ἔνσαρκον</em></span> <span class='ocrx_word' id='word_1_147' title='bbox 1449 2032 1747 2103; x_wconf 90' lang='grc' dir='ltr'><em>ἐπιδημίαν</em></span> <span class='ocrx_word' id='word_1_148' title='bbox 1777 2032 1874 2087; x_wconf 84' lang='grc' dir='ltr'><em>τοῦ</em></span> <span class='ocrx_word' id='word_1_149' title='bbox 1896 2056 1939 2088; x_wconf 85' lang='lat'><em>20</em></span> 
     </span>
     <span class='ocr_line' id='line_1_22' title="bbox 216 2109 1877 2188; baseline -0.001 -16"><span class='ocrx_word' id='word_1_150' title='bbox 216 2152 231 2173; x_wconf 63' lang='grc' dir='ltr'>ρ</span> <span class='ocrx_word' id='word_1_151' title='bbox 266 2119 406 2172; x_wconf 81' lang='grc' dir='ltr'><em>θεοῦ</em></span> <span class='ocrx_word' id='word_1_152' title='bbox 431 2113 599 2188; x_wconf 89' lang='grc' dir='ltr'><em>λόγου</em></span> <span class='ocrx_word' id='word_1_153' title='bbox 618 2119 958 2182; x_wconf 85' lang='grc' dir='ltr'><em>θεσπίζουσα</em></span> <span class='ocrx_word' id='word_1_154' title='bbox 981 2112 1014 2186; x_wconf 85' lang='grc' dir='ltr'><em>ῆ</em></span> <span class='ocrx_word' id='word_1_155' title='bbox 1039 2111 1226 2186; x_wconf 85' lang='grc' dir='ltr'><em>γραφή</em></span> <span class='ocrx_word' id='word_1_156' title='bbox 1249 2109 1877 2187; x_wconf 44' lang='grc' dir='ltr'><em>φησιν’(ἐθεωρήθησαν</em></span> 
     </span>
     <span class='ocr_line' id='line_1_23' title="bbox 267 2195 1877 2272; baseline -0.001 -16"><span class='ocrx_word' id='word_1_157' title='bbox 267 2203 326 2255; x_wconf 81' lang='grc' dir='ltr'><em>αἱ</em></span> <span class='ocrx_word' id='word_1_158' title='bbox 346 2204 571 2272; x_wconf 80' lang='grc' dir='ltr'><em>πορεῖαί</em></span> <span class='ocrx_word' id='word_1_159' title='bbox 588 2217 710 2271; x_wconf 73' lang='grc' dir='ltr'><em>σου,</em></span> <span class='ocrx_word' id='word_1_160' title='bbox 742 2196 771 2254; x_wconf 82' lang='grc' dir='ltr'><em>ὃ</em></span> <span class='ocrx_word' id='word_1_161' title='bbox 801 2195 966 2264; x_wconf 87' lang='grc' dir='ltr'><em>θεός”</em></span> <span class='ocrx_word' id='word_1_162' title='bbox 1001 2199 1091 2254; x_wconf 85' lang='grc' dir='ltr'><em>καὶ</em></span> <span class='ocrx_word' id='word_1_163' title='bbox 1115 2197 1181 2255; x_wconf 82' lang='grc' dir='ltr'><em>τὰ</em></span> <span class='ocrx_word' id='word_1_164' title='bbox 1205 2200 1340 2270; x_wconf 80' lang='grc' dir='ltr'><em>ἑξῆς.</em></span> <span class='ocrx_word' id='word_1_165' title='bbox 1395 2201 1442 2255; x_wconf 83' lang='lat'><em>3.</em></span> <span class='ocrx_word' id='word_1_166' title='bbox 1469 2197 1671 2270; x_wconf 81' lang='grc' dir='ltr'><em>ταύτης</em></span> <span class='ocrx_word' id='word_1_167' title='bbox 1697 2198 1759 2255; x_wconf 77' lang='grc' dir='ltr'><em>δὲ</em></span> <span class='ocrx_word' id='word_1_168' title='bbox 1780 2201 1877 2270; x_wconf 88' lang='grc' dir='ltr'><em>τῆς</em></span> 
     </span>
     <span class='ocr_line' id='line_1_24' title="bbox 268 2280 1876 2357; baseline -0.001 -17"><span class='ocrx_word' id='word_1_169' title='bbox 268 2286 590 2357; x_wconf 82' lang='grc' dir='ltr'><em>ἐπιφανείας</em></span> <span class='ocrx_word' id='word_1_170' title='bbox 615 2281 816 2340; x_wconf 75' lang='grc' dir='ltr'><em>ὡσανεὶ</em></span> <span class='ocrx_word' id='word_1_171' title='bbox 841 2281 1144 2356; x_wconf 84' lang='grc' dir='ltr'><em>πρόδρομοι</em></span> <span class='ocrx_word' id='word_1_172' title='bbox 1173 2280 1458 2354; x_wconf 86' lang='grc' dir='ltr'><em>γεγονότες</em></span> <span class='ocrx_word' id='word_1_173' title='bbox 1481 2286 1538 2339; x_wconf 82' lang='grc' dir='ltr'><em>οἰ</em></span> <span class='ocrx_word' id='word_1_174' title='bbox 1556 2280 1726 2339; x_wconf 88' lang='grc' dir='ltr'><em>πάλαι</em></span> <span class='ocrx_word' id='word_1_175' title='bbox 1748 2291 1876 2339; x_wconf 91' lang='grc' dir='ltr'><em>θεο-</em></span> 
     </span>
     <span class='ocr_line' id='line_1_25' title="bbox 267 2365 1877 2442; baseline -0.001 -18"><span class='ocrx_word' id='word_1_176' title='bbox 267 2376 446 2442; x_wconf 83' lang='grc' dir='ltr'><em>φιλεῖς</em></span> <span class='ocrx_word' id='word_1_177' title='bbox 488 2373 764 2442; x_wconf 75' lang='grc' dir='ltr'><em>προφῆται</em></span> <span class='ocrx_word' id='word_1_178' title='bbox 807 2365 899 2424; x_wconf 79' lang='grc' dir='ltr'><em>διόι</em></span> <span class='ocrx_word' id='word_1_179' title='bbox 930 2372 1235 2440; x_wconf 79' lang='grc' dir='ltr'><em>ψαλτηρίου</em></span> <span class='ocrx_word' id='word_1_180' title='bbox 1269 2369 1357 2423; x_wconf 88' lang='grc' dir='ltr'><em>καὶ</em></span> <span class='ocrx_word' id='word_1_181' title='bbox 1398 2369 1580 2439; x_wconf 75' lang='grc' dir='ltr'><em>χορῶν</em></span> <span class='ocrx_word' id='word_1_182' title='bbox 1610 2367 1702 2423; x_wconf 85' lang='grc' dir='ltr'><em>καὶ</em></span> <span class='ocrx_word' id='word_1_183' title='bbox 1733 2388 1877 2423; x_wconf 91' lang='grc' dir='ltr'><em>παν-</em></span> 
     </span>
     <span class='ocr_line' id='line_1_26' title="bbox 266 2443 1992 2526; baseline -0.001 -16"><span class='ocrx_word' id='word_1_184' title='bbox 266 2458 431 2510; x_wconf 88' lang='grc' dir='ltr'><em>τοίων</em></span> <span class='ocrx_word' id='word_1_185' title='bbox 461 2454 851 2526; x_wconf 75' lang='grc' dir='ltr'><em>πνευματικῶν</em></span> <span class='ocrx_word' id='word_1_186' title='bbox 889 2450 1143 2525; x_wconf 88' lang='grc' dir='ltr'><em>ὀργάνων</em></span> <span class='ocrx_word' id='word_1_187' title='bbox 1182 2448 1542 2524; x_wconf 78' lang='grc' dir='ltr'><em>κηρύττοντες</em></span> <span class='ocrx_word' id='word_1_188' title='bbox 1574 2452 1666 2507; x_wconf 86' lang='grc' dir='ltr'><em>καὶ</em></span> <span class='ocrx_word' id='word_1_189' title='bbox 1697 2446 1876 2524; x_wconf 82' lang='grc' dir='ltr'><em>ἆνυμ-</em></span> <span class='ocrx_word' id='word_1_190' title='bbox 1897 2476 1939 2509; x_wconf 86' lang='lat'><em>25</em></span> <span class='ocrx_word' id='word_1_191' title='bbox 1963 2523 1966 2526; x_wconf 11' lang='grc' dir='ltr'><strong><em>ἢ</em></strong></span> <span class='ocrx_word' id='word_1_192' title='bbox 1991 2443 1992 2449; x_wconf 24' lang='lat'>¹</span> 
     </span>
     <span class='ocr_line' id='line_1_27' title="bbox 268 2537 1874 2612; baseline -0.002 -18"><span class='ocrx_word' id='word_1_193' title='bbox 268 2542 496 2605; x_wconf 84' lang='grc' dir='ltr'><em>νοῦντες</em></span> <span class='ocrx_word' id='word_1_194' title='bbox 536 2540 906 2611; x_wconf 87' lang='grc' dir='ltr'><em>προέφθασαν</em></span> <span class='ocrx_word' id='word_1_195' title='bbox 949 2539 1008 2593; x_wconf 91' lang='grc' dir='ltr'><em>ἐν</em></span> <span class='ocrx_word' id='word_1_196' title='bbox 1061 2537 1210 2612; x_wconf 79' lang='grc' dir='ltr'><em>μέσω</em></span> <span class='ocrx_word' id='word_1_197' title='bbox 1266 2540 1546 2593; x_wconf 91' lang='grc' dir='ltr'><em>νεανίδων</em></span> <span class='ocrx_word' id='word_1_198' title='bbox 1600 2557 1874 2608; x_wconf 75' lang='grc' dir='ltr'><em>τυμπανι-</em></span> 
     </span>
     <span class='ocr_line' id='line_1_28' title="bbox 267 2619 1873 2695; baseline -0.001 -17"><span class='ocrx_word' id='word_1_199' title='bbox 267 2627 485 2695; x_wconf 78' lang='grc' dir='ltr'><em>στριῶν.</em></span> <span class='ocrx_word' id='word_1_200' title='bbox 549 2626 596 2678; x_wconf 85' lang='grc'><em>4.</em></span> <span class='ocrx_word' id='word_1_201' title='bbox 632 2620 851 2687; x_wconf 88' lang='grc' dir='ltr'><em>πάντως</em></span> <span class='ocrx_word' id='word_1_202' title='bbox 882 2619 984 2694; x_wconf 88' lang='grc' dir='ltr'><em>γάρ</em></span> <span class='ocrx_word' id='word_1_203' title='bbox 1016 2643 1124 2678; x_wconf 92' lang='grc' dir='ltr'><em>που</em></span> <span class='ocrx_word' id='word_1_204' title='bbox 1147 2622 1260 2676; x_wconf 73' lang='grc' dir='ltr'><em>τῶν</em></span> <span class='ocrx_word' id='word_1_205' title='bbox 1292 2623 1351 2676; x_wconf 90' lang='grc' dir='ltr'><em>ἐκ</em></span> <span class='ocrx_word' id='word_1_206' title='bbox 1374 2624 1668 2694; x_wconf 85' lang='grc' dir='ltr'><em>περιτομῆς</em></span> <span class='ocrx_word' id='word_1_207' title='bbox 1700 2638 1873 2676; x_wconf 88' lang='grc' dir='ltr'><em>συνα-</em></span> 
     </span>
     <span class='ocr_line' id='line_1_29' title="bbox 266 2702 1877 2778; baseline -0.001 -17"><span class='ocrx_word' id='word_1_208' title='bbox 266 2708 464 2776; x_wconf 72' lang='grc' dir='ltr'><em>γωγῶν</em></span> <span class='ocrx_word' id='word_1_209' title='bbox 489 2711 566 2772; x_wconf 86' lang='grc' dir='ltr'><em>εἰς</em></span> <span class='ocrx_word' id='word_1_210' title='bbox 589 2709 760 2778; x_wconf 85' lang='grc' dir='ltr'><em>μέσον</em></span> <span class='ocrx_word' id='word_1_211' title='bbox 790 2704 1078 2778; x_wconf 88' lang='grc' dir='ltr'><em>παριόντες</em></span> <span class='ocrx_word' id='word_1_212' title='bbox 1101 2709 1159 2762; x_wconf 79' lang='grc' dir='ltr'><em>οἱ</em></span> <span class='ocrx_word' id='word_1_213' title='bbox 1178 2714 1325 2762; x_wconf 79' lang='grc' dir='ltr'><em>θεῖοι</em></span> <span class='ocrx_word' id='word_1_214' title='bbox 1348 2710 1623 2778; x_wconf 80' lang='grc' dir='ltr'><em>προφῆται</em></span> <span class='ocrx_word' id='word_1_215' title='bbox 1658 2702 1756 2775; x_wconf 87' lang='grc' dir='ltr'><em>τὴν</em></span> <span class='ocrx_word' id='word_1_216' title='bbox 1778 2705 1877 2760; x_wconf 78' lang='grc' dir='ltr'><em>τοῦ</em></span> 
     </span>
    </p>
   </div>
   <div class='ocr_carea' id='block_1_5' title="bbox 268 2828 603 2835">
    <p class='ocr_par' dir='ltr' id='par_1_5' title="bbox 268 2828 603 2835">
     <span class='ocr_line' id='line_1_30' title="bbox 268 2828 603 2835; baseline 0 0"><span class='ocrx_word' id='word_1_217' title='bbox 268 2828 603 2835; x_wconf 95' lang='lat' dir='ltr'><em> </em></span> 
     </span>
    </p>
   </div>
   <div class='ocr_carea' id='block_1_6' title="bbox 381 2899 693 2949">
    <p class='ocr_par' dir='ltr' id='par_1_6' title="bbox 381 2899 693 2949">
     <span class='ocr_line' id='line_1_31' title="bbox 381 2899 693 2949; baseline 0 -11"><span class='ocrx_word' id='word_1_218' title='bbox 381 2900 405 2938; x_wconf 86' lang='grc'><strong>9</strong></span> <span class='ocrx_word' id='word_1_219' title='bbox 437 2899 511 2939; x_wconf 80' lang='lat' dir='ltr'><em>Ps.</em></span> <span class='ocrx_word' id='word_1_220' title='bbox 536 2902 603 2949; x_wconf 80' lang='lat'><em>67,</em></span> <span class='ocrx_word' id='word_1_221' title='bbox 627 2902 693 2940; x_wconf 76' lang='lat'><em>24.</em></span> 
     </span>
    </p>
   </div>
  </div>
 </body>
</html>
