1946 3158
588 118 895 160 DEMONST.
925 118 1147 160 EVANG.
1178 119 1260 163 111.
1295 121 1334 159 7.
1657 117 1763 169 205

152 247 288 294 σθαι
316 233 383 292 τὰ
414 235 689 308 εἰρημένα.
754 238 834 291 19.
869 237 977 291 νῦν
1009 234 1070 290 δὲ
1092 233 1214 290 τοτὲ
1235 233 1338 306 μὲν
1367 231 1463 290 τὸν
1493 240 1763 306 πρεσβευ-

150 320 353 394 όμενον
382 318 522 376 θεὸν
554 322 614 375 ἐν
644 315 953 392 ἀνθρώπου
983 319 1269 390 γεγονέναι
1294 316 1523 390 σώματι,
1557 320 1648 374 καὶ
1670 316 1763 374 οὐ-

155 406 252 462 δὲν
280 401 413 460 ἄλλο
443 402 546 475 τὴν
575 401 751 476 φύσιν
782 402 924 459 εἶναι
955 398 988 475 ἢ
1018 407 1160 460 θεοῦ
1190 399 1384 474 λόγον,
1419 399 1503 458 διὸ
1535 404 1626 458 καὶ
1656 426 1762 459 τοι·

151 487 323 555 αύτας
353 494 642 560 τεραστίας
669 485 933 560 δυνάμεις
958 488 1316 559 πεποιηκέναι
1338 484 1427 543 οἷα
1449 484 1612 543 θεόν·
1643 487 1764 543 τοτὲ

109 597 131 630 5
156 574 216 632 δὲ
259 571 472 638 τούτοις
514 575 776 638 ἐναντίως
816 570 1005 646 ὕβρεις
1036 568 1209 628 αὐτὸν
1245 573 1338 628 καὶ
1379 569 1594 643 ἀτιμίας
1623 569 1765 628 ὑπο-

152 672 357 732 μεῖναι,
390 658 482 712 καὶ
510 658 663 721 τέλος
692 655 796 727 τὴν
826 658 1113 728 αἰσχίστην
1144 657 1234 711 καὶ
1266 668 1378 720 τοῖς
1409 652 1634 711 πάντων
1664 653 1765 712 ἀν-

152 741 406 816 θρώπων
449 738 907 814 κακουργοτάτοις
950 741 1333 811 ἐπηρτημένην
1385 736 1475 795 διά
1522 743 1765 812 σταυροῦ

153 831 452 899 τιμωρίαν,
484 830 567 890 τίς
598 822 700 881 οὐκ
730 821 800 880 ἂν
832 820 905 888 ὦς
938 826 1162 880 ἐναντία
1192 821 1472 894 λεγόντων
1496 825 1766 880 κατέπτυ-

154 929 254 967 σεν
285 907 532 978 εἰκότως;
589 912 673 964 20.
706 913 789 974 τίς
834 904 886 963 δ’
930 906 1105 973 οὕτως
1144 904 1363 979 ἠλίθιος
1403 905 1652 980 ὑπῆρχεν
1694 906 1766 973 ὡς

91 1019 131 1050 10
155 992 394 1068 εὐχερῶς
426 995 718 1049 πιστεῦσαι
749 993 1008 1063 λέγουσιν
1041 993 1344 1065 ἑωρακέναι
1367 991 1502 1064 μετὰ
1531 990 1628 1048 τὸν
1657 991 1767 1048 θά-

154 1101 322 1135 νατον
368 1081 427 1134 ἐκ
475 1079 694 1150 νεκρῶν
743 1074 1190 1148 ἀναβεβιωκότα,
1244 1075 1341 1132 τὸν
1380 1076 1521 1147 μηδὲ
1569 1073 1659 1132 ὅτε
1707 1079 1766 1131 ἐν

155 1168 318 1231 ζῶσιν
356 1154 428 1233 ἦν
469 1163 744 1234 ἐπαμῦναι
777 1162 956 1237 ἑαυτῷ
990 1161 1396 1233 δεδυνημένον;
1437 1165 1518 1225 τίς
1563 1159 1624 1215 δὲ
1654 1172 1766 1224 τοῖς

156 1244 401 1312 ἰδιώταις
441 1246 532 1302 καὶ
565 1241 844 1302 εὐτελέσιν
886 1247 1116 1312 ἐκείνοις
1150 1247 1384 1316 ἐπείσθη
1416 1240 1536 1300 ποτ’
1577 1239 1647 1300 ἂν
1677 1245 1876 1302 λέ-(138)

156 1347 318 1402 γουσι
348 1333 545 1402 χρῆναι
576 1331 689 1385 τῶν
713 1330 815 1401 μὲν
838 1327 1111 1405 πατρῴων
1144 1332 1300 1386 θεῶν
1330 1331 1766 1402 καταφρονῆσαι,

94 1435 135 1468 15
159 1415 250 1471 καὶ
281 1419 497 1487 μωρίαν
540 1413 642 1484 μὲν
671 1415 784 1469 τών
817 1415 869 1479 ἐξ
911 1416 1111 1478 αἰῶνος
1142 1416 1492 1485 καταγνῶναι
1522 1410 1766 1484 πάντων,

157 1496 345 1571 μόνοις
387 1497 446 1553 δὲ
488 1492 678 1561 αὐτοῖς
719 1502 1022 1553 πείθεσθαι
1052 1499 1145 1552 καὶ
1174 1510 1287 1563 τοῖς
1326 1493 1437 1553 ὑπὸ
1467 1500 1567 1554 τοῦ
1598 1516 1768 1553 σταυ-

158 1583 437 1655 ρωθέντος
461 1581 961 1654 παρηγγελμένοις;
986 1586 1186 1638 τοῦτον
1206 1580 1311 1654 γὰρ
1331 1580 1472 1637 εἶναι
1485 1583 1583 1637 τοῦ
1593 1578 1768 1652 μόνου

157 1664 248 1722 καὶ
281 1667 370 1722 ἐπὶ
401 1663 630 1722 πάντων
659 1667 802 1721 θεοῦ
838 1664 1011 1736 μόνον
1040 1663 1324 1736 ἀγαπητὸν
1363 1666 1455 1721 καὶ
1495 1667 1768 1737 μονογενῆ

157 1754 345 1807 παῖδα.
394 1753 479 1806 21.
516 1748 620 1821 ἐγώ
652 1749 754 1821 μὲν
783 1740 885 1805 οὖν
918 1747 1177 1817 ἐξετάζων
1199 1745 1333 1822 παρ’
1370 1751 1584 1824 ἐμαυτῷ
1607 1756 1769 1821 φιλα-

96 1855 138 1887 20
160 1832 350 1906 λη’θως
398 1831 495 1890 τὸν
550 1831 717 1905 λόγον
770 1831 1043 1906 οὐδεμίαν
1087 1834 1375 1905 πειστικὴν
1422 1831 1662 1904 δύναμιν
1710 1835 1770 1889 ἐν

161 1916 339 1995 αὐτῷ,
381 1915 522 1974 οὐδέ
555 1941 606 1974 τι
647 1916 880 1990 σεμνὸν,
923 1914 1052 1975 οὐδ’
1094 1914 1438 1990 ἀξιόπιστον,
1479 1913 1602 1973 ἀλλ’
1637 1913 1770 1974 οὐδὲ
1795 1933 1817 1964 b

160 1999 404 2059 πιθανὸν
436 2007 513 2068 εἰς
544 2001 604 2058 τὸ
636 1996 740 2058 κᾶν
771 2004 870 2059 ἕνα
899 2001 1023 2058 τινὰ
1052 2005 1164 2058 τῶν
1194 2000 1435 2073 ἠλιθίων
1453 2014 1639 2058 πεῖσαι
1671 1999 1773 2058 δύ-

160 2096 368 2144 νασθαι
402 2082 655 2160 εὑρίσκω.
719 2090 803 2143 22.
837 2083 976 2142 ἀλλὰ
1000 2084 1168 2143 πάλιν
1191 2084 1421 2160 ἀφορῶν
1447 2091 1524 2152 εἰς
1548 2084 1649 2157 τὴν
1671 2089 1771 2142 τοῦ

161 2168 328 2243 λόγου
370 2169 612 2244 δύναμιν
653 2168 726 2236 ὥς
770 2176 942 2244 μυρία
983 2169 1174 2242 πλήθη
1217 2172 1509 2242 πέπεικεν,
1564 2172 1657 2226 καὶ
1699 2165 1771 2235 ὥς

99 2276 140 2309 25
164 2257 509 2328 συνέστησαν
549 2259 882 2327 μυρίανδροι
923 2258 1206 2327 ἐκκλησίαι
1252 2252 1387 2327 πρὸς
1419 2250 1605 2311 αὐτῶν
1637 2256 1771 2310 ἐκεί-

164 2363 279 2396 νων
301 2344 413 2397 τῶν
431 2336 834 2396 εὐτελεστάτων
857 2340 948 2396 καὶ
972 2335 1250 2413 ἀγροίκων
1274 2342 1373 2395 τοῦ
1390 2337 1567 2411 Ἰησοῦ
1591 2347 1770 2410 μαθη-

164 2426 293 2496 τῶν,
324 2422 428 2480 οὐκ
460 2426 520 2480 ἐν
549 2422 775 2494 ἀδήλοις
806 2445 915 2479 που
938 2425 1030 2479 καὶ
1053 2422 1291 2496 ἀφανέσι
1314 2421 1518 2493 τόποις,
1551 2420 1674 2477 ἀλλ’
1712 2424 1771 2477 ἐν

165 2518 283 2573 ταῖς
328 2506 563 2579 μάλιστα
611 2506 1102 2579 διαπρεπεστάταις
1155 2505 1383 2563 πόλεσιν
1430 2510 1769 2578 ἱδρυθεῖσαι,

169 2588 256 2645 ἐπ’
293 2588 462 2662 αὐτῆς
494 2594 634 2663 λέγω
679 2597 775 2663 τῆς
797 2589 1080 2664 Ῥωμαίων
1119 2588 1553 2661 βασιλευούσης,
1598 2592 1690 2645 ἐπί
1713 2612 1773 2645 τε

103 2696 147 2727 30
170 2676 264 2744 τῆς
287 2673 692 2745 Ἀλεξανδρέων
732 2677 822 2731 καὶ
856 2674 1210 2747 Ἀντιοχέων,
1253 2673 1382 2731 καθ’
1432 2672 1560 2745 ὅλης
1590 2695 1648 2729 τε
1678 2675 1773 2745 τῆς
1804 2699 1821 2721 e

172 2757 460 2829 Αἰγύπτου
491 2761 582 2814 καὶ
612 2758 856 2832 Λιβύης,
890 2756 1165 2832 Εὐρώπης
1188 2782 1248 2815 τε
1271 2760 1362 2814 καὶ
1389 2755 1591 2829 Ἀσίας,
1625 2764 1686 2814 ε”ν
1715 2780 1774 2813 τε

171 2839 378 2914 κώμαις
415 2865 474 2898 τε
514 2843 604 2898 καὶ
649 2842 848 2917 χώραις
889 2847 980 2900 καὶ
1014 2849 1294 2909 παντοίοις
1339 2849 1558 2913 ἔθνεσι,
1606 2839 1774 2897 πάλιν
