1992 3186
271 115 375 168 508
945 113 1191 154 EUSEBII

275 228 597 303 ἐκδικητὴν,
629 227 724 286 τόν
755 251 811 286 τε
842 226 1090 286 θάνατον
1119 226 1356 302 ἄρχοντα
1386 233 1484 287 τοῦ
1516 234 1715 298 αἰῶνος
1745 230 1878 288 τούς-

226 341 247 373 b
273 339 405 388 του,
448 311 557 387 ἅμα
594 326 713 378 ταῖς
755 320 971 380 λοιπαῖς
1011 309 1262 386 άοράτοις
1301 315 1392 370 καὶ
1435 316 1661 389 ἐχθραῖς
1703 314 1874 373 δυνά-

272 417 424 473 μεσι,
478 394 537 454 τὸ
588 395 848 468 τηνικάδε
899 395 1038 455 θεὸν
1078 395 1247 454 αὐτὸν
1301 397 1443 455 εἶναι
1482 397 1876 465 πιστεύσαντες

272 480 710 555 προσεκύνησαν.
782 486 864 538 60.
900 485 961 538 αἱ
998 482 1059 538 δὲ
1090 494 1268 555 χεῖρες
1306 484 1407 538 τοῦ
1448 486 1691 556 σωτῆρος
1720 479 1877 557 ἡμῶν

272 566 408 624 κατὰ
437 564 619 623 νῶτου
647 568 760 623 τῶν
801 569 1018 638 ἐχθρῶν
1049 564 1221 623 αὐτοῦ
1265 568 1540 639 ἐγίνοντο,
1581 564 1672 623 ὅτε
1701 565 1877 633 πάσας
1899 591 1922 624 5

270 649 365 717 τὰς
408 648 630 726 πράξεις
675 646 846 707 αὑτοῦ
885 648 978 717 τάς
1019 673 1078 707 τε
1119 648 1380 723 δυνάμεις
1431 653 1522 707 καὶ
1572 654 1881 725 παραδοξο-

273 741 456 803 ποιίας
497 736 588 792 ἐπὶ
619 736 941 807 καθαιρέσει
986 738 1098 791 τῶν
1130 733 1412 807 δαιμόνων
1442 737 1536 792 καὶ
1565 738 1678 793 τῶν
1707 757 1881 808 πονη-

274 825 389 894 ρῶν
425 817 758 892 πνευμάτων
801 821 1049 876 ἐποιεῖτο.
1120 814 1269 875 ἀλλά
1298 821 1389 875 καὶ
1418 817 1657 891 ὁπηνίκα
1697 822 1883 887 ἐξεπέ-

271 920 403 961 τασε
442 901 535 970 τάς
578 916 762 977 χεῖρας
804 901 978 960 αὑτοῦ
1019 904 1107 959 ἐπὶ
1139 909 1237 961 τοῦ
1269 908 1544 978 σταυροῦ,
1585 905 1678 960 καὶ
1707 902 1881 969 οὕτως

275 993 336 1045 αἱ
362 1001 539 1062 χεῖρες
571 986 744 1045 αὑτοῦ
773 986 1099 1060 φευγόντων
1128 992 1241 1044 τῶν
1273 990 1490 1061 ἐχθρῶν
1521 990 1613 1044 καὶ
1635 985 1701 1044 τά
1730 989 1879 1045 ,νῶτα
1902 1011 1942 1044 10

275 1070 759 1146 παραχωρούντων
803 1068 951 1148 αὐτῷ
983 1071 1119 1128 κατὰ
1161 1069 1342 1129 νῶτου
1372 1077 1484 1128 τῶν
1516 1075 1736 1146 ἐχθρῶν
1768 1074 1883 1144 ἐγί-

275 1179 466 1228 νοντο,
501 1158 592 1212 καὶ
622 1161 833 1229 μᾶλλον
862 1155 953 1213 ὅτε
976 1155 1036 1213 τὸ
1055 1161 1272 1228 πνεῦμα
1302 1153 1585 1230 παραδούς
1609 1159 1685 1232 τῷ
1715 1157 1881 1228 πατρὶ

235 1274 253 1296 c
276 1238 515 1313 ἄσαρκος
546 1242 638 1296 καὶ
667 1239 875 1313 γυμνὸς
899 1231 966 1297 οὗ
988 1238 1275 1313 ἀνειλήφει
1299 1238 1545 1314 σώματος
1571 1242 1660 1297 ἐπὶ
1683 1238 1743 1297 τὸ
1772 1242 1884 1297 τῶν

277 1327 496 1399 ἐχθρῶν
526 1323 715 1399 κατῄει
745 1332 979 1398 χωρίον,
1012 1321 1254 1396 αὖτοζωὴ
1285 1322 1604 1397 τυγχάνων,
1635 1322 1885 1382 θάνατον

275 1407 601 1466 καταλύσων
624 1406 829 1475 καὶτὰς
855 1410 1288 1480 ἐπανισταμένας
1321 1407 1471 1485 αὐτῷ
1506 1406 1787 1482 δυνάμεις,
1819 1404 1883 1475 ἃς
1906 1430 1946 1464 15

277 1491 420 1559 εἰκὸς
451 1489 572 1549 κατ’
607 1490 777 1567 άρχάς
806 1493 908 1566 μὲν
937 1491 1125 1551 κοινὸν
1155 1491 1461 1567 ἄνθρωπον
1491 1495 1582 1550 καὶ
1611 1505 1724 1558 τοῖς
1754 1500 1884 1549 πολ-

276 1585 390 1643 λοῖς
429 1573 620 1650 ὅμοιον
661 1574 831 1634 αὐτὸν
868 1572 1269 1651 ὑπειληφέναι,
1319 1574 1464 1635 οὕτω
1504 1601 1562 1634 τε
1602 1573 1884 1634 κυκλῶσαι

277 1660 446 1718 αὐτὸν
476 1664 569 1718 καὶ
594 1659 665 1727 ῶς
684 1658 754 1719 ἂν
775 1664 850 1738 τῷ
873 1659 1094 1734 τυχόντι
1117 1665 1443 1736 ἐφορμῆσαι,
1478 1663 1594 1719 ἐπεὶ
1618 1661 1680 1718 δὲ
1711 1666 1885 1734 ἔγνω-

277 1762 382 1802 σαν
413 1751 701 1819 κρείττονα
731 1741 764 1818 ἢ
789 1742 910 1802 κατ’
945 1742 1250 1819 ἄνθρωπον
1273 1748 1362 1803 καὶ
1386 1747 1680 1819 θειοτέραν
1709 1743 1885 1817 φύσιν

275 1833 554 1903 τραπῆναι
584 1831 675 1886 καὶ
706 1827 772 1886 τὰ
803 1834 951 1886 νῶτα
982 1833 1376 1903 παραχωρῆσαι
1416 1826 1595 1904 αὐτῷ,
1636 1825 1768 1885 καθ’
1804 1820 1883 1885 ῶν
1904 1850 1947 1883 20

275 1912 370 1979 τὰς
401 1927 587 1987 χεῖρας
618 1910 778 1985 άφεὶς
807 1926 923 1979 τοῖς
955 1915 1169 1978 ἐνθέοις
1201 1911 1371 1969 αὐτοῦ
1401 1915 1494 1969 καὶ
1525 1909 1883 1985 ἠκονημένοις

276 1998 460 2067 βέλεσι
505 1995 814 2068 φεύγοντας
855 1993 1124 2068 ἤλαυνεν,
1180 1991 1253 2062 ῶς
1296 1995 1386 2052 διὰ
1425 2001 1584 2053 τοῦτο
1626 1998 1885 2069 εἰρῆσθαι

267 2077 368 2135 “aff
387 2082 564 2152 χεῖρές
588 2097 690 2136 σου
716 2081 802 2136 ἐπὶ
829 2077 1008 2136 νῶτου
1024 2084 1135 2137 τῶν
1169 2082 1387 2153 ἐχθρῶν
1418 2075 1574 2138 σου.”
1622 2084 1705 2136 61.
1742 2085 1793 2136 εἰ
1821 2081 1884 2137 δὲ

230 2185 253 2214 d
277 2164 368 2219 καὶ
403 2165 568 2220 εἰσέτι
606 2166 715 2219 νῦν
744 2168 932 2236 μυρίοι
962 2166 1059 2219 τοῦ
1091 2167 1333 2237 σωτῆρος
1373 2162 1530 2236 ἡμῶν
1562 2165 1751 2238 ἐχθροὶ
1782 2163 1885 2235 τὴν

278 2249 573 2319 ἐκκλησίαν
613 2244 785 2304 αὐτοῦ
825 2245 961 2303 κατὰ
1008 2245 1232 2318 καιρούς
1272 2255 1535 2320 πολεμεῖν
1576 2249 1879 2320 ἐπιχειροῦ-
1904 2267 1948 2301 25

276 2348 396 2402 σιν,
428 2327 566 2387 ἄλλα
596 2333 687 2387 καὶ
716 2329 943 2397 τούτους
973 2328 1188 2407 ἀοράτῳ
1219 2332 1358 2403 χειρὶ
1390 2332 1480 2387 καὶ
1507 2332 1684 2407 ἐνθέω
1718 2328 1885 2388 δυνά-

275 2439 365 2487 μει
405 2418 728 2487 τροποῠται,
775 2410 846 2481 ῶς
888 2417 979 2472 καὶ
1018 2416 1144 2489 περὶ
1187 2413 1374 2472 αὐτῶν
1406 2419 1664 2488 εἰρῆσθαι
1703 2412 1888 2471 τὸ“αἰ

277 2501 451 2571 χεῖρές
484 2516 585 2557 σου
619 2502 708 2556 ἐπὶ
739 2497 918 2556 νῶτου
948 2502 1061 2557 τῶν
1092 2500 1311 2572 ἐχθρῶν
1342 2496 1501 2557 σου.”
1575 2502 1657 2557 62.
1695 2497 1883 2571 ἐπειδὴ

280 2583 339 2639 δὲ
370 2580 477 2655 ἤδη
510 2582 704 2640 λοιπὸν
733 2583 799 2640 τὰ
839 2582 974 2640 κατὰ
1003 2585 1115 2640 τῶν
1147 2586 1363 2657 ἐχθρῶν
1406 2580 1695 2656 νικητήρια
1725 2579 1885 2640 ἄπει-

278 2664 472 2738 λη’φει,
519 2670 819 2738 τηνικαῦτα
852 2669 1154 2740 ἐπληροῦτο
1185 2668 1274 2724 καὶ
1310 2667 1369 2724 τὸ
1390 2663 1890 2740 “προσκυνήσουσί
1906 2686 1948 2720 30

279 2767 341 2804 σε
382 2754 439 2805 οἱ
474 2753 586 2806 υἱοὶ
627 2754 726 2807 τοῦ
755 2749 958 2824 πατρός
998 2748 1157 2823 σου,”
1201 2749 1402 2818 πάντες
1437 2750 1647 2824 δηλαδὴ
1678 2753 1735 2806 oc
1760 2745 1881 2806 κατ’

278 2829 521 2905 οὐρανὸν
552 2831 803 2905 ἄγγελοι,
836 2833 901 2891 τά
931 2858 989 2892 τε
1013 2833 1299 2908 πνεύματα
1322 2834 1387 2892 τὰ
1417 2831 1764 2909 λειτουργικὰ
1794 2834 1886 2889 καὶ
