1992 3186
211 97 316 150 522
884 97 1128 139 EUSEssn

214 213 550 290 φορούμενοι
581 215 672 270 καὶ
703 211 798 279 τὰς
828 215 956 286 περὶ
984 217 1224 287 Χριστοῦ
1249 213 1581 289 προρρήσεις
1612 213 1823 287 ἀνακη-

168 322 190 354 b
215 299 534 373 ρύττοντες,
578 299 670 354 καὶ
713 302 770 354 οἱ
803 294 899 362 τὰς
942 300 1003 354 ἐν
1031 311 1146 363 τοῖς
1179 301 1346 370 ἱεροῖς
1391 297 1571 371 λόγοις
1602 295 1821 374 ὁράσεις

212 383 385 456 ὑγιῶς
419 379 848 453 ἐποπτεύοντες,
893 387 949 438 οἳ
976 384 1069 438 καὶ
1099 378 1195 439 ἅτε
1226 380 1686 456 ἀποκλεισθείσης
1717 380 1820 440 αῦ-

212 472 306 539 τιῆς
337 471 429 539 τῆς
460 472 620 532 θείας
652 464 869 540 χάριτος
902 467 993 522 καὶ
1025 480 1330 539 σφραγῖσιν
1371 465 1556 541 ῶσπερ
1588 473 1823 525 καταδε-

212 557 406 622 θείσης
449 552 719 618 ἐξέλιπον·
791 547 877 607 διὸ
927 556 1226 623 συμβαίνει
1273 554 1326 618 ἐξ
1369 553 1586 608 ἐκείνου
1632 555 1864 625 μηκέτι5

212 633 502 709 προφήτην
541 638 790 708 ἐνεργεῖν
817 635 970 707 μηδὲ
1010 633 1226 708 ὁρῶντα
1256 640 1604 708 χρηματίζειν
1636 640 1695 693 ἐν
1726 633 1823 693 αῦ-

211 732 351 793 τοῖς,
384 715 491 776 ἀπὸ
520 725 635 776 τῶν
667 722 1026 791 δηλουμένων
1055 718 1272 794 χρόνων
1302 721 1393 776 καὶ
1426 725 1502 786 εἰς
1533 716 1672 793 ἡμᾶς
1701 719 1824 778 τού-

210 827 323 861 των
362 800 624 861 ἆπάντων
669 802 1110 861 διαλελοιπότων.
1193 808 1275 860 35.
1322 802 1534 870 τούτοις
1576 806 1826 878 ἐπιφέρει

101 911 187 953 [241]
206 883 334 945 “acal
364 892 462 946 τοῦ
493 901 679 962 χρῖσαι
709 886 869 960 ἅγιον
898 884 1129 960 ἁγίων.”
1184 890 1275 945 καὶ
1305 894 1467 945 τοῦτο
1491 890 1552 945 δὲ
1582 887 1827 946 αὐτόθεν

211 971 494 1046 πρόδηλον
535 971 607 1039 ῶς
645 974 803 1046 μέχρι
843 977 956 1029 τῶν
994 976 1091 1028 τοῦ
1132 977 1376 1044 σωτῆρος
1417 969 1573 1046 ἡμῶν
1603 971 1820 1046 χρόνων
1848 998 1887 1030 ιο

132 1066 136 1070 ’
212 1056 356 1130 ἅγιοι
408 1056 584 1129 ἁγίων
635 1061 693 1114 οἱ
741 1053 875 1131 παρ’
919 1055 1193 1130 Ἑβραίοις
1236 1053 1509 1130 ἀρχιερεῖς
1557 1061 1824 1131 ἐχρίοντο,

212 1141 349 1198 κατα
377 1141 479 1213 τὴν
509 1140 646 1198 κατὰ
676 1139 773 1198 τὸν
795 1143 894 1198 τοῦ
924 1143 1168 1207 Μωσέως
1192 1140 1364 1214 νόμον
1396 1144 1825 1214 ἐπιτελουμένην

163 1259 181 1281 c
213 1226 519 1299 ἅγιστείαν·
570 1228 622 1293 ἐξ
657 1228 872 1283 ἐκείνου
916 1226 976 1282 δὲ
1007 1227 1097 1282 καὶ
1136 1217 1289 1282 οῦτοι
1322 1230 1699 1283 διαλελοίπασι
1730 1250 1823 1282 κα-

210 1308 491 1383 ταλλήλως
530 1313 599 1383 τῇ
638 1316 961 1385 προφητεία.
1033 1313 1116 1366 36.
1149 1306 1182 1381 ἡ
1215 1310 1317 1383 μὲν
1356 1302 1463 1368 οῦν
1501 1313 1600 1367 τοῦ
1628 1303 1823 1382 Ἰακῶβ

211 1394 347 1469 πρὸς
379 1392 475 1451 τὸν
499 1391 713 1451 Ἰούδαν
756 1391 1116 1467 ἆναφῶνησις
1146 1392 1474 1467 ἡγουμένων
1503 1396 1596 1451 καὶ
1626 1392 1823 1468 ἀρχόν·
1848 1399 1897 1451 15¹

210 1503 322 1536 των
358 1481 459 1535 τοῦ
488 1477 779 1536 Ἰουδαίων
819 1485 1021 1545 ἔθνους
1063 1485 1311 1547 ἔκλειψιν
1351 1478 1552 1551 ἐδήλου
1593 1477 1730 1536 κατὰ
1759 1479 1825 1536 τὰ

211 1566 637 1637 προτεταγμένα.
706 1566 789 1619 37.
826 1563 1015 1635 ἐπειδὴ
1051 1563 1111 1620 δὲ
1140 1561 1207 1620 τὰ
1236 1566 1331 1636 τῆς
1361 1570 1698 1636 προστασίας
1726 1567 1827 1622 τοῦ

211 1650 354 1704 λαοῦ
392 1650 694 1720 προφητῶν
734 1649 826 1704 καὶ
868 1650 1062 1719 ἱερέων
1092 1646 1260 1704 πάλαι
1305 1646 1574 1722 πρότερον
1602 1645 1823 1721 ἤρτητο,

212 1730 536 1797 ἀκολούθως
569 1738 950 1805 προθεσπίσας
982 1730 1011 1789 ὁ
1043 1730 1202 1804 λόγος
1236 1731 1327 1789 διὰ
1357 1738 1454 1804 τῆς
1478 1754 1822 1805 προπαρατε-

211 1823 407 1888 θείσης
438 1823 774 1888 προφητείας
804 1814 908 1888 τὴν
931 1819 1043 1873 τῶν
1066 1813 1350 1890 ἀρχόντων
1379 1818 1470 1872 καὶ
1494 1814 1821 1887 ἡγουμένων
1844 1838 1897 1889 2οῇ

210 1904 309 1957 τοῦ
335 1899 622 1958 Ἰουδαίων
647 1907 850 1966 ἔθνους
881 1906 1218 1972 καθαίρεσιν
1242 1902 1332 1956 ἐπὶ
1362 1903 1428 1973 τῇ
1458 1903 1555 1955 τοῦ
1581 1903 1822 1971 Χριστοῦ

167 2002 189 2033 d
212 1991 521 2057 παρουσία,
565 1981 657 2040 δια
696 1988 792 2055 τῆς
822 1981 957 2056 μετὰ
986 1998 1171 2057 χεῖρας
1202 1989 1540 2056 προφητείας
1578 1982 1680 2055 τὴν
1710 1986 1822 2041 τῶν

212 2069 513 2140 προφητῶν
563 2068 655 2123 καὶ
707 2072 819 2123 τῶν
859 2070 1054 2139 ἱερέων
1095 2073 1205 2124 τῶν
1245 2065 1376 2141 παρ’
1423 2065 1610 2134 αὐτοῖς
1652 2066 1821 2124 πάλαι

213 2149 634 2223 διαπρεπόντων
659 2157 905 2220 ἔκλειψιν
931 2148 1235 2223 ἆναφωνεῖ,
1269 2147 1342 2218 ῶς
1372 2154 1464 2208 καὶ
1488 2151 1698 2208 τούτων
1731 2154 1820 2208 ἐπὶ

210 2238 279 2309 τῇ
307 2237 404 2292 τοῦ
436 2238 678 2307 Χριστοῦ
709 2239 1005 2310 ἐπιφανείᾳ
1039 2235 1468 2307 διαλειψόντων,
1500 2232 1533 2292 ὂ
1561 2237 1653 2292 καὶ
1685 2233 1818 2292 αὐτὸ
1839 2258 1880 2290 25

210 2333 322 2387 τοῖς
364 2326 542 2393 ἔργοις
579 2318 613 2392 ἡ
655 2326 932 2391 παρουσία
975 2323 1075 2377 τοῦ
1115 2325 1359 2392 σωτῆρος
1398 2316 1555 2392 ἡμῶν
1587 2318 1821 2376 ἐπιστώ-

211 2423 356 2461 σατο.
420 2407 504 2461 38.
539 2406 656 2460 ἐπεὶ
690 2405 750 2460 δὲ
773 2400 802 2460 ὁ
827 2403 1056 2472 Ἀκύλας
1081 2400 1215 2461 “tofi
1237 2401 1460 2472 ἀλεῖψαι
1482 2401 1819 2476 ἡγιασμένον

210 2484 599 2560 ἡγιασμένων”
645 2490 938 2561 ἐξέδωκεν,
981 2487 1225 2561 οἰήσεται
1263 2490 1365 2561 μέν
1403 2512 1484 2553 τις
1524 2487 1619 2544 τὸν
1650 2487 1819 2544 πάλαι

211 2572 359 2644 παρὰ
384 2569 668 2639 Ἰουδαίοις
708 2569 965 2646 ἀρχιερέα
998 2577 1336 2645 δηλοῦσθαι,
1369 2578 1482 2629 τῶν
1511 2573 1613 2644 μὲν
1642 2570 1817 2647 τούτῳ

210 2652 642 2728 ῦποβεβηκότων
672 2660 892 2713 πολλῶν
925 2660 1118 2730 ἱερέων
1147 2652 1322 2728 ἁγίων
1346 2658 1818 2731 προσαγορευομέ-
1841 2679 1882 2710 30

210 2763 354 2811 νων,
396 2739 557 2811 ἁγίου
590 2740 651 2797 δὲ
682 2736 857 2812 ἁγίων
886 2739 1059 2813 μόνου
1102 2745 1199 2797 τοῦ
1230 2737 1370 2813 ὑπὲρ
1401 2739 1609 2806 πάντας
1639 2736 1817 2812 ἀρχιε-

212 2824 376 2895 ρέως,
420 2824 611 2895 ἐπειδὴ
656 2827 817 2881 τοῦτο
849 2830 938 2881 καὶ
981 2830 1285 2899 προχείρως
1325 2822 1629 2897 νοούμενόν
1670 2826 1817 2880 ἐστιν
