1946 3158
203 126 309 178 130
877 126 1129 168 EUSEBII

623 268 734 342 νβ’.
791 267 923 327 Ἀπὸ
953 272 1051 326 τοῦ
1082 275 1384 343 Σοφονίου.

157 409 181 439 d
334 387 448 440 157.
475 379 625 439 “''Ou
654 380 775 438 τότε
803 383 1158 456 μεταστρέψω
1201 383 1291 439 ἐπὶ
1335 380 1501 449 λαοὺς
1531 382 1813 455 γλῶσσαν,

206 473 284 535 εἰς
315 465 487 541 ὄνομα
511 471 728 541 κυρίου,
759 470 857 523 τοῦ
876 463 1166 523 δουλεύειν
1187 463 1339 543 αὐτῷ
1365 462 1474 523 ὑπὸ
1499 463 1664 538 ζυγὸν
1695 468 1809 524 ἕνα.

205 554 265 608 ἐκ
307 550 560 625 περάτων
611 555 872 623 ποταμῶν
917 555 1216 616 Αἰθιοπίας
1268 553 1636 625 προσδέξομαι
1685 574 1813 617 τους

206 633 550 701 ίκετεύοντάς
580 657 662 708 με.
725 636 838 692 υἱοὶ
867 637 979 692 τῶν
1010 638 1431 709 διεσπαρμένων
1461 643 1678 693 οἴσουσι
1707 645 1811 692 θυ-
1833 644 1858 676 ⁵

204 727 326 787 σιάς
356 744 462 820 μοι.
541 723 602 777 ἐν
643 722 711 793 τῇ
749 717 926 795 ἡμέρᾳ
969 723 1154 794 ἐκείνῃ
1185 717 1251 776 οὐ
1293 718 1368 792 μὴ
1399 718 1814 792 καταισχυνθῇς

205 808 264 862 ἐκ
295 803 521 862 πάντων
550 807 662 861 τῶν
688 802 1138 877 ἐπιτηδευμάτων
1162 825 1284 876 σου,
1318 805 1398 862 ὠν
1427 801 1703 882 ἠσέβησας
1736 809 1815 870 εἰς

205 889 328 961 ἐμε,
369 887 452 945 ὅτι
492 888 614 946 τότε
654 891 891 962 περιελω
931 886 1040 945 ἀπὸ
1083 892 1185 946 σοῦ
1226 913 1293 944 τα
1330 895 1687 962 φαυλίσματα
1717 890 1814 960 τῆς

202 971 419 1048 ὕβρεώς
450 991 573 1046 σου,
606 974 697 1030 καὶ
728 970 830 1030 οὐκ
861 979 939 1031 ε”τι
970 969 1037 1031 οὗ
1067 971 1143 1046 μὴ
1173 975 1486 1048 προστεθῇς
1515 978 1614 1030 τοῦ
1643 995 1815 1046 μεγα-

129 1089 132 1092 ·
204 1061 476 1131 λαυχῆσαι
509 1059 598 1115 ἐπὶ
627 1057 688 1114 τὸ
718 1054 844 1132 ὅρος
876 1055 936 1114 τὸ
967 1054 1127 1130 ἅγιόν
1158 1081 1294 1131 μου,
1327 1059 1419 1114 καὶ
1442 1055 1813 1130 ὑπολείψομαι
1836 1067 1878 1099 1⁰

205 1147 265 1200 ἐν
297 1145 384 1200 σοὶ
423 1140 559 1200 λαὸν
598 1145 777 1215 πρᾶον
807 1144 899 1199 καὶ
928 1140 1207 1201 ταπεινόν.
1280 1146 1396 1199 158.
1439 1144 1531 1199 καὶ
1574 1140 1815 1214 εὐλαβη-

204 1226 478 1299 θήσονται
529 1230 589 1285 ἐν
631 1230 707 1303 τῷ
746 1224 972 1299 ὀνόματι
1012 1234 1211 1301 κυρίου
1262 1229 1319 1284 οἱ
1354 1228 1676 1283 κατάλοιποι
1714 1230 1816 1282 τοῦ

198 1308 446 1385 Ἰσραὴλ,
489 1313 581 1368 καὶ
624 1309 690 1368 οὐ
735 1310 1066 1383 ποιήσουσιν
1105 1307 1357 1382 ἀδικίαν,
1400 1313 1492 1368 καὶ
1536 1308 1602 1367 οὐ
1643 1308 1815 1382 λαλή-

205 1415 367 1454 σουσι
397 1394 615 1469 μάταια.
686 1397 777 1452 καὶ
808 1394 875 1452 οὕ
918 1393 992 1468 μὴ
1025 1391 1235 1469 εὑρεθῇ
1280 1398 1340 1452 ἐν
1371 1394 1596 1469 στόματι
1627 1392 1814 1451 αὐτῶν

204 1484 428 1553 γλῶσσα
474 1485 671 1553 δολία,
711 1478 850 1536 διότι
901 1478 1057 1538 αὐτοὶ
1106 1477 1441 1553 νεμήσονται
1485 1482 1576 1536 καὶ
1629 1502 1812 1537 κοιτα-
1835 1487 1879 1521 15

205 1564 537 1638 σθήσονται,
570 1566 662 1622 καὶ
693 1562 798 1621 οὐκ
829 1570 979 1622 ἔσται
1009 1562 1038 1621 ὁ
1072 1566 1328 1638 ἐκφοβων
1359 1562 1578 1632 αὐτούς.
1587 1560 1616 1583 ”

114 1676 180 1717 (83)
336 1654 452 1707 159.
496 1650 608 1708 Καὶ
652 1651 712 1707 ἐν
751 1647 964 1717 τούτοις
1003 1647 1428 1716 ὑπολείψεσθαι
1459 1651 1638 1724 ἑαυτῷ
1678 1628 1815 1705 λαὸν

204 1732 390 1807 πραῦν
421 1736 512 1791 καὶ
541 1731 804 1792 ταπεινὸν
832 1732 861 1791 ὁ
893 1732 1081 1810 κύριος
1113 1731 1468 1806 ἐπήγγελται,
1509 1756 1614 1790 ουκ
1644 1729 1815 1790 άλλον

206 1822 392 1892 δηλῶν
422 1815 455 1891 ἢ
486 1816 583 1876 τὸν
607 1822 667 1876 ἐκ
689 1821 982 1892 περιτομῆς
1015 1823 1091 1884 εἰς
1114 1816 1210 1875 τὸν
1241 1816 1482 1890 Χριστὸν
1512 1814 1683 1874 αὐτοῦ
1714 1839 1815 1874 πε-

205 1901 550 1961 πιστευκότα.
613 1905 705 1960 καὶ
732 1900 901 1959 πάλιν
923 1901 1052 1968 τοὺς
1076 1908 1442 1970 καταλοίπους
1472 1905 1570 1959 τοῦ
1595 1898 1813 1975 Ἰσραὴλ
1835 1910 1879 1942 20

205 1986 408 2059 μόνους
440 1985 803 2058 σωθήσεσθαι
820 1986 954 2059 μετὰ
984 1990 1078 2059 τῆς
1097 1989 1209 2043 τῶν
1226 1990 1436 2044 λοιπῶν
1461 1990 1649 2045 ἐθνῶν
1680 1983 1815 2058 κλή-

206 2089 370 2144 σεως,
404 2067 473 2145 ἣν
506 2074 564 2128 ἐν
593 2084 706 2138 τοῖς
735 2070 971 2145 πρώτοις
1003 2074 1098 2144 τῆς
1128 2078 1465 2145 προφητείας
1499 2069 1810 2145 ἐσήμαινεν.

713 2238 725 2256 Ι
798 2237 812 2257 2
911 2237 923 2256 1
1045 2243 1065 2254 ¹-
1296 2246 1311 2264 Ι

631 2264 699 2312 νγ
731 2288 740 2296 .
803 2249 927 2297 Απο
964 2264 1063 2298 του
1094 2250 1388 2316 Ζαχαρίου.

478 2351 529 2372 ((9

336 2358 451 2411 160.
526 2351 664 2411 Ιδου
704 2351 879 2426 ημέρα
925 2358 1137 2459 ἔρχεται
1179 2356 1239 2410 ἐν
1280 2354 1396 2426 σοὶ,
1439 2355 1531 2410 καὶ
1564 2358 1812 2425 διαμερι-

208 2436 474 2510 σθήσεται
503 2437 570 2495 τὰ
602 2438 778 2495 σκῦλα
809 2456 913 2495 σου
945 2441 1005 2494 ἐν
1029 2444 1130 2494 σοί.
1175 2439 1267 2494 καὶ
1293 2436 1601 2505 ἐπισυνάξω
1633 2434 1812 2494 πάντα
1834 2455 1879 2488 25

207 2520 273 2578 τὰ
303 2530 444 2595 ἔθνη
477 2524 566 2580 ἐπὶ
589 2520 945 2597 Ἰερουσαλὴμ
987 2527 1064 2589 εἰς
1095 2520 1363 2594 πόλεμον,
1406 2523 1499 2578 καὶ
1541 2519 1812 2578 ἁλώσεται

88 2675 99 2684 ,
159 2632 181 2663 b
212 2602 242 2677 ἡ
274 2605 459 2677 πόλις,
491 2609 581 2664 καὶ
615 2605 1086 2682 διαρπαγήσονται
1117 2612 1314 2678 οἰκίαι,
1346 2608 1438 2662 καὶ
1469 2611 1532 2663 αἱ
1550 2619 1812 2678 γυναῖκες

209 2691 678 2764 μολυνθήσονται,
712 2693 806 2748 καὶ
841 2689 1176 2759 ἐξελεύσεται
1199 2690 1259 2747 τὸ
1283 2687 1453 2763 ἥμισυ
1477 2696 1572 2764 τῆς
1603 2689 1813 2781 πόλεως

321 2885 344 2923 2
378 2883 515 2936 Soph.
539 2887 579 2936 3,
606 2887 644 2927 9.
822 2887 874 2925 24
906 2886 1046 2937 Zaeh,
1071 2887 1135 2935 14,
1164 2887 1200 2927 1.
