1992 3186
529 143 838 187 DEMONST.
871 143 1092 187 EVANG.
1125 144 1202 185 VI.
1237 146 1302 185 13.
1337 145 1404 184 14.
1681 142 1788 194 375

170 259 290 333 ἥτις
343 265 454 334 ἕχει
501 258 749 334 μεγάλην
802 265 1272 332 μισθαποδοσίαν.
1347 258 1631 331 ὑπομονῆς
1682 257 1786 333 γὰρ

174 352 324 419 ἔχετε
353 351 563 418 χρείαν,
595 350 688 402 ἵνα
717 343 778 401 τὸ
810 347 1030 418 θέλημα
1059 346 1158 402 τοῦ
1178 348 1319 401 θεοῦ
1342 342 1670 416 ποιήσαντες
1694 367 1788 400 κο-

172 436 414 502 μίσησθε
444 429 546 502 τὴν
578 433 928 502 ἐπαγγελίαν.
1001 435 1079 486 ἔτι
1117 426 1222 502 γὰρ
1253 425 1450 502 μικρὸν
1489 426 1623 485 ὅσον
1653 425 1786 485 ὅσον
1812 452 1899 492 (277)

171 516 201 571 ὁ
245 512 536 588 ἐρχόμενος
589 511 706 586 ἥξει
744 516 837 570 καὶ
885 511 952 571 οὐ
993 527 1217 620 χρονιεῖ.
1301 508 1330 569 ὁ
1375 513 1436 569 δὲ
1477 517 1686 579 δίκαιος
1729 516 1789 570 ἐκ

122 623 150 655 5
173 597 406 664 πίστεώς
437 623 544 671 μου
576 597 818 671 ζήσεται,
867 601 958 656 καὶ
991 596 1088 655 εἀν
1115 596 1527 669 ὑποστείληται,
1559 593 1662 655 οὐκ
1693 595 1789 654 εὐ-

174 689 331 740 δοκεῖ
365 679 400 755 ἡ
443 681 592 756 ψυχή
633 707 741 755 μου
783 686 844 741 ἐν
883 680 1048 759 αὐτῷ,
1060 679 1090 702 ”
1165 686 1213 738 4.
1262 684 1355 739 καὶ
1393 679 1497 755 ὅρα
1534 704 1599 753 γε
1638 679 1788 748 ὅπως

175 765 265 824 δια
295 765 510 825 τούτων
538 766 770 839 ἀσαφῶς
801 773 1058 840 κείμενον
1087 765 1147 824 τὸ
1179 765 1555 840 προφητικὸν,
1603 765 1694 823 διὰ
1724 765 1786 823 τὸ

172 850 304 908 καθ’
340 847 657 925 ὑπερβατὸν
690 854 981 925 εἰρῆσθαι,
1017 853 1107 908 ἐπὶ
1137 848 1197 907 τὸ
1230 853 1572 923 σαφέστερον
1603 849 1635 923 ἡ
1669 854 1790 908 ἐπι-

171 933 335 1007 στολὴ
371 941 673 1008 διείληφεν.
748 940 796 992 5.
845 934 879 1007 ἡ
918 959 1020 1008 μεν
1058 959 1162 1010 γαρ
1203 959 1298 1007 της
1329 941 1667 1009 προφητείας
1698 937 1789 992 λέ-

104 1047 150 1078 10
175 1023 253 1088 ξις
276 1016 343 1076 “5
376 1016 703 1127 ἐρχόμενος”
736 1015 959 1092 φησὶν
963 1015 1098 1091 ἥξει
1130 1022 1222 1076 καὶ
1261 1044 1327 1077 ου
1351 1026 1608 1093 χρονίσει.
1695 1021 1788 1076 καὶ

174 1103 459 1178 ἐπιφέρει
463 1100 582 1161 ε’ὂιν
610 1102 1024 1176 υποστείληται,
1056 1101 1158 1161 οὐκ
1190 1102 1415 1162 εὐδοκει
1441 1103 1474 1176 ἡ
1506 1102 1658 1176 ψυχή
1680 1127 1788 1176 μου

172 1193 233 1246 ἐν
264 1185 479 1264 αὖτῷ,”
513 1187 649 1262 ὅπερ
682 1187 1104 1262 συναπτόμενον
1134 1187 1445 1261 ἀνάγεσθαι
1477 1186 1689 1256 δόξειεν
1718 1184 1788 1246 ὂὶν
1811 1211 1833 1243 b

173 1275 262 1329 ἐπὶ
291 1272 390 1330 τὸν
421 1271 718 1346 ἐρχόμενον
747 1275 840 1330 καὶ
871 1270 937 1330 οὐ
969 1280 1307 1347 χρονίζοντα,
1332 1270 1467 1346 ὅπερ
1494 1274 1643 1330 ἐστὶν
1666 1269 1787 1330 ἄτο-

172 1378 294 1414 πον.
370 1363 486 1424 πῶς
524 1355 629 1460 γὰρ
674 1356 758 1414 ἐπ’
798 1361 1014 1416 ἐκεῖνον
1053 1355 1282 1433 ἁρμόσει
1324 1357 1384 1415 τὸ
1419 1359 1681 1429 λέγεσθαι
1711 1357 1786 1431 μὴ

26 1443 31 1447 ’
105 1469 149 1501 15
175 1439 431 1498 εὐδοκειν
463 1445 523 1498 ἐν
555 1439 704 1516 αὐτῷ
747 1440 845 1499 τὸν
883 1442 1051 1512 θεόν;
1127 1439 1252 1499 αλλ’
1285 1441 1319 1515 ἡ
1359 1447 1455 1514 τῆς
1497 1445 1788 1515 διαστολης

172 1526 484 1598 παραθεσις
516 1499 857 1594 ἐναλλαξασα
896 1525 996 1599 τὴν
1035 1533 1134 1583 τοῦ
1173 1525 1341 1598 λόγου
1384 1526 1646 1593 σύνταξιν
1685 1526 1788 1598 τὴν

174 1609 430 1668 διάνοιαν
462 1607 718 1667 ἐσώσατο.
803 1615 850 1666 6.
897 1610 1032 1683 μετὰ
1062 1608 1167 1682 γὰρ
1198 1606 1312 1667 τὸ“
1322 1615 1399 1667 ἔτι
1429 1610 1626 1682 μικρὸν
1655 1608 1789 1668 ὅσον

170 1691 304 1751 όσον
333 1689 362 1750 ὁ
396 1692 685 1767 ἐρχόμενος
716 1692 832 1766 ἥξει
863 1696 954 1750 καὶ
985 1693 1050 1751 οὐ
1083 1693 1360 1767 χρονίσει”
1408 1696 1529 1767 εξῆς
1571 1696 1788 1765 συνῆψε

171 1776 231 1833 τὸ
256 1773 322 1834 “ὃ
356 1779 416 1834 δὲ
449 1784 660 1843 δίκαιος
693 1780 751 1834 ἐκ
782 1784 1018 1844 πίστεως
1051 1775 1324 1850 ζήσεται.”
1391 1778 1508 1835 εἶτα
1537 1777 1598 1834 τὸ
1631 1781 1691 1834 ἐν
1721 1781 1789 1852 τῇ

103 1889 150 1921 20
172 1868 481 1937 προφητεία
513 1865 733 1934 πρῶτον
763 1869 1021 1936 κείμενον
1050 1859 1285 1930 ὑπέταξε
1319 1861 1580 1934 δεύτερον
1621 1866 1682 1919 ἐν
1711 1868 1787 1939 τῷ

162 1942 292 2002 “nal
326 1945 423 2003 ἐὰν
452 1945 870 2019 ὑποστείληται,
917 1943 1019 2004 οὐκ
1061 1945 1285 2004 εὐδοκεῖ
1321 1946 1354 2018 ἡ
1397 1945 1548 2019 ψυχή
1578 1970 1686 2019 μου
1727 1949 1787 2003 ἐν

173 2026 378 2105 αὐτῷ.”
455 2028 598 2098 ἅπαξ
630 2029 733 2105 γὰρ
765 2037 1039 2098 θεσπίσας
1069 2028 1098 2088 ὁ
1131 2031 1292 2103 λόγος
1324 2030 1415 2087 διὰ
1446 2034 1540 2103 τῆς
1574 2053 1786 2103 προφη-
1811 2066 1828 2087 0

170 2121 318 2180 τείας
359 2113 442 2171 ὅτι
485 2113 551 2188 δὴ
590 2115 651 2172 τὸ
691 2120 810 2188 φῶς
851 2115 911 2173 τὸ
952 2122 1084 2172 πᾶσι
1114 2131 1228 2182 τοῖς
1260 2121 1486 2173 ἔθνεσιν
1519 2118 1788 2187 ἐπηγγελ-

171 2201 341 2271 μένον
393 2198 485 2255 διὰ
536 2205 631 2271 τῆς
677 2204 917 2273 Χριστοῦ
967 2206 1275 2274 παρουσίας
1324 2196 1476 2269 “ὀψε’
1513 2222 1646 2257 ποτε
1695 2201 1788 2256 καὶ

104 2311 150 2343 25
175 2284 408 2357 ἑσπέρας
449 2282 728 2356 ἀνατελεῖ,
771 2287 863 2340 καὶ
909 2282 975 2342 οὐ
1021 2282 1408 2354 διαψεύσεται
1421 2280 1453 2302 ”
1533 2289 1578 2342 7,
1615 2281 1786 2357 (οὕτω

174 2366 278 2439 γὰρ
317 2366 441 2424 ἀντὶ
481 2371 580 2425 τοῦ
611 2364 739 2425 “uoci
769 2365 874 2425 οὐκ
907 2375 984 2434 εἰς
1027 2365 1230 2426 κενόν”
1278 2365 1307 2425 ὃ
1340 2366 1572 2434 Ἀκύλας
1615 2364 1786 2439 ἡρμή-

174 2451 429 2525 νευσεν·)
464 2458 652 2509 ἔπειτα
686 2451 777 2509 διὰ
806 2451 866 2510 τὸ
896 2455 1118 2526 μέλλειν
1147 2450 1250 2522 ὀψε
1280 2455 1373 2510 καὶ
1407 2454 1643 2523 ἑσπέρας
1667 2457 1783 2507 ε’σε-

176 2543 310 2590 σθαι
340 2535 442 2608 τὴν
470 2539 571 2593 τοῦ
600 2539 1092 2610 προφητευομένου
1122 2543 1438 2609 παρουσίαν
1470 2541 1548 2601 είς
1578 2530 1785 2607 ὑπομο-

175 2616 282 2688 νὴν
311 2623 695 2690 παρακαλέσας
729 2620 819 2677 δια
849 2625 950 2678 τοῦ
973 2618 1112 2678 “gem
1141 2619 1448 2692 ὑστερήσῃ,
1479 2617 1787 2691 ὑπόμεινον

110 2730 154 2762 30
178 2698 369 2772 αὐτὸν,
400 2699 433 2773 ἢ
467 2701 562 2759 έαν
588 2703 855 2811 μελλήση,
886 2707 1197 2808 προσδέχου
1229 2701 1423 2775 αὐτὸν,
1456 2727 1538 2760 οτι
1568 2701 1596 2759 ὃ
1631 2700 1787 2775 ἐρχό-

177 2808 339 2856 μενος
369 2783 484 2856 η’ξει
515 2789 606 2843 καὶ
638 2786 703 2844 οὐ
733 2789 807 2860 μὴ
849 2785 1145 2862 χρονίσῃ,”
1190 2790 1279 2844 ἐπὶ
1319 2785 1420 2861 τὴν
1463 2794 1650 2845 πίστιν
1691 2790 1785 2859 τῆς
1810 2812 1835 2845 d

176 2869 530 2941 προρρήσεως
560 2870 656 2927 τὸν
686 2868 962 2945 ἀκροατὴν
992 2875 1248 2947 παρορμᾷ
1276 2874 1473 2945 λέγων,
1497 2871 1525 2930 ὁ
1559 2871 1628 2944 δὴ
1657 2871 1786 2928 τού-
