1992 3186
536 109 845 149 DEMONST.
874 107 1094 149 EVANG.
1120 107 1175 148 V.
1206 110 1416 151 Pssooms.
1673 108 1774 159 287

166 222 546 297 παραβάλλειν
586 222 713 289 τοὺς
754 222 1152 296 γεγηρακότας,
1195 219 1267 290 ὦς
1308 222 1551 295 ἀγαθὸν,
1595 229 1777 282 διατε-

165 309 459 381 ταγμένος,
500 304 534 379 ἢ
574 306 602 364 ὁ
637 311 945 381 ἐπιτρέπων
974 305 1221 380 ἀδελφὰς
1268 322 1464 381 γαμεῖν
1495 309 1586 365 καὶ
1617 305 1775 381 ἄρρε-

166 416 265 458 νας
295 389 523 466 ἄρρεσιν
557 394 982 464 ἐπιμίγνυσθαις
1024 394 1115 448 καὶ
1154 398 1211 448 τί
1240 416 1307 465 με
1340 397 1431 450 δεῖ
1457 392 1581 459 τοὺς
1614 394 1775 449 ἐκθέ-

166 497 338 549 σμους
367 482 479 533 τῶν
509 473 641 549 παρ’
661 473 886 549 Ἕλλησι
927 477 1019 533 καὶ
1060 474 1361 550 βαρβάροις
1402 474 1599 548 λόγους
1631 475 1774 534 ἀπα-

120 584 141 616 5
164 570 410 634 ριθμεῖν,
435 566 510 627 εἰς
534 567 760 634 ἔλεγχον
782 563 882 618 τοῦ
904 558 977 634 μὴ
991 560 1159 627 θεοὺς
1174 563 1484 633 γεγονέναι,
1497 559 1774 634 πονηροὺς

164 645 226 701 δὲ
257 647 349 702 καὶ
380 641 695 719 ἀλιτηρίους
730 650 1015 718 δαίμονας,
1047 643 1173 711 τούς
1196 645 1556 718 θαυμαστοὺς
1588 643 1774 703 αὐτῶν
1805 678 1823 699 0

161 728 558 802 χρησμοδότας,
594 732 680 786 ἐπὶ
712 727 777 786 τά
807 728 957 803 παρὰ
987 727 1160 802 φύσιν
1183 728 1505 802 ἀτοπήματα
1530 728 1589 786 τὸ
1620 748 1771 802 τρισ-

160 811 362 871 άθλιον
400 816 515 871 τῶν
554 811 876 887 ἀνθρώπων
925 815 1083 885 γένος
1134 811 1643 886 καταβεβληκότας,
1690 818 1769 871 15.

158 895 310 954 ὁπότ’
347 894 474 955 οὐδ’
507 902 564 954 οἱ
589 895 720 970 παρ’
743 894 965 969 Ἕλλησι
997 900 1325 971 βεβοημένοι
1356 900 1481 955 θεοὶ
1512 900 1603 954 καὶ
1632 897 1773 971 μάν-

98 1004 138 1036 10
159 1005 269 1048 τεις
299 979 640 1087 ὀνησιφόρον
669 1006 720 1038 τι
751 984 842 1038 καὶ
874 981 1152 1048 λυσιτελὲς
1180 988 1256 1047 εἰς
1284 985 1459 1054 ψυχῆς
1494 979 1771 1054 ὠφέλειαν

158 1079 271 1131 τοῖς
311 1067 611 1139 χρωμένοις
653 1064 1086 1123 ἀποδείκνυνται
1124 1069 1557 1140 παρεσχημέςνοι
1605 1071 1683 1123 16.
1719 1073 1775 1123 τί

159 1174 262 1222 γαρ
318 1148 388 1222 δή
428 1173 559 1208 ποτε
599 1148 992 1217 καταλιπόντες
1032 1148 1233 1222 ἄνδρες
1264 1146 1526 1222 ’Έλληνες
1574 1147 1676 1222 τὴν
1717 1153 1770 1218 ἐξ

159 1258 351 1292 αυτων
392 1233 668 1308 ὠφέλειαν
709 1236 798 1292 ἐπὶ
838 1234 938 1306 τὴν
980 1230 1265 1309 βάρβαρον
1306 1236 1623 1292 ἐστέλλοντο
1664 1237 1771 1307 γῆν

161 1320 429 1392 ἐμπορίαν
480 1317 825 1392 μαθημάτων
881 1321 1092 1387 ἔξωθέν
1140 1329 1321 1376 ποθεν
1378 1317 1769 1391 ε’ρανιζόμενοι,

95 1424 137 1456 15
159 1401 339 1475 παρὸν
382 1402 735 1469 διδασκάλοις
774 1416 886 1469 τοῖς
917 1413 1072 1469 θεοῖς
1103 1409 1374 1477 χρῆσθαι;
1415 1406 1570 1461 θεῶν
1600 1402 1704 1476 γὰρ
1736 1400 1769 1475 ἢ

159 1488 252 1542 καὶ
294 1484 574 1559 δαιμόνων
618 1485 852 1558 ἀγαθῶν
881 1485 1353 1561 χρηματιζόντων,
1395 1489 1488 1543 καὶ
1517 1488 1638 1544 τοτὲ
1666 1488 1770 1559 μὲν
1793 1509 1815 1541 d

161 1569 252 1627 διὰ
291 1573 384 1642 τῆς
424 1568 788 1644 προγνώσεως
829 1573 921 1627 καὶ
961 1574 1055 1643 τῆς
1096 1568 1262 1643 ἄλλης
1305 1574 1769 1643 παραδοξοποιίας

157 1654 259 1726 τὴν
297 1660 509 1712 οἰκείαν
534 1653 774 1728 δύναμιν
798 1653 1288 1728 παραφαινόντων,
1321 1678 1442 1712 τοτε
1468 1655 1528 1711 δε
1553 1653 1644 1712 δια
1674 1658 1769 1726 τῆς

156 1735 507 1795 ἀδιαπτωτου
558 1763 670 1796 των
719 1738 1064 1812 μαθημάτων
1116 1738 1382 1811 ἀληθείας
1434 1738 1535 1810 τὴν
1585 1737 1768 1811 ἀληθῆ

94 1843 135 1875 20
158 1829 364 1895 σοφίαν
395 1821 870 1895 έκδιδασκόντων,
902 1830 958 1881 τί
984 1821 1105 1881 ποτ’
1141 1825 1211 1895 ἠν
1242 1847 1346 1895 αρα
1369 1821 1428 1880 τὸ
1452 1822 1525 1896 μὴ
1555 1821 1768 1889 τούτοις

157 1913 585 1980 μαθητευθῆναι
615 1906 942 1981 φιλοσόφων
972 1912 1194 1980 παῖδας,
1226 1905 1412 1965 ἄλλων
1443 1908 1503 1964 δὲ
1534 1905 1632 1964 ἀπ’
1670 1905 1768 1964 ἅλ-

158 1998 258 2048 λου
304 1990 593 2064 δογμάτων
634 1995 807 2050 τινῶν
850 1995 1095 2059 ἐπινοίας
1135 1994 1537 2066 ποριζομένων,
1582 1994 1642 2048 ἐκ
1672 1995 1767 2063 τῆς

156 2080 366 2150 μακρᾶς
399 2082 707 2149 διαφωνίας
747 2083 998 2142 ποικίλας
1030 2079 1269 2150 αἱρέσεις
1307 2075 1634 2149 φιλοσόφων
1666 2093 1768 2132 συ-

156 2162 381 2231 στῆναι;
423 2156 546 2216 ἀλλ’
590 2166 641 2216 εἰ
676 2158 751 2234 μὴ
792 2175 1089 2234 προσεῖχον
1130 2157 1318 2226 αὐτοῖς
1349 2165 1406 2217 οὗ
1432 2161 1624 2218 πολλοὶ
1656 2165 1767 2216 τῶν

91 2262 133 2295 25
156 2239 503 2318 ἀνθρώπων,
534 2243 664 2311 τοὺς
696 2241 944 2316 εὐσεβεῖς
979 2241 1032 2301 δ’
1066 2246 1171 2302 οὐν
1201 2246 1294 2301 καὶ
1324 2255 1479 2310 θεοῖς
1510 2242 1767 2318 προσιόν-

154 2352 248 2395 τας
280 2331 419 2402 χρῆν
451 2326 631 2401 δήπου
654 2327 712 2386 τό
735 2325 1083 2386 ἀδιάπτωτον
1094 2334 1168 2414 ,ἐκ
1190 2352 1286 2429 της
1311 2333 1422 2385 τῶν
1444 2333 1598 2385 θεων
1619 2351 1767 2399 ωφε-

154 2419 302 2478 λείας
333 2418 686 2486 πεπορίσθαι.
752 2418 830 2470 17.
863 2419 1009 2480 τίνες
1050 2406 1152 2470 οὗν
1193 2413 1370 2481 οὐτοι;
1413 2435 1508 2478 ους
1549 2408 1652 2482 γὰρ
1693 2407 1876 2475 ἄνθος)

155 2499 292 2568 φῇς,
324 2495 554 2563 τούτους
586 2493 948 2570 ἀπελέγχουσι
980 2498 1374 2570 πλανωμένους
1406 2519 1456 2551 οι
1447 2491 1764 2561 ἀντιδοξά-

156 2585 350 2646 ζοντες.
410 2577 548 2636 ἀλλά
577 2580 711 2654 γὰρ,
754 2605 826 2649 ως
870 2587 1041 2654 ε’,οικε
1085 2578 1366 2652 δαιμόνων
1406 2571 1474 2650 ἦν
1513 2591 1763 2651 μαντεῖα,

90 2684 132 2718 30
156 2664 313 2735 μέχρι
354 2666 591 2721 κλέπτου
630 2671 820 2738 φωρᾶς
862 2662 894 2737 ἢ
946 2663 1178 2729 σκεύους
1217 2659 1492 2727 ἀπωλείας
1543 2659 1578 2733 ἤ
1618 2685 1764 2728 τινος

156 2745 326 2802 ἄλλον
357 2746 607 2804 τοιούτου
631 2747 943 2820 φθάνοντα,
977 2773 1055 2805 ων
1078 2744 1181 2805 οὐκ
1210 2744 1432 2813 ἀπεικὸς
1464 2748 1533 2818 ἡν
1563 2743 1765 2813 αυτούς

157 2833 217 2887 ἐν
246 2834 321 2906 τῷ
353 2832 478 2900 περι
522 2837 627 2903 γῆν
668 2830 788 2903 ἀέρι
827 2832 921 2899 τὰς
954 2830 1238 2905 διατριβὰς
1269 2832 1633 2903 ποιουμένους
1663 2828 1764 2902 τὴν
