1946 3158
575 127 1320 173 DEMONST.EVANG.LH.2
1638 128 1734 180 141

965 219 989 238 δ

131 246 343 317 γνῶσίν
381 266 439 301 τε
478 245 568 300 καὶ
599 241 890 316 εὐσέβειαν
929 248 1099 302 πᾶσιν
1137 239 1459 316 ἀνθρώποις
1491 243 1738 317 προυβά·

132 336 282 401 λετο,
315 332 509 386 καινοῦ
540 352 597 387 τε
627 334 755 401 βίου
787 331 878 386 καὶ
909 333 1187 395 πολιτείας
1207 330 1498 400 θεοσεβέσι
1529 346 1738 401 προση-

131 411 335 486 κούσης
366 416 580 487 πρῶτος
614 411 949 485 εἰσαγωγεύς
992 414 1080 469 καὶ
1112 414 1416 485 νομοθέτης
1447 411 1736 470 ἀποδέδει-

131 521 269 556 κται.
306 500 352 555 7.
387 499 478 554 καὶ
500 495 566 554 τά
591 496 754 555 λοιπὰ
777 498 838 556 δὲ
860 494 925 555 τὰ
945 499 1070 571 περὶ
1096 495 1303 570 κόσμου
1325 498 1614 569 γενέσεως,
1646 500 1737 554 καὶ

87 579 196 638 5τά
235 583 361 656 περὶ
402 586 579 655 ψυχῆς
623 579 966 654 ἀθανασίας,
1007 584 1098 638 καὶ
1138 579 1240 638 ὅσα
1279 578 1417 638 ἄλλα
1458 579 1737 654 φιλόσοφα

132 663 403 740 δόγματα,
445 673 659 739 πρῶτος
690 669 904 740 ,Μωσῆς
955 670 1030 743 τῷ
1076 664 1361 724 Ἰουδαίων
1412 667 1737 740 παρέδωκεν

131 755 316 821 ἔθνει,
365 755 539 808 ταῦτα
578 752 1056 825 θεοπρεπέστερον
1105 752 1316 823 πρῶτος
1365 763 1477 816 τοῖς
1525 758 1736 817 λοιποῖς

131 839 358 892 ἔθνεσιν
395 833 605 907 Ἰησοῦς
643 833 672 892 ὃ
716 833 949 908 Χριστὸς
993 833 1083 891 διὰ
1122 836 1234 891 τῶν
1265 830 1439 892 αὑτοῦ
1467 837 1738 907 μαθητῶν
1760 871 1776 893 c

129 917 512 991 κατήγγειλεν·
568 917 707 977 ὥστε
739 920 950 977 ιΜωσέα
988 918 1092 992 μὲν
1133 917 1352 984 εἰκότως
1395 921 1614 991 πρῶτον
1645 920 1737 975 καὶ

67 1027 107 1059 10
128 1001 300 1076 μόνον
332 1000 617 1075 εὐσεβείας
647 1004 958 1077 νομοθέτην
991 999 1404 1076 ἆνηγορεῦσθαι
1429 1000 1734 1076 Ἰουδαίων,

122 1083 338 1160 Ἰησοῦν
383 1087 444 1144 δὲ
485 1086 582 1145 τὸν
611 1085 852 1161 Χριστὸν
893 1094 1005 1145 τῶν
1049 1091 1234 1145 ἐθνῶν
1273 1085 1566 1159 ἁπάντων,
1600 1087 1737 1144 κατὰ

126 1171 228 1244 τὴν
269 1169 530 1246 φήσασαν
572 1175 698 1246 περὶ
739 1171 912 1230 αὐτοῦ
957 1177 1303 1247 προφητείαν
1335 1167 1736 1244 “κατα’στησον,

129 1253 313 1328 κύριε,
358 1257 671 1330 νομοθέτην
711 1255 795 1314 ἐπ’
841 1254 1067 1324 αὐτούς·
1128 1255 1432 1329 γνώτωσαν
1474 1263 1613 1330 ἔθνη
1654 1253 1737 1314 ὅτι

131 1337 428 1414 ἄνθρωποί
454 1338 653 1398 εἰσιν.”

70 1448 110 1479 15
260 1427 306 1480 8.
354 1421 539 1481 Πάλιν
580 1427 791 1497 Μωσῆς
832 1430 1167 1498 θαυμασίοις
1208 1431 1387 1498 ἔργοις
1429 1427 1521 1481 καὶ
1561 1446 1736 1498 παρα-

132 1510 464 1575 δοξοποιίαις
487 1508 589 1582 τὴν
612 1508 748 1581 πρὸς
773 1505 945 1566 αὐτοῦ
957 1517 1430 1581 καταγγελθεῖσαν
1449 1507 1737 1581 εὐσέβειαν

130 1590 495 1649 ἐπιστώσατο·
554 1590 817 1660 ωσαύτως
860 1594 918 1650 δὲ
961 1594 1053 1649 καὶ
1092 1591 1121 1649 ὃ
1163 1591 1414 1690 Χριστὸς.
1440 1607 1557 1659 ταῖς
1598 1589 1738 1649 ἄνα-

127 1697 390 1749 γραπτοις
430 1683 905 1779 θαυματουργίαις
944 1674 1080 1750 πρὸς
1111 1683 1298 1734 πίστιν
1337 1700 1447 1734 των
1477 1672 1738 1749 ὁρώντων

128 1762 458 1834 κεχρημένος
509 1760 574 1818 τὰ
616 1760 779 1819 καινὰ
829 1765 923 1834 τῆς
975 1757 1333 1834 ευαγγελικῆς
1377 1765 1735 1829 διδασκαλίας

64 1867 106 1901 20
128 1841 303 1902 αὐτοῦ
333 1843 633 1919 μαθήματα
674 1843 1066 1918 συνεστήσατο.
1139 1850 1187 1902 9.
1223 1844 1392 1902 παλιν
1423 1851 1637 1918 Μωσῆς
1679 1848 1737 1903 ἐκ
1763 1872 1783 1904 d

127 1930 324 2002 πικροῖς
368 1932 462 2003 τῆς
512 1925 613 1987 ὑπ’
668 1935 998 2004 Αἰγυπτίοις
1051 1935 1304 1997 δουλείας
1356 1927 1415 1986 τὸ
1451 1928 1736 1987 Ἰουδαίων

128 2019 293 2081 ἔθνος
325 2019 402 2080 εἰς
435 2017 765 2090 ἐλευθερίαν
794 2012 1187 2088 μετεστήσατο·
1244 2015 1335 2071 καὶ
1359 2012 1569 2087 Ἰησοῦς
1615 2015 1676 2071 δὲ
1706 2011 1734 2071 ὁ

126 2097 359 2172 Χριστὸς
393 2100 451 2155 ἐκ
481 2101 577 2171 τῆς
608 2098 716 2156 ὑπὸ
740 2111 853 2167 τοῖς
877 2112 1141 2174 πονηροῖς
1170 2103 1392 2173 δαίμοσι
1426 2103 1732 2172 δυσσεβοῦς
1758 2121 1823 2163 [601

0 2215 26 2237 l
126 2183 217 2239 καὶ
260 2186 641 2256 Αἰγυπτιακῆς
694 2189 1118 2256 εἰδωλολατρίας
1170 2189 1246 2250 εἰς
1299 2186 1627 2255 ἐλευθερίαν
1675 2181 1735 2241 τό

63 2288 107 2321 25
129 2265 355 2324 πάντων
405 2265 727 2342 ἀνθρώπων
778 2270 936 2341 γένος
976 2265 1358 2326 ἀνεκαλέσατο.
1444 2272 1522 2326 10.
1567 2266 1735 2324 πάλιν

127 2353 339 2426 Μωσῆς
370 2354 477 2425 γῆν
507 2350 673 2425 ἁγίαν
703 2355 794 2410 καὶ
825 2357 1066 2426 θεοφιλῆ
1108 2358 1235 2424 βίον
1267 2355 1326 2411 ἐν
1355 2349 1524 2426 ταύτῃ
1556 2375 1736 2425 μακα-

127 2432 315 2507 ριστὸν
343 2451 455 2504 τοῖς
485 2439 598 2495 τῶν
627 2436 815 2511 νόμων
844 2436 1083 2510 φύλαξιν
1115 2439 1497 2510 ἐπηγγείλατο·
1546 2432 1735 2493 ὡσαύ-

126 2541 231 2584 τως
274 2520 334 2576 δὲ
373 2523 465 2578 καὶ
503 2517 708 2595 Ἰησοῦς
747 2521 775 2579 ὁ
807 2519 1069 2597 Χριστὸς,
1110 2519 1397 2596 μακάριοι,
1439 2522 1640 2593 φησὶν,
1682 2523 1739 2576 οἱ

125 2616 348 2676 πραεῖς,
401 2601 482 2662 ὅτι
537 2602 693 2663 αὐτοὶ
735 2604 1211 2680 κληρονομήσουσι
1262 2603 1364 2678 τὴν
1405 2607 1538 2677 γῆν,
1592 2603 1734 2661 πολὺ

61 2707 106 2741 30
129 2692 413 2760 κρείττονα
443 2692 547 2762 γῆν
587 2688 811 2764 ἀληθῶς
853 2690 1020 2764 ἁγίαν
1051 2691 1140 2747 καὶ
1172 2694 1443 2762 θεοφιλῆ,
1480 2685 1601 2762 οὐχὶ
1633 2688 1733 2762 τὴν

243 2882 293 2921 12
328 2883 555 2931 Ps.9‚20.
