1992 3186
590 115 899 157 DEMONST.
933 116 1157 158 EVANG.
1188 118 1240 160 v.
1273 119 1313 156 4.
1648 115 1751 167 313

146 240 456 304 Αἴγυπτος,
499 234 591 288 καὶ
633 233 864 304 ἐμπορία
906 222 1228 302 Αἰθιόπων,
1270 233 1361 287 καὶ
1403 235 1459 288 oc
1495 234 1752 305 Σαβαεὶμ

142 314 343 388 ἄνδρες
382 311 586 386 ὑψηλοὶ
629 317 718 372 ἐπὶ
759 316 819 372 σὲ
853 314 1239 388 διαβήσονται,
1283 321 1381 372 καί
1417 334 1503 373 σοι
1535 322 1753 372 ἔσονται
1779 331 1800 364 d

146 401 458 470 δοῦλοι,καὶ
480 398 655 456 ὀπίσω
681 418 785 456 σου
810 398 1256 470 ἀκολουθήσουσι
1278 401 1561 473 δεδεμένοι
1579 423 1753 474 χειρο-

144 487 370 555 πέδαις,
402 486 494 540 καὶ
525 483 974 556 προσκυνήσουσι
1005 487 1148 554 νέοι,
1181 487 1274 541 καὶ
1306 488 1366 542 ἐν
1396 487 1484 541 σοὶ
1515 483 1753 558 προσεύ-

102 591 122 623 5
146 570 348 640 ξονται,
380 566 462 624 ὅτι
496 570 555 624 ἐν
574 571 662 625 σοὶ
691 566 719 625 ὅ
752 567 884 635 θεός
917 572 1032 625 ἐστι
1063 565 1274 625 καὶούκ
1306 574 1419 625 ἔστι
1448 566 1579 634 θεὸς
1609 567 1755 640 πλήν

145 670 262 709 σου.
347 649 417 709 σύ
459 650 563 725 γάρ
607 651 656 708 εἴ
693 652 854 724 θεὸς,
908 655 999 709 καὶ
1041 649 1143 709 οὐκ
1184 650 1438 726 ᾔδειμεν,
1491 651 1623 718 θεὸς
1654 656 1753 709 τοῦ

139 733 356 808 Ἰσραὴλ
400 735 598 808 σωτήρ.
671 735 1146 809 αἰσχυνθήσονται
1186 739 1278 792 καὶ
1321 734 1756 810 ἐντραπήσονται

143 818 344 886 πάντες
394 823 451 876 οὗ
498 818 865 893 ἀντικείμενοι
920 819 1072 897 αὐτῷ
1121 823 1212 876 καὶ
1278 819 1643 893 πορεύσονται
1696 824 1757 877 ἐν

146 901 439 976 αἰσχύνῃ.”

82 1013 122 1046 10
272 992 320 1045 4.
365 993 548 1044 Ταῦτα
578 988 681 1060 μὲν
710 986 744 1061 ἡ
775 994 1099 1062 προφητεία.
1162 986 1263 1060 οὐχ
1293 986 1530 1061 ἡγοῦμαι
1566 988 1625 1044 δὲ
1656 986 1757 1045 άν-

144 1070 423 1144 τωπήσειν
465 1071 751 1129 δύνασθαί
786 1096 938 1144 τινα,
981 1069 1085 1128 κᾶν
1126 1071 1345 1146 σφόδρα
1385 1064 1421 1145 ᾗ
1461 1070 1755 1144 ἀγνώμων,

144 1160 220 1232 τῷ
266 1154 527 1232 προδήλῳ
580 1158 672 1213 καὶ
714 1169 885 1228 σαφεῖ
925 1161 1020 1228 τῆς
1062 1158 1258 1224 λέξεως
1299 1160 1543 1228 ἐναργῶς
1583 1154 1758 1221 οὕτως

148 1239 476 1312 εἰσαγούσης
506 1239 645 1297 θεὸν
683 1246 781 1297 τοῦ
818 1237 1033 1314 Ἰσραὴλ
1074 1244 1295 1314 σωτῆρα
1339 1242 1432 1296 καὶ
1478 1243 1666 1314 ἕτερον
1700 1243 1759 1296 ἐν

149 1321 296 1400 αὐτῷ
336 1322 487 1381 θεόν.
552 1320 1050 1396 “προσκυνήσουσί
1075 1343 1162 1382 σοι
1195 1324 1416 1398 (φησὶν)
1449 1330 1506 1382 οὗ
1533 1330 1756 1395 δίκαιοι,

86 1431 127 1463 15
152 1410 243 1466 καὶ
277 1410 335 1464 ἐν
366 1409 453 1464 σοὶ
484 1407 910 1480 προσεύξονται,
956 1407 1037 1465 ὅτι
1072 1412 1130 1465 ἐν
1162 1412 1249 1466 σοὶ
1278 1405 1307 1465 ὁ
1339 1407 1471 1474 θεός
1504 1413 1635 1480 ἐστι,
1668 1411 1760 1466 καὶ

150 1489 254 1549 οὐκ
294 1497 407 1548 ἔστι
446 1490 577 1559 θεὸς
617 1491 763 1563 πλήν
804 1510 920 1549 σου.
994 1491 1063 1549 σὺ
1093 1491 1199 1566 γὰρ
1233 1492 1283 1548 εἴ
1310 1491 1339 1549 ὁ
1370 1490 1502 1558 θεὸς
1534 1495 1626 1549 καὶ
1657 1491 1760 1549 οὐκ

151 1574 411 1649 ᾔδειμεν,
464 1574 593 1642 θεὸς
623 1581 721 1632 τοῦ
757 1573 973 1649 Ἰσραὴλ
1014 1573 1257 1649 σωτήρ.”
1341 1580 1391 1631 5.
1423 1574 1483 1632 τὸ
1528 1578 1587 1632 δὲ
1618 1572 1760 1633 “ofin

149 1656 416 1733 ᾔδειμεν”
438 1663 497 1716 ἐκ
528 1658 828 1733 προσώπου
858 1666 970 1716 τῶν
999 1662 1133 1731 πρὶν
1164 1656 1332 1717 αὐτὸν
1353 1659 1427 1733 μὴ
1453 1658 1761 1732 ἐπεγνωκό-

148 1767 261 1801 των
291 1741 440 1814 παρὰ
468 1742 656 1816 μόνοις
686 1758 799 1810 τοῖς
833 1742 1210 1815 ἑβδομήκοντα
1238 1746 1529 1817 εἰρημένον
1561 1746 1757 1817 ἑτέρως
1783 1764 1876 1805 (226)

86 1851 127 1884 20
153 1827 263 1901 εἶχε
292 1827 352 1884 τὸ
376 1823 692 1900 Ἐβραϊκόν,
735 1824 765 1884 ὃ
793 1825 1119 1900 μεταλαβών
1158 1826 1186 1884 ὁ
1226 1829 1328 1902 μὲν
1353 1826 1581 1894 Ἀκύλας
1622 1831 1762 1900 φησὶ

142 1908 311 1977 “vebs
362 1910 470 1985 ἄρα
522 1912 744 1986 ἰσχυρὸς
796 1910 1308 1986 ἀποκρυπτόμενος,
1368 1911 1499 1978 θεὸς
1545 1909 1761 1985 Ἰσραὴλ

153 1993 398 2067 σώζων,”
451 2001 498 2052 6.
531 1992 560 2052 ὁ
593 1997 654 2052 δὲ
688 2002 1000 2053 Θεοδοτίων
1022 1992 1155 2052 “διά
1183 2000 1343 2054 τοῦτο
1377 1994 1600 2071 ἰσχυρὸς
1632 2020 1761 2070 κρυ-

152 2093 315 2152 φαῖος
354 2078 486 2147 θεὸς
528 2077 774 2148 σώζων.”
849 2078 1070 2154 σφόδρα
1105 2086 1442 2154 θαυμαστῶς
1484 2094 1763 2153 κρυφαῖον

151 2162 292 2221 θεὸν
320 2163 416 2220 τὸν
430 2163 669 2236 Χριστὸν
698 2161 969 2237 ὀνομάζει,
1001 2167 1092 2222 καὶ
1122 2163 1223 2237 τὴν
1253 2171 1438 2222 αἰτίαν
1470 2166 1549 2237 δὲ,
1585 2161 1661 2220 δι’
1694 2161 1764 2237 ἣν

90 2268 133 2302 25
154 2246 294 2305 θεὸν
338 2245 508 2304 αὐτὸν
546 2246 719 2321 μόνον
762 2247 834 2315 ὥς
867 2252 927 2306 ἐν
966 2262 1253 2321 γεννητοῖς
1283 2248 1418 2322 μετὰ
1447 2249 1508 2305 τὸ
1544 2254 1765 2322 πρῶτον

154 2333 244 2388 καὶ
274 2330 579 2404 ἀγέννητον
608 2333 909 2403 ἀποκαλεῖ,
941 2336 1131 2403 σαφῶς
1163 2333 1505 2404 ἐκδιδάσκει,
1535 2331 1637 2403 τὴν
1666 2334 1766 2388 τοῦ

155 2415 357 2488 πατρὸς
382 2419 443 2474 ἐν
467 2414 614 2492 αὐτῷ
638 2422 973 2489 κατοίκησιν.
1020 2415 1122 2474 “ε’ν
1145 2415 1322 2492 τούτῳ
1345 2415 1450 2488 γάρ
1476 2415 1637 2488 (κατὰ
1666 2414 1765 2472 τὸν

156 2507 317 2557 θεῖον
341 2496 670 2574 ἀπόστολον)
692 2498 960 2573 εὐδόκησε
981 2504 1093 2557 πᾶν
1122 2500 1181 2557 τὸ
1212 2499 1481 2573 πλήρωμα
1510 2501 1606 2570 τῆς
1636 2496 1763 2555 θεό-
1787 2520 1809 2552 b

157 2604 313 2652 τητος
343 2581 713 2655 κατοικῆσαι.”
770 2590 815 2641 7.
848 2589 1008 2641 τοῦτο
1039 2589 1201 2656 δηλοῖ
1220 2582 1512 2655 φάσκουσα
1543 2578 1576 2654 ἡ
1602 2584 1762 2654 λέξις,

92 2685 135 2718 30
157 2661 240 2721 ὅτι
274 2667 333 2721 ἐν
363 2667 450 2721 σοὶ
487 2662 516 2722 ὁ
554 2666 685 2733 θεός
718 2671 830 2724 ἐστι
874 2669 965 2724 καὶ
1009 2665 1111 2724 οὐκ
1143 2673 1256 2724 ἔστι
1298 2665 1426 2733 θεὸς
1467 2665 1612 2739 πλήν
1642 2683 1758 2724 σου.

272 2858 324 2896 27
357 2855 453 2896 Col.
480 2857 517 2908 1,
543 2858 608 2898 19.
