1992 3186
571 139 879 181 DEMONST.
904 138 1122 180 EVANG.
1153 139 1279 182 VIII.
1311 140 1348 179 1.
1638 136 1740 190 531

134 255 199 314 ὃν
224 253 496 328 Ἀντίοχος
540 252 670 322 τούς
695 251 998 320 Ἰουδαίους
1036 252 1406 329 πολιορκήσας
1441 255 1747 326 ἑλληνίζειν

135 339 520 414 κατηνάγκαζε.
595 344 675 396 72.
710 338 842 412 μεθ’
886 335 952 396 ὃν
982 338 1221 413 προστὰς
1260 341 1372 396 τῶν
1406 338 1745 412 πραγμάτων

126 424 333 491 Ἰούδας
387 421 416 481 ὁ
463 426 783 495 ἐπικληθεὶς
824 430 1190 495 Μακκαβαῖος
1245 421 1582 498 ἐξεκάθηρεν
1632 427 1744 481 τῶν

133 506 352 581 ἀσεβῶν
394 507 496 581 τὴν
541 507 750 582 χώραν·
807 505 872 566 ὃν
912 507 940 565 ὁ
988 505 1228 580 ἀδελφὸς
1254 505 1523 581 Ἰωνάθης
1555 511 1745 565 διαδέ-

89 619 108 650 5
131 617 297 668 χεται.
361 595 452 650 καὶ
484 591 879 667 πάλινΣίμων,
912 584 981 650 οὗ
1003 590 1139 649 κατά
1162 591 1263 666 τὴν
1291 590 1556 665 τελευτὴν
1585 595 1743 664 ἕβδο-

130 703 235 752 μον
266 679 357 735 καὶ
392 677 802 751 ἑβδομηκοστὸν
832 677 921 734 καὶ
956 676 1249 734 ἑκατοστὸν
1281 682 1398 744 ἔτος
1430 679 1745 751 ἐξαριθμεῖ-

130 787 217 820 ται
248 766 343 836 τῆς
374 760 512 820 κατά
543 771 765 836 Συρίαν
795 758 964 835 ἀρχῆς
1004 760 1037 834 ἡ
1069 759 1258 834 πρώτῃ
1289 763 1602 834 καλουμένη
1633 766 1745 820 τῶν

131 853 521 920 Μακκαβαίων
564 853 785 919 βίβλος,
834 852 911 913 εἰς
940 849 1100 903 τοῦτο
1138 851 1237 902 τοῦ
1268 845 1472 920 χρόνου
1503 845 1745 903 καταλύ-

130 950 272 990 σασα
303 930 405 1004 τὴν
438 937 711 1006 ἱστορίαν·
748 935 828 987 73.
856 929 995 987 ὥστε
1016 929 1363 1002 συνάγεσθαι
1380 927 1486 987 άπὸ
1518 930 1741 1005 πρώτου

69 1041 107 1073 ω
133 1022 287 1082 ἔτους
318 1015 512 1090 Κύρου
542 1017 635 1073 καὶ
666 1018 907 1088 Περσῶν
938 1021 1223 1086 βασιλείας
1256 1017 1345 1072 ἐπὶ
1375 1013 1435 1072 τὸ
1466 1017 1618 1083 τέλος
1648 1020 1742 1088 τῆς

65 1463 104 1495 15

127 1103 239 1159 τῶν
269 1106 660 1173 Μακκαβαίων
704 1103 921 1172 γραφῆς
959 1102 1052 1156 καὶ
1094 1102 1183 1156 ἐπὶ
1222 1098 1325 1172 τὴν
1354 1105 1612 1172 Σίμωνος
1644 1104 1745 1157 τοῦ

127 1184 422 1259 ἀρχιερέως
440 1182 704 1256 τελευτὴν
733 1190 826 1256 ἔτη
848 1182 1171 1258 τετρακόσια
1196 1185 1560 1242 εἰκοσιπέντε·
1607 1181 1740 1257 μεθ’

128 1267 162 1327 ἂ
186 1268 454 1342 Ἰωνάθης
494 1268 596 1342 τὴν
635 1267 1079 1343 ἀρχιερωσύνην,
1125 1264 1198 1335 ὥς
1228 1267 1256 1326 ὁ
1293 1267 1555 1341 Ἰώσηπός
1586 1286 1742 1342 φησι,

130 1356 442 1428 διαδέχεται
466 1356 555 1412 ἐπὶ
581 1360 760 1411 ἔτεσιν
793 1356 954 1411 ἐννέα
983 1355 1076 1410 καὶ
1109 1363 1297 1411 εἴκοσι.
1351 1348 1482 1426 μεθ’
1511 1350 1577 1411 ὃν
1599 1351 1743 1428 Ἀρι-

129 1437 427 1511 στόβουλος
460 1436 716 1496 ἐνιαυτὸν
745 1436 976 1511 ἡγεῖται,
1008 1433 1067 1504 ὂς
1092 1443 1306 1512 πρῶτος
1336 1437 1472 1510 μετὰ
1501 1437 1602 1510 τὴν
1634 1437 1742 1495 άπὸ

127 1527 463 1597 Βαβυλῶνος
498 1522 772 1581 ἐπάνοδον
803 1521 1045 1595 διάδημα
1077 1520 1366 1593 βασιλικὸν
1396 1528 1743 1593 περιτίθεται

127 1607 262 1683 πρὸς
285 1613 351 1682 τῇ
376 1606 778 1682 ἀρχιερωσύνη.
835 1611 915 1664 74.
942 1609 1137 1664 τοῦτον
1164 1608 1474 1678 διαδέχεται
1489 1603 1744 1674 Ἀλέξαν-

130 1698 288 1767 δρος,
329 1692 589 1764 βασιλεὺς
629 1691 740 1764 ἅμα
781 1693 874 1748 καὶ
905 1688 1218 1766 ἀρχιερεύς,
1261 1696 1405 1747 ἔτεσι
1446 1691 1537 1747 καὶ
1580 1689 1743 1757 αὐτὸς

131 1775 266 1834 ἑπτα
311 1779 402 1834 καὶ
450 1786 622 1835 εἴκοσι
667 1775 910 1851 προστὰς
954 1779 1068 1833 τῶν
1111 1773 1478 1850 πραγμάτων·
1545 1780 1624 1841 είς
1676 1772 1742 1831 ὃν

64 1886 105 1918 20
129 1860 427 1934 συνάγεται
471 1859 538 1918 τά
582 1858 764 1918 πάντα
820 1859 928 1917 άπὸ
983 1857 1207 1933 πρώτου
1249 1866 1403 1925 ἔτους
1458 1865 1743 1931 βασιλείας

65 2310 105 2342 25

127 1945 322 2021 Κύρου
352 1948 444 2004 καὶ
489 1951 583 2020 τῆς
627 1943 735 2003 άπὸ
765 1947 1104 2017 Βαβυλῶνος
1152 1941 1429 2001 ἐπανόδου
1472 1948 1571 2000 τοῦ
1608 1940 1743 2001 Ἰου-

131 2035 305 2088 δαίων
351 2037 553 2099 ἔθνους
599 2037 691 2104 ἔτη
735 2029 1060 2104 τετρακόσια
1113 2027 1454 2101 ὀγδοήκοντα
1502 2026 1631 2099 δύο,
1676 2019 1744 2084 οὗ

129 2117 479 2191 προέστησαν
530 2112 830 2190 ἀρχιερεῖς,
872 2111 968 2180 οὒς
1017 2112 1256 2186 ἡγοῦμαι
1298 2111 1519 2187 χριστὸν
1571 2107 1743 2184 ἡγού-

128 2225 298 2274 μενον
341 2197 449 2259 ὑπὸ
494 2203 589 2274 τῆς
634 2206 972 2274 προφητείας
1013 2196 1395 2271 ὀνομάζεσθαι.
1481 2201 1561 2253 75.
1604 2195 1735 2269 μεθ’

129 2282 223 2353 οὓς
274 2284 702 2359 τελευτήσαντος
752 2288 851 2341 τοῦ
914 2280 1155 2342 ὑστάτου
1210 2279 1397 2339 αὐτῶν
1447 2279 1742 2356 ἀρχιερέως

123 2368 490 2445 Ἀλεξάνδρου
529 2369 883 2446 ἄναρχαδκαὶ
928 2365 1314 2442 άπροστάτητα
1358 2365 1423 2422 τά
1467 2368 1568 2422 τοῦ
1605 2364 1744 2420 Ἰου-

133 2459 310 2511 δαίων
349 2461 552 2522 ἔθνους
592 2452 974 2525 ἀπολείπεται,
1018 2451 1159 2508 ὥστε
1199 2457 1277 2516 εἰς
1318 2462 1555 2521 γυναῖκα
1586 2470 1739 2517 περι-

134 2541 327 2610 στῆναι
371 2537 472 2612 τὴν
518 2544 805 2610 βασιλείαν
849 2536 1050 2594 αὐτῶν.
1119 2537 1231 2591 τῶν
1277 2535 1339 2590 δὲ
1382 2531 1483 2589 δύο
1523 2537 1742 2588 παίδων

126 2620 551 2695 Ἀριστοβούλου
574 2624 666 2680 καὶ
680 2621 953 2696 Ὑρκανοῦ
976 2617 1394 2677 στασιασάντων
1416 2614 1551 2691 πρὸς
1578 2613 1742 2686 ἀλλή-

248 2845 273 2884 8
305 2845 516 2887 Maccab.
542 2845 576 2884 I.
604 2845 670 2893 16,
697 2845 762 2882 14.
895 2843 944 2883 13
975 2840 1162 2893 Ioseph.
1185 2839 1236 2881 A.
1258 2839 1301 2882 J.
1325 2838 1424 2890 XX,
1451 2839 1517 2890 10,
1542 2839 1580 2878 3.

137 2902 187 2941 16
219 2900 388 2953 Ioseph
412 2901 462 2939 A.
486 2900 527 2942 J.
552 2899 680 2949 XIII,
708 2901 773 2950 11,
800 2901 837 2938 1.
977 2899 982 2902 “

1337 2962 1444 3014 34*

1765 957 1855 999 (394)
