1992 3186
245 135 352 188 360
913 135 1163 179 EUSEBH

245 254 527 318 παντελως
555 257 800 357 «Qny'of'
853 253 946 307 καὶ
995 249 1068 317 ω’ς
1108 273 1282 324 φησιν
1323 249 1357 326 ἡ
1398 250 1754 327 προφητεία
1757 251 1858 323 ‘scs

246 333 427 410 ἅλμην
465 333 573 391 ἀπὸ
618 341 812 402 κακίας
852 358 965 392 των
995 335 1402 394 κατοικούντων
1441 334 1669 410 αύτήν.”
1732 338 1857 397 τού-

245 444 356 487 τοις
380 416 738 476 ἐπισυνάπτει
749 417 967 492 σφόδρα
987 416 1310 488 ἀκολούθως
1334 425 1658 499 προφητικῷ
1673 421 1858 500 τρόπω

246 502 620 575 αἰνιττόμενος
671 506 767 574 τῆς
817 501 988 560 πάλαι
1038 502 1242 577 ἐρήμου
1288 507 1380 562 καὶ
1423 505 1684 580 διψάδος,
1739 481 1859 580 ἥτόι

245 586 423 659 πάσης
465 585 774 660 ἀνθρώπου
814 591 1026 661 ψυχῆς,
1067 584 1102 660 ἢ
1133 592 1230 661 τῆς
1262 592 1316 657 ἐξ
1349 593 1536 648 ἐθνῶν
1568 593 1858 665 ἐκκλησίας
1881 614 1909 646 5·

243 669 347 744 τὴν
378 677 456 738 εἰς
488 667 778 743 εὐσέβειαν
807 669 1139 746 μεταβολὴν,
1169 671 1272 745 τήν
1294 697 1354 731 τε
1379 676 1438 731 ἐν
1469 681 1646 741 θείοις
1676 674 1860 747 λόγοις

244 761 649 830 καρποφορίαν.
724 761 768 813 7.
802 753 837 812 ἂ
877 758 970 813 καὶ
1009 756 1300 830 προδήλως
1343 763 1642 815 αἰνίττεται
1681 762 1860 831 λέγων

237 839 438 898 “ἔθετο
470 846 676 914 ἔρημον
698 846 776 906 εἰς
806 846 1003 914 λίμνας
1031 839 1282 898 ὑδάτων”
1319 844 1413 899 καὶ
1441 840 1507 899 τὰ
1538 846 1686 915 ἑξῆς·
1720 840 1860 918 ἅπερ

244 928 441 998 νοῆσαι
470 924 646 998 μόνου
675 927 777 982 τοῦ
805 923 954 999 παρὰ
983 929 1103 1002 θεῷ
1131 924 1331 998 γένοιτ’
1368 924 1439 984 ἂν
1470 931 1679 1000 σοφοῦ,
1723 924 1862 984 κατὰ

243 1009 346 1082 τὴν
388 1011 477 1066 ἐπὶ
517 1012 659 1067 τέλει
700 1013 798 1067 τοῦ
837 1013 1072 1083 Ψαλμοῦ
1109 1008 1372 1083 φήσασαν
1413 1010 1710 1084 ἐπαγωγὴν
1740 1010 1860 1078 “τίς
1884 1035 1928 1066 ιο

198 1119 220 1151 <1
245 1093 445 1167 σοφὸς,
478 1095 570 1151 καὶ
601 1092 833 1167 φυλάξει
863 1091 1103 1164 ταῦτα;”
1141 1096 1234 1151 καὶ
1263 1094 1329 1151 τὰ
1362 1098 1497 1167 ἑξῆς.

771 1316 904 1375 Ἀπὸ
943 1321 1177 1391 Ψαλμοῦ
1208 1317 1327 1391 ριζ’.

374 1440 495 1489 VIII.
540 1425 805 1486 “Αι’νεῖτε
844 1429 940 1486 τὸν
982 1428 1178 1503 κύριον
1216 1429 1396 1488 πάντα
1436 1430 1503 1487 τὰ
1544 1436 1713 1503 ἔθνη,
1767 1433 1859 1487 καὶ

134 1541 221 1581 (260)
249 1512 698 1571 ἐπαινεσάτωσαν
723 1512 893 1572 αυτὸν
914 1512 1115 1580 πάντες
1139 1519 1195 1571 οί
1214 1517 1365 1586 λαοὶ,
1405 1512 1487 1571 ὅτι
1514 1514 1862 1588 ἐκραταιτόθη

249 1597 338 1671 ἐφ’
384 1597 526 1671 ἡμας
565 1595 626 1654 τὸ
667 1604 816 1664 ἔλεος
856 1597 1064 1656 αὐτοῦ’
1157 1601 1250 1655 καὶ
1290 1623 1356 1655 τα
1401 1601 1524 1672 ἑξῆς
1562 1591 1642 1656 “cg
1684 1599 1859 1674 κύριε,
1887 1625 1931 1656 15

248 1700 432 1740 σωσον
474 1682 660 1755 δὴ,ω
642 1674 662 1698 ’
619 1682 891 1756 ωκύριε,
937 1681 1219 1740 εὐόδωσον
1261 1682 1345 1784 δη.
1429 1681 1792 1757 εὐλογημένος
1833 1680 1861 1740 6

249 1767 540 1840 ἐρχόμενος
573 1769 633 1823 ἐν
662 1763 890 1840 ὀνόματι
930 1773 1145 1841 κυρίου.
1216 1765 1351 1833 θεὸς
1390 1767 1579 1842 κύριος
1618 1770 1711 1823 καὶ
1743 1769 1861 1823 ἐπέ-

247 1874 432 1923 φανεν
461 1848 654 1924 ἡμῖν.”

137 1960 223 2003 [165]
377 1940 426 1992 2.
469 1938 582 1993 Καὶ
618 1934 820 1992 τούτου
859 1936 1128 2006 μέμνηται
1169 1931 1202 2004 ἡ
1243 1931 1366 2007 ἱερά
1395 1939 1492 1991 τοῦ
1534 1932 1862 2006 εὐαγγελίου

247 2021 435 2093 γραφὴ
473 2022 665 2084 τέλους
695 2016 1051 2090 τετυχηκότος
1081 2015 1320 2089 ὁπηνίκα
1355 2015 1383 2074 6
1417 2018 1599 2091 σωτὴρ
1631 2021 1724 2075 καὶ
1764 2017 1858 2075 κύ-
1882 2044 1927 2075 20

249 2126 364 2176 ριος
395 2098 554 2174 ημῶν
584 2100 748 2167 αὐτὸς
777 2097 805 2157 6
831 2099 1065 2174 Χριστὸς
1098 2099 1269 2175 εἰσῄει
1303 2107 1379 2167 εἰς
1407 2126 1471 2158 τα
1493 2100 1860 2175 Ιεροσόλυμα,

250 2183 393 2243 πολύ
423 2209 482 2243 τε
512 2189 727 2257 πλῆθος
758 2183 984 2258 ἀνδρων
1028 2187 1119 2242 καὶ
1151 2190 1372 2242 παίδων
1413 2189 1658 2259 προῆγεν
1689 2183 1863 2243 αὐτὸν

249 2268 370 2342 μετ’
419 2267 767 2343 εὐφροσύνης
809 2265 1227 2375 ἐπιβοωντων“
1237 2269 1308 2335 ὡς
1349 2267 1492 2327 ἀννα
1531 2274 1606 2345 τῷ
1648 2276 1756 2327 υίω
1786 2274 1864 2346 τῷ

206 2381 227 2413 b
251 2356 471 2426 Λαβὶδ,
506 2352 870 2427 εὐλογημένος
900 2349 928 2410 6
963 2352 1252 2427 ἐρχόμενος
1285 2357 1344 2410 ἐν
1374 2350 1603 2426 ὀνόματι
1640 2360 1862 2426 κυρίου,

251 2437 323 2505 ὡς
354 2436 497 2495 άννά
529 2441 589 2495 ἐν
618 2452 731 2504 τοῖς
760 2433 1050 2543 υψίστοιςῖ
1142 2435 1265 2494 ἀντὶ
1305 2435 1410 2511 γὰρ
1449 2440 1549 2494 τοῦ
1597 2432 1660 2492 ὠ
1702 2436 1858 2511 κύριε
1881 2461 1924 2492 25

251 2526 435 2580 σῶσον
480 2519 586 2594 δή”
627 2524 886 2595 κειμένου
940 2525 1000 2578 ἐν
1050 2546 1124 2578 τω
1172 2523 1384 2597 Ψαλμω
1423 2519 1482 2578 τὸ
1526 2517 1638 2587 “cog
1678 2518 1839 2578 ἀννά’

242 2603 679 2681 Εβραϊκιότερον
719 2605 1025 2679 φάσκοντες
1068 2583 1338 2676 ἐπεβόων·
1399 2603 1759 2678 ἑρμηνεύεται
1802 2605 1862 2661 δε

250 2693 412 2748 τοῦτο
444 2694 627 2748 σῶσον
660 2689 742 2763 δή.
791 2695 839 2748 3.
874 2691 964 2747 καὶ
995 2688 1054 2746 τὸ
1077 2686 1482 2762 “ε<ὐλογημένος
1512 2686 1540 2746 ὁ
1574 2687 1862 2765 ἐρχόμενος

369 2884 421 2923 23
452 2883 615 2922 Matth.
640 2885 707 2932 21,
733 2886 773 2926 9.
