1992 3186
589 128 894 171 DEMONST.
922 129 1140 172 EVANG.
1172 129 1248 170 VI.
1282 130 1349 172 18.
1419 104 1433 119 ’
1663 127 1768 181 395

1019 240 1094 262 -22

159 243 327 316 αὐτῆς
367 246 428 301 ἐν
466 247 713 319 ῥομφαίᾳ
752 240 1051 301 ἆποκτενω.
1164 247 1247 300 40.
1285 239 1359 299 δι’
1406 235 1485 302 ὦν
1529 242 1767 317 ἡγοῦμαι

157 333 526 397 θεσπίζεσθαι
565 325 662 384 τὸν
703 325 960 401 σεισμόν,
1010 330 1103 384 καὶ
1140 324 1242 400 τὴν
1280 333 1611 402 καθαίρεσιν
1655 331 1768 385 τῶν

158 410 325 469 πάλαι
357 416 578 486 σεμνῶν
615 416 715 469 τοῦ
748 411 1036 470 Ἰουδαίων
1076 418 1280 477 ἔθνους
1320 413 1412 468 καὶ
1451 415 1546 484 τῆς
1589 415 1768 469 ἐπιτε-

158 499 427 570 λουμένης
465 493 564 553 ὑπ’
609 494 797 553 αὐτῶν
837 500 898 553 ἐν
941 500 1006 568 τῆ
1038 493 1391 569 Ἰερουσαλὴμ
1440 502 1764 570 θρησκείας,

113 606 133 638 5
156 579 259 652 τήν
295 604 354 637 τε
394 576 675 637 ἀπώλειαν
715 580 818 652 τὴν
856 584 1238 653 μετελθοῦσαν
1269 578 1472 646 αὐτοὺς
1502 579 1636 653 μετὰ
1666 579 1768 653 τὴν

154 666 255 722 τοῦ
284 667 528 738 σωτῆρος
566 660 724 736 ἡμῶν
763 670 1104 738 παρουσίαν,
1149 660 1240 720 ὅτε
1269 667 1767 738 παραιτησαμένων

155 745 342 804 αὐτῶν
379 747 477 804 τὸν
517 746 755 820 Χριστὸν
793 752 891 804 τοῦ
930 751 1099 820 θεοῦ,
1140 745 1236 804 τὸν
1275 745 1458 819 αληθῆ
1489 747 1763 822 ἀρχιερέα,
1790 773 1879 814 (292)

155 835 331 906 λέπρα
376 828 512 888 κατὰ
552 836 665 888 τῶν
705 834 901 905 ψυχων
946 792 1279 903 ἐξήνθησεν,
1321 829 1508 906 ω’σπερ
1539 833 1644 889 οὐν
1673 834 1765 889 καὶ

156 917 245 971 ἐπὶ
275 918 376 972 τοῦ
402 912 605 987 Ὀζίου,
637 913 727 972 ότε
757 917 848 972 καὶ
879 913 1096 991 ἆορατςο
1138 913 1373 987 δυναμει
1413 914 1575 981 αὐτὸς
1604 911 1632 973 ὃ
1665 915 1767 973 κύ-

93 1025 134 1057 10
157 1023 272 1074 ριος
319 999 540 1065 ἐπιστὰς
579 1002 657 1075 τῷ
703 1004 1089 1075 θυσιαστηρίῳ
1131 995 1318 1055 αὐτῶν
1356 997 1459 1071 τὴν
1510 1002 1767 1067 ἐξουσίαν
1791 1024 1876 1066 [181]

157 1089 331 1140 ἔδωκε
361 1086 435 1159 τῷ
468 1081 833 1155 πατάσσοντι,
865 1101 1047 1155 φησας
1071 1078 1350 1149 “ποέταξον
1371 1083 1431 1139 τὸ
1455 1084 1767 1156 θυσιαστή-

303 1165 334 1186 22
1595 1163 1626 1187 t(
1652 1164 1664 1185 2

155 1191 291 1241 ριον.
396 1171 481 1224 41.
517 1166 752 1240 δυναμει
782 1171 922 1239 γοῦν
951 1171 1111 1223 τοῦτο
1154 1165 1356 1239 ἐδήλου
1396 1168 1574 1239 λέγων
1633 1174 1766 1240 αφί-

156 1273 271 1308 εται
309 1250 445 1324 ὑμῖν
484 1249 512 1307 ὁ
554 1250 702 1317 οικος
741 1250 898 1324 ὑμῶν
938 1258 1151 1325 ἕρημος.
1161 1247 1192 1270 ”
1265 1247 1462 1308 αὐτίκα
1506 1254 1644 1323 γοῦν
1676 1254 1765 1308 ἐπὶ

615 1331 693 1352 me(
742 1333 753 1350 ἱ

154 1339 229 1411 τῷ
261 1333 433 1392 παθει
466 1358 638 1391 αυτου
699 1359 758 1392 το
790 1337 1178 1407 καταπέτασμα
1215 1337 1314 1392 τοῦ
1351 1341 1492 1393 ναοῦ
1535 1339 1765 1409 ἐσχίσθη

91 1444 131 1475 15
155 1416 262 1475 ἀπὸ
293 1416 518 1476 ἄνωθεν
548 1422 649 1485 ἕως
681 1415 884 1491 κατω,”
918 1416 1102 1492 ὥσπερ
1132 1421 1236 1476 οῦν
1265 1418 1293 1475 ὁ
1330 1415 1587 1492 Ἰώσηπος
1619 1425 1766 1476 ἱστο-

156 1515 243 1574 ρεῐ
271 1504 560 1575 γεγονέναι
590 1527 727 1559 κατα
756 1526 882 1569 τους
906 1501 1082 1571 Ὀζίου
1121 1501 1377 1576 χρόνους
1421 1503 1538 1560 εἶτα
1568 1503 1766 1577 πρότε-

156 1610 256 1657 ρον
284 1587 388 1659 μὲν
419 1589 646 1659 ἐσείσθη
675 1584 740 1644 τὰ
773 1584 1051 1687 πρόπυλα,
1082 1582 1172 1643 ὅτε
1201 1585 1235 1659 ἡ
1265 1589 1338 1658 γῆ
1369 1590 1598 1659 ἐσείσθη
1629 1586 1767 1643 κατὰ

155 1668 252 1727 τὸν
281 1672 382 1727 τοῦ
409 1669 629 1738 πάθους
661 1669 838 1727 αυτοῦ
867 1668 1084 1743 καιρόν·
1142 1667 1264 1743 μετ’
1297 1668 1364 1727 οὐ
1405 1668 1547 1728 πολῦ
1581 1671 1643 1727 δε
1673 1673 1763 1727 καὶ
1790 1695 1811 1727 b

152 1752 254 1826 τὴν
286 1753 520 1827 ἐσχατην
559 1750 821 1827 ὑπέμεινε
861 1771 1102 1826 πτωσιν,
1145 1752 1334 1827 λαβών
1375 1778 1432 1811 τε
1477 1753 1580 1826 τὴν
1611 1757 1762 1822 ἐξου-

89 1862 131 1894 20
156 1844 285 1895 σίαν
333 1834 362 1894 ὁ
417 1836 717 1896 πατασσων
768 1839 1026 1906 διέκοψεν
1078 1843 1154 1903 εἰς
1205 1835 1446 1910 κεφαλας
1487 1860 1763 1895 απαντων.

154 1926 237 1978 42.
274 1946 410 1979 κατα
438 1929 600 1979 τοῦτο
642 1922 710 1994 δὴ
742 1923 845 1979 οὐν
873 1924 974 1979 τοῦ
1003 1926 1198 1995 καιροῦ
1241 1923 1332 1978 καὶ
1373 1918 1406 1994 ἡ
1438 1920 1623 1988 κοιλας
1654 1925 1766 1979 τῶν

155 2009 253 2063 τοῦ
285 2008 426 2062 θεοῦ
464 2004 641 2079 ὀρέων
682 2004 988 2079 ἐνεφραγη,
1038 2003 1223 2079 ὥσπερ
1263 1998 1367 2063 οῦν
1407 2008 1637 2078 γέγονεν
1679 2008 1764 2062 ἐπὶ

149 2088 350 2158 Ὀζίου·
397 2089 533 2162 πρὸς
562 2114 662 2163 μεν
694 2089 860 2164 ῥητὸν
891 2092 983 2146 καὶ
1015 2092 1163 2157 λέξιν
1196 2113 1332 2146 κατα
1360 2087 1463 2161 τὴν
1486 2086 1767 2163 Ρωμαίων

156 2179 512 2247 πολιορκίαν,
555 2172 683 2231 καθ’
730 2171 802 2245 ἣν
840 2173 992 2247 οἶμαι
1034 2179 1319 2247 συμβῆναί
1353 2197 1478 2230 τινα
1517 2180 1765 2245 τοιαῦτα,

93 2281 134 2311 25
159 2256 294 2331 πρὸς
344 2258 405 2313 δὲ
446 2255 700 2314 διάνοιαν
738 2256 828 2314 ὅτε
866 2253 900 2329 ἡ
942 2256 1224 2331 σωματικὴ
1275 2259 1367 2314 καὶ
1409 2260 1766 2327 ταπεινοτέρα

155 2344 254 2398 τοῦ
285 2342 536 2407 Μωσέως
566 2340 742 2415 νόμου
773 2348 998 2415 λατρεία
1021 2339 1361 2413 ἀπεκλείσθη
1387 2347 1462 2407 εἰς
1485 2341 1546 2397 τὸ
1575 2343 1767 2413 μηκέτι

160 2427 510 2496 ἐνεργεῖσθαι
556 2423 646 2481 διὰ
684 2423 783 2482 τὸν
823 2423 1049 2498 σεισμὸν
1079 2423 1175 2482 τὸν
1216 2423 1523 2481 ἐπελθόντα
1554 2446 1765 2495 προφη-

158 2511 320 2572 τικῶς
352 2511 405 2574 ἐξ
426 2511 642 2566 ἐκείνου
665 2512 743 2585 τῷ
763 2508 1052 2566 Ἰουδαίων
1069 2514 1242 2580 ἔθνει,
1275 2510 1367 2564 καὶ
1394 2505 1485 2562 διὰ
1514 2506 1579 2562 τὰ
1603 2504 1766 2563 λοιποὶ

159 2589 225 2646 τὰ
255 2587 726 2665 ἀναγεγραμμένα.
788 2592 923 2664 μετὰ
952 2597 1124 2649 ταῦτα
1150 2587 1516 2662 ἐπαναλαβῶν
1545 2589 1574 2646 ὁ
1607 2588 1765 2662 λόγος

98 2696 139 2727 30
161 2672 262 2746 τὴν
291 2676 389 2729 τοῦ
430 2680 626 2747 κυρίου
667 2682 984 2749 παρουσίαν
1022 2676 1363 2747 σαφέστερον
1402 2671 1765 2746 ἇνακηρῦττει

279 2867 331 2904 14
360 2865 525 2907 Matth.
549 2867 617 2918 27,
642 2866 709 2908 51.
