1992 3186
552 138 860 182 DEMONST.
891 138 1111 181 EVANG.
1141 139 1195 179 V.
1229 140 1295 180 12.
1330 146 1396 188 13.
1652 137 1755 189 331

144 254 228 314 ὅτι
256 252 524 328 προσάγει
557 258 728 324 ἰδεῖν,
762 252 1025 311 ἐκάλεσεν
1055 251 1227 311 αὐτὸν
1251 255 1311 310 ἐκ
1327 255 1499 327 μέσου
1529 256 1631 311 τοῦ
1659 253 1756 326 βά-

143 363 242 398 του
284 340 491 411 λέγων,
541 342 718 410 Μωσῆ
769 342 972 410 Μωσῆ,
1014 336 1087 411 μὴ
1129 341 1351 412 ε’γγίσῃς
1393 330 1517 395 ὦδε.
1594 340 1756 396 λῦσαι

143 423 204 481 τὸ
244 419 504 496 ὑπόδημα
543 428 656 480 τῶν
696 427 887 480 ποδῶν
917 438 1044 480 σου·
1099 418 1129 479 5
1169 421 1273 496 γὰρ
1320 421 1486 488 τόπος
1518 425 1578 479 ἐν
1610 414 1654 499 ᾧ
1683 423 1753 479 σύ

145 511 375 580 ἕστηκας
423 510 494 580 γῆ
543 505 675 579 ἁγία
727 503 895 564 ἐστί.”
981 509 1073 564 καὶ
1108 504 1229 607 μετ’
1271 503 1494 580 ὀλίγα“
1504 509 1598 564 καὶ
1637 506 1756 564 εἷπε

100 590 332 666 52<²5Q⁶09
371 590 507 665 πρὸς
553 588 752 663 αὐτὸν,
797 590 905 663 ἐγώ
951 597 1060 664 εἰμι
1097 587 1126 648 5
1169 589 1263 650 ὤν.
1274 588 1303 610 ”
1375 596 1424 648 2.
1457 593 1549 648 καὶ
1590 583 1756 658 αὖθις
1782 614 1806 647 <1

135 673 405 749 “ε’λάλησε
435 674 626 746 κύριος
656 675 793 750 πρὸς
825 679 1074 748 Μωσῆν,
1120 678 1214 733 καὶ
1245 675 1364 734 εἷπε
1394 674 1530 750 πρὸς
1561 673 1751 749 αὐτὸν,

144 758 249 833 ἐγώ
279 758 468 834 κύριος
512 758 717 834 ὤφθην
757 759 894 832 πρὸς
920 757 1162 834 Ἀβρααμ
1203 763 1294 817 καὶ
1321 757 1502 817 Ἰσαάκ
1532 762 1625 817 καὶ
1652 757 1756 818 Ἰα-

143 844 288 917 κώβ,
319 843 452 912 θεὸς
482 840 562 901 ω”ν
593 841 799 915 αὐτῶν,
831 845 923 900 καὶ
954 844 1014 900 τὸ
1043 842 1218 917 ὄνομά
1240 869 1348 917 μου
1371 844 1472 902 οὐκ
1504 844 1756 917 ἐδήλωσα

142 928 357 1000 αὐτοῖς,
390 930 481 986 καὶ
514 934 715 1000 ἔστησα
744 926 848 1000 τὴν
879 926 1160 1000 διαθήκην
1189 953 1296 1000 μου
1327 928 1462 1001 πρὸς
1493 925 1750 996 αὐτούς.”

79 1038 122 1070 10
270 1017 318 1071 3.
358 1011 570 1086 ’Ὠσπερ
625 1014 714 1069 ἐπὶ
763 1016 876 1069 τῶν
930 1015 990 1069 έν
1050 1010 1371 1087 ἀνθρώποις
1434 1018 1753 1086 προφητῶν,

134 1096 363 1156 Ἡσαΐου
393 1098 528 1170 φέρε
559 1102 739 1154 εἰπεῖν
768 1099 862 1153 καὶ
882 1095 1148 1170 Ἱερεμίου
1189 1099 1281 1153 καὶ
1321 1100 1435 1153 τῶν
1463 1105 1755 1169 παραπλη-

141 1190 308 1254 σίων,
339 1180 639 1255 ἅνθρωπος
668 1182 773 1255 μὲν
800 1172 873 1252 ἦν
901 1180 963 1237 τὸ
994 1179 1307 1254 ὁρεόμενον,
1347 1179 1479 1248 θεὸς
1511 1181 1572 1237 δὲ
1601 1179 1630 1237 ὁ
1664 1180 1755 1237 διὰ

142 1272 242 1323 τοῦ
271 1268 642 1339 φαινομένου,
685 1261 758 1332 ὦς
788 1262 858 1322 ἂν
890 1262 965 1322 δι’
998 1263 1270 1338 ὀργάνου,
1311 1272 1622 1337 θεσπίζων,
1663 1268 1755 1322 καὶ

142 1350 264 1407 τοτὲ
285 1351 388 1423 μὲν
410 1352 652 1421 Χριστοῦ
669 1348 987 1450 πρόσωπον,
1011 1350 1150 1450 τοτὲς
1156 1350 1219 1406 δὲ
1240 1348 1548 1423 πνεύματος
1572 1346 1754 1422 ἁγίου,

82 1458 123 1490 15
144 1458 266 1491 τοτε
297 1435 358 1490 δε
396 1437 495 1491 τοῦ
538 1436 627 1490 ἐπὶ
665 1432 891 1490 πάντων
929 1438 1069 1491 θεοῦ
1114 1425 1185 1505 ἦν
1217 1434 1309 1491 δια
1338 1439 1436 1491 τοῦ
1466 1432 1755 1532 προφήτου

146 1523 501 1622 χρηματιζον,
543 1516 689 1575 οὕτω
724 1516 792 1589 δὴ
822 1519 914 1574 καὶ
943 1520 1051 1575 νῦν
1082 1521 1420 1594 εἰσαγομένῳ
1449 1521 1527 1593 τῷ
1556 1527 1762 1575 Μωσεῖ

143 1601 173 1659 ὁ
211 1599 474 1660 ἀνωτάτω
512 1604 605 1658 καὶ
651 1602 739 1658 ἐπὶ
784 1599 1010 1658 πάντων
1049 1598 1182 1667 θεὸς
1225 1604 1316 1657 δια
1354 1605 1454 1658 τοῦ
1484 1604 1756 1707 φανέντος

142 1685 382 1759 αγγέλου
419 1709 487 1742 τα
531 1692 867 1759 προκείμενα
897 1690 1166 1753 θεσπίζει.
1239 1689 1288 1742 4.
1322 1709 1402 1742 ων
1430 1688 1644 1757 γένοιτο
1686 1681 1758 1743 ἂν
1781 1706 1871 1746 (240)

142 1769 171 1828 5
202 1777 337 1836 νοῦς
366 1768 615 1841 τοιόσδε,
646 1771 734 1827 σοὶ
765 1794 892 1842 μεν,
925 1771 968 1826 ὠ
1000 1774 1286 1842 προφῆτα,
1334 1767 1406 1835 ὡς
1439 1793 1509 1825 αν
1542 1775 1755 1841 εἰσαγο-

81 1879 123 1911 20
145 1856 294 1932 μένῳ
325 1857 418 1911 καὶ
447 1855 623 1928 μηδεν
652 1856 823 1911 πλέον
853 1852 1145 1926 ἀγγελικῆς
1174 1851 1439 1920 ὀπτασίας
1462 1857 1753 1927 χωροῦντι,

144 1942 280 2006 τέως
308 1936 406 1996 τόν
437 1936 570 2012 ε’μόν
597 1936 834 2011 ἄγγελον
859 1936 1180 2010 ἐβουλήθην
1200 1933 1453 2011 ὀφθῆναι
1469 1982 1482 2008 ,
1517 1939 1758 2010 ἐμαυτοῦ

145 2045 204 2080 τε
233 2020 475 2096 τοῦνομά
506 2042 592 2081 σοι
621 2020 796 2094 μόνον
826 2023 1066 2094 ἐμφανὲς
1095 2027 1426 2095 καθίστημι,
1471 2019 1757 2078 διδάσκων
1781 2041 1867 2083 [151]

144 2105 228 2164 ὅτι
258 2106 366 2179 ἐγώ
397 2113 509 2180 εἰμι
537 2105 566 2163 ὁ
598 2102 697 2178 ὧν,
729 2107 822 2163 καὶ
851 2104 934 2163 ὅτι
963 2104 1024 2163 τὸ
1054 2102 1229 2179 ὄνομά
1251 2105 1360 2179 μού
1392 2109 1507 2163 ε’στι
1538 2103 1752 2178 κύριος·

143 2203 258 2258 τοῖς
290 2191 353 2248 δὲ
382 2205 501 2257 σοῖς
530 2189 803 2263 πατράσιν
833 2188 900 2247 οὗ
930 2193 1090 2247 τοῦτο
1115 2188 1289 2264 μόνον
1314 2189 1585 2263 ἐδήλωσα,
1618 2186 1756 2246 ἀλλὰ

84 2297 125 2330 25
147 2277 239 2332 καὶ
268 2274 469 2332 τούτου
508 2282 694 2348 μεῖζον
738 2273 1128 2348 ἐδωρησάμην·
1171 2272 1376 2348 ὤφθην
1415 2273 1521 2347 γὰρ
1552 2271 1754 2340 αὐτοῖς.

146 2366 229 2426 τίς
270 2357 326 2415 δ’
373 2350 445 2431 ἦν
483 2358 512 2415 ὁ
543 2372 656 2424 τοῖς
686 2357 962 2432 πατράσιν
990 2357 1221 2431 ὀφθεὶς,
1263 2361 1357 2416 καὶ
1385 2357 1468 2415 ὅτι
1498 2357 1572 2430 μὴ
1602 2353 1631 2413 5
1666 2358 1756 2412 ἐπὶ

147 2441 373 2500 πάντων
401 2441 534 2509 θεὸς
551 2487 566 2514 ,
598 2445 1093 2516 προαποδέδεικται
1112 2487 1127 2514 ,
1166 2440 1334 2514 ἡνίκα
1363 2441 1460 2499 τὸν
1496 2440 1636 2497 θεὸν
1664 2441 1758 2496 καὶ

149 2523 246 2582 τὸν
283 2524 479 2599 κύριον
517 2524 755 2598 ἄγγελον
794 2529 937 2584 θεοῦ
970 2524 1295 2599 ὠνομάσθαι
1338 2528 1753 2596 ἑπεδείκνυμεν.
1781 2545 1803 2577 b

149 2611 198 2664 5.
231 2612 345 2674 πῶς
375 2601 477 2666 οὗν
507 2612 752 2668 ἐνταῦθα
781 2606 810 2667 ὁ
842 2611 1097 2667 ἐπέκεινα
1125 2615 1236 2666 τῶν
1265 2605 1439 2680 ὅλων,
1483 2604 1646 2674 αὐτὸς
1678 2602 1758 2664 ὧν

88 2713 131 2745 30
153 2687 182 2747 ὁ
212 2690 378 2764 μόνος
409 2693 500 2749 ἐπὶ
528 2692 753 2750 πάντων
773 2692 925 2765 θεὸς,
959 2685 1158 2766 ὦφθαί
1174 2711 1312 2764 φησι
1338 2706 1452 2757 τοῖς
1485 2689 1757 2765 πατράσιν

154 2773 376 2846 ζητήσαι
406 2772 478 2832 ἄν
506 2800 586 2842 τις
619 2776 856 2844 εἰκότως.
912 2783 1113 2849 λυθείη
1145 2775 1195 2833 δ’
1233 2771 1303 2833 ἂν
1331 2774 1392 2833 τό
1423 2776 1676 2848 ζητηθὲν,
1710 2780 1760 2832 εἰ

152 2862 217 2932 τῇ
248 2857 502 2934 ἀκριβείᾳ
540 2861 637 2931 τῆς
675 2867 836 2928 θείας
874 2864 1090 2935 γραφῆς
1133 2858 1538 2933 ἐπιστήσαιμεν.
1600 2867 1758 2931 λεγο-
