1946 3158
204 118 274 169 90
880 116 1126 158 EUSEBII

207 239 416 303 δίκαιος
447 236 538 291 καὶ
570 233 777 304 σώζων,
812 231 978 300 αὐτὸς
1005 237 1177 307 πρᾶος
1220 237 1311 292 καὶ
1345 234 1685 309 ἐπιβεβηκώς
1719 237 1806 292 ἐπὶ

202 316 501 393 ὑποζύγιον
532 321 622 376 καὶ
655 322 842 375 πῶλον
872 319 1030 391 νέον,
1060 321 1152 376 καὶ
1185 318 1566 393 ἐξολοθρεύσει
1593 317 1807 394 ἅρματα
1831 367 1836 376 .

204 408 258 473 ἐξ
284 401 536 478 Ἐφραῒμ,
568 406 659 460 καὶ
690 408 861 460 ἵππον
887 405 939 471 ἐξ
963 403 1340 476 Ἰερουσαλὴμ,
1365 407 1455 461 καὶ
1480 403 1809 477 ἐξολοθρεύ-

203 508 286 546 σει
317 488 474 557 τόξον
504 485 826 560 πολεμικόν·
861 488 953 544 καὶ
986 491 1200 560 πλῆθος
1234 487 1454 563 εἰρήνης
1506 492 1558 557 ἐξ
1602 491 1805 560 ἐθνῶν,

203 575 295 630 καὶ
326 572 579 647 κατάρξει
609 570 716 628 ἀπὸ
761 570 1047 644 θαλάσσης
1079 575 1180 638 ἕως
1211 572 1522 647 θαλάσσης,
1566 576 1656 630 καὶ
1698 572 1806 630 άπὸ
1829 595 1849 627 5

204 660 467 731 ποταμῶν
498 655 572 714 δι’
612 659 861 729 ἐκβολῶν
891 653 1039 729 γῆς.”

637 796 745 856 κθ’.
775 794 904 856 Ἀπὸ
934 801 1032 855 τοῦ
1065 804 1379 871 Μαλαχίου.

201 906 496 973 Παραίτησις
519 906 602 948 τοῦ
618 899 870 949 Ἰουδαίων
893 903 1084 958 ἔθνους,
1114 904 1198 948 καὶ
1223 906 1307 960 τῆς
1337 921 1460 948 κατα
1484 906 1568 950 τὸν
1597 903 1807 955 Μωσέως

200 960 348 1018 νόμον
369 963 639 1031 σωματικῆς
663 957 822 1005 αυτῶν
843 963 1108 1016 θρησκείας
1128 955 1342 1016 ἄρνησις,
1367 963 1451 1027 τῇς
1484 958 1566 1006 δια
1597 964 1805 1018 Χριστοῦ

279 1020 395 1062 πᾶσι
417 1024 515 1068 τοῖς
539 1016 704 1062 ἔθνεσι
725 1018 1092 1074 παραδοθείσης
1114 1019 1441 1074 πνευματικῆς
1464 1021 1698 1074 λᾞατρειας
1828 1027 1869 1058 10

111 1122 179 1162 (56)
325 1104 503 1166 “Oine
543 1114 658 1165 ἐστι
698 1132 805 1181 μου
845 1110 1063 1180 θέλημα
1106 1111 1167 1166 ἐν
1205 1104 1372 1181 υμῖν,
1433 1109 1578 1181 λέγει
1619 1107 1808 1181 κύριος

202 1187 617 1268 παντοκράτωρ,
659 1195 751 1250 καὶ
805 1198 1018 1251 θυσίαν
1063 1189 1130 1249 οὐ
1185 1195 1554 1267 προσδέξομαι
1607 1196 1665 1251 ἐκ
1695 1197 1808 1252 τῶν

201 1282 403 1352 χειρῶν
436 1274 612 1351 ὑμῶν.
685 1276 825 1335 διότι
854 1273 946 1335 ἀπ’
985 1274 1272 1336 ἀνατολῶν
1311 1277 1474 1350 ἡλίου
1519 1281 1611 1334 καὶ
1651 1280 1807 1352 μέχρι

202 1366 432 1436 δυσμῶν
461 1362 520 1420 τὸ
550 1360 723 1437 ὄνομά
753 1386 859 1436 μου
892 1362 1220 1431 δεδόξασται
1246 1365 1305 1421 ἐν
1334 1378 1448 1430 τοῖς
1472 1370 1681 1436 ἔθνεσι,
1715 1365 1808 1420 καὶ

201 1451 262 1504 ἐν
291 1449 454 1505 παντὶ
485 1445 634 1524 τόπῳ
664 1453 921 1520 θυμίαμα
953 1445 1288 1522 προσάγεται
1317 1450 1395 1524 τῷ
1417 1446 1650 1520 ὀνόματί
1674 1472 1801 1521 μου,
1827 1465 1867 1496 1⁵

197 1533 291 1588 καὶ
322 1539 502 1589 θυσία
534 1530 772 1606 καθαρά.
821 1530 961 1590 διότι
992 1534 1130 1606 μέγα
1160 1531 1220 1590 τὸ
1251 1531 1425 1605 ὄνομά
1455 1556 1562 1605 μου
1603 1536 1663 1590 ἐν
1692 1547 1807 1598 τοῖς

200 1623 412 1689 ἔθνεσι,
445 1618 590 1689 λέγει
620 1616 807 1691 κύριος
846 1614 1271 1691 παντοκράτωρ,
1330 1615 1489 1690 ὑμεῖς
1532 1618 1594 1674 δὲ
1635 1622 1807 1689 βεβη-

199 1705 360 1758 λοῦτε
390 1698 572 1759 αὐτό.”

674 1784 734 1842 λ’.
793 1782 923 1844 'And
952 1789 1051 1843 τοῦ
1075 1783 1320 1844 Ἠσαίου.

175 1907 302 1949 ι)Τοῦ
327 1902 581 1956 Ἰουδαίων
613 1905 790 1955 ἔθνους
818 1901 1091 1956 απόπτωσις
1122 1903 1263 1977 λόγου
1295 1921 1344 1949 τε
1374 1907 1510 1957 θεοῦ,
1542 1906 1624 1950 καὶ
1654 1904 1802 1975 νόμου
1826 1922 1867 1955 20

203 1964 398 2018 καινοῦ,
421 1964 556 2006 οἴκου
579 1977 628 2006 τε
651 1957 800 2005 αὐτοῦ
824 1961 1112 2016 φανέρωσις,
1155 1962 1238 2006 καὶ
1267 1964 1360 2006 τῶν
1390 1939 1548 2007 ἐθνῶν
1577 1960 1802 2008 ἁπάντων

755 2013 998 2075 ευσεβείας
1022 2020 1239 2075 δήλ.ωσις

330 2112 409 2165 11.
448 2106 1086 2180 “Ἐγκαταλειφθήσεται
1141 2107 1174 2181 ἡ
1227 2106 1482 2182 θυγάτηρ
1532 2107 1688 2166 Σιῶν
1730 2106 1802 2175 ῶς

109 2203 173 2246 [3⁷]
201 2192 378 2266 σκηνὴ
410 2196 471 2251 ἐν
493 2189 795 2266 ἀμπελῶνι,
828 2194 916 2249 καὶ
943 2188 1015 2258 ῶς
1044 2191 1509 2301 ὀπωροφυλάκιον
1528 2195 1587 2251 ἐν
1611 2212 1806 2265 σικυη-

198 2275 375 2354 ράτῳ,
411 2275 482 2343 ῶς
524 2274 679 2344 πόλις
712 2275 1199 2351 πολιορκουμένηῗ
1263 2280 1354 2335 καὶ
1401 2280 1522 2350 ἑξῆς
1565 2279 1801 2349 ἐπιλέγει
1824 2303 1865 2334 25

189 2357 221 2381 “
239 2365 355 2429 πῶς
388 2364 601 2435 ἐγένετο
632 2359 809 2434 πόρνη
841 2360 996 2428 πόλις
1028 2361 1191 2434 πιστὴ
1224 2361 1401 2434 Σιῶν,
1435 2366 1495 2419 ἐν
1526 2353 1562 2436 ᾗ
1593 2365 1799 2418 δικαιο-

196 2445 338 2520 σύνη
373 2444 639 2520 ἐκοιμήθη
674 2449 733 2503 ἐν
765 2444 924 2520 αὐτῆ,
956 2449 1063 2504 νῦν
1106 2447 1167 2503 δε
1200 2443 1523 2519 φονευταί;”
1582 2449 1663 2503 12.
1709 2449 1799 2502 και

197 2532 287 2589 ἐπὶ
318 2529 530 2597 τούτοις
579 2532 830 2589 ἔσονται
869 2530 973 2631 γὰρ
1016 2526 1087 2597 ῶς
1122 2533 1445 2603 τερέβινθος
1486 2526 1802 2602 ἀποβεβλη-

197 2628 327 2673 κυῖα
357 2616 422 2673 τὰ
452 2614 666 2690 φύλλα,
711 2617 801 2673 καὶ
847 2612 919 2683 ῶς
959 2613 1292 2690 παράδεισος
1331 2612 1487 2688 ὕδωρ
1526 2614 1599 2688 μὴ
1641 2621 1798 2689 ἔχων.

195 2701 287 2756 καὶ
321 2706 471 2757 ἔσται
501 2698 534 2773 ἡ
567 2699 723 2774 ἰσχὺς
763 2698 948 2758 αὐτῶν
988 2698 1060 2768 ῶς
1099 2698 1313 2773 καλάμη
1355 2704 1662 2772 στυππίου,
1707 2701 1799 2756 καὶ
1822 2723 1863 2756 30

312 2881 361 2918 11
394 2878 565 2920 Ma1.1.
593 2881 658 2923 10.
832 2882 885 2922 23
908 2881 984 2921 Es.
1020 2882 1059 2932 1,
1083 2881 1123 2922 8.
1165 2881 1230 2920 21.
1254 2881 1320 2923 30.
