1992 3186
253 145 357 196 278
925 145 1174 187 EUSEBII

248 259 345 318 τὸν
375 258 509 318 λαόν
541 267 620 327 εἰς
649 260 751 333 τὴν
774 263 880 332 γῆν
902 263 996 332 τῆς
1022 263 1370 334 ἐπαγγελίας·
1421 268 1472 319 εἰ
1501 259 1554 319 δ’
1591 261 1755 330 αὐτὸς
1783 255 1855 336 ἦν

247 341 277 402 ὃ
303 342 528 418 Ἰησοῦς,
561 344 662 402 οὐκ
693 343 875 416 ἄλλος,
907 344 1188 418 πρόδηλον
1220 341 1292 412 ὥς
1321 344 1562 420 τοῦνομα
1591 346 1651 404 τὸ
1683 344 1855 405 αὐτοῦ

248 449 422 502 φησιν
463 433 847 486 ἐπιτεθεῖσθαι
886 426 1051 505 αὐτῷ.
1127 436 1173 487 8.
1207 429 1274 486 οὐ
1304 430 1633 504 θαυμαστὸν
1672 425 1776 490 οὖν
1807 438 1859 490 εἰ

250 516 342 570 καὶ
373 511 608 585 ἄγγελον
649 510 820 571 αὐτὸν
858 511 1151 585 ἀποκαλεῖ,
1192 510 1283 571 ὅτε
1322 517 1414 571 καὶ
1445 518 1572 588 περὶ
1597 513 1854 574 Ἰωάννου

248 595 556 671 ἀνθρώπου
602 596 888 670 γεγονότος
939 601 1185 655 λέλεκταιΙ
1233 598 1293 655 τὸ
1333 595 1499 656 “5602)
1538 598 1898 658 ἀποστέλλω5

248 681 344 738 τὸν
384 679 622 754 ἄγγελόν
660 707 767 755 μου
808 679 914 756 πρὸ
945 681 1246 756 προσώπου
1287 700 1418 755 σου,
1459 681 1519 750 ὃς
1549 703 1857 742 κατασκευ-

249 764 371 824 ἀσει
400 763 503 838 τὴν
533 765 672 824 ὁδόν
703 787 808 825 σου
841 769 1159 841 ἔμπροσθέν
1190 764 1347 824 σου.”

753 1030 883 1091 ’Λπό
914 1038 1012 1091 τοῦ
1044 1039 1335 1108 Ζαχαρίου.

241 1137 323 1190 Ὡς
345 1141 426 1210 καὶ
445 1135 626 1196 Ἰησοῦς
648 1138 671 1183 ὁ
695 1141 778 1183 τοῦ
799 1136 1011 1184 Ἰωσεδεκ
1035 1135 1058 1183 ὁ
1091 1138 1239 1210 ἷιρευς
1271 1135 1293 1183 ὁ
1307 1138 1464 1208 μέγας
1488 1135 1653 1184 εἰκόνα
1674 1140 1757 1185 καὶ
1779 1136 1854 1184 ‘cv'-

249 1212 341 1239 πον
379 1194 550 1262 ἔφερεν
586 1197 671 1239 τοῦ
706 1198 911 1263 σωτῆρος
934 1193 1091 1251 ἡμῶν,
1115 1192 1494 1261 ἐπιστρέφοντος
1531 1193 1610 1240 ἐπὶ
1630 1192 1713 1240 τὸν
1735 1194 1857 1241 θεὸν
1882 1212 1921 1243 10

294 1269 381 1308 την
402 1248 550 1297 πάλαι
573 1248 956 1308 ἐπικρατήσασαν
978 1253 1068 1295 τῶν
1098 1246 1414 1308 ἀνθρωπείων
1445 1254 1612 1310 ψυχῶν
1635 1250 1810 1308 αἰχμα-

962 1310 1152 1355 λωσιᾞαν

137 1444 225 1485 (mv)
379 1418 427 1469 9.
455 1407 606 1469 “Kal
647 1414 823 1480 ἔδειξέ
857 1437 950 1486 μοι
988 1411 1176 1486 κύριος
1203 1408 1415 1484 Ἰησοῦν
1454 1409 1551 1469 τὸν
1585 1412 1734 1486 ἱερέα
1762 1411 1861 1469 τὸν

250 1497 425 1569 μέγαν
471 1498 678 1553 ἑστῶτα
720 1495 826 1570 πρὸ
868 1495 1167 1570 προσώπου
1208 1493 1445 1569 ἀγγέλου
1485 1503 1709 1570 κυρίου·
1769 1499 1862 1552 καὶ

251 1579 280 1638 ὅ
316 1578 571 1653 διάβολος
604 1580 842 1652 εἱστήκει
874 1585 935 1638 ἐκ
966 1584 1163 1649 δεξιῶν
1187 1580 1356 1639 αὐτοῦ
1382 1578 1731 1639 ἀντικεῖσθαι
1755 1578 1860 1637 αὖ-
1884 1599 1925 1632 15

252 1668 341 1741 τῷ.
405 1667 496 1722 καὶ
531 1665 650 1722 εἶπε
689 1664 877 1739 κύριος
917 1663 1052 1740 πρὸς
1083 1665 1180 1723 τὸν
1213 1664 1504 1738 διάβολον,
1549 1663 1861 1738 ἐπιτιμῆσαι

250 1749 438 1822 κύριος
472 1753 530 1807 ἐν
563 1752 668 1823 σοὶ,
704 1749 946 1823 διάβολε,
981 1753 1073 1807 καὶ
1106 1749 1419 1823 ἐπιτιμήσαι
1443 1747 1630 1819 κύριος
1664 1752 1723 1805 ἐν
1753 1750 1860 1820 σοὶ,

250 1832 278 1890 ὁ
314 1833 668 1907 ἐκλεξάμενος
709 1835 810 1907 την
840 1833 1211 1907 Ιερουσαλήμ.
1274 1857 1376 1890 ουκ
1423 1830 1548 1889 ἰδου
1586 1835 1745 1890 τοῦτο
1789 1831 1861 1898 ὡς

253 1917 417 1985 δαλὸς
451 1922 852 1992 ἐξεσπασμένος
893 1922 952 1975 ἐκ
992 1916 1196 1989 πυρός;
1239 1919 1329 1973 καὶ
1372 1908 1443 1988 ἦν
1466 1915 1674 1988 Ἰησοῦς
1706 1920 1863 1974 ἐνδε-

255 2005 546 2074 δυμένος“’
523 2002 708 2075 ιμάτια
739 2025 988 2074 ρυπαρα,
1032 2003 1122 2059 καὶ
1156 1999 1394 2072 είστήκει
1424 2000 1529 2073 πρὸ
1561 1999 1862 2074 προσώπου
1884 2020 1925 2054 20

205 2115 227 2147 b
253 2084 491 2157 ἀγγέλου
535 2091 762 2158 κυρίου,
805 2088 895 2142 καὶ
937 2084 1249 2157 ἀπεκρίθη,
1293 2087 1381 2141 καὶ
1419 2085 1538 2142 εἷπε
1568 2084 1703 2158 πρὸς
1734 2084 1862 2151 τοὺς

257 2168 550 2241 ἑστηκότας
582 2169 688 2242 πρὸ
719 2167 1048 2243 προσώπου,
1081 2172 1287 2242 λέγων,
1320 2166 1549 2242 ἀφέλετε
1579 2167 1645 2226 τά
1677 2167 1863 2242 ίμάτια

254 2251 319 2309 τά
351 2252 571 2327 ῥυπαρὰ
617 2252 710 2310 ἀπ“
763 2250 963 2310 αὐτοῦ·
1023 2256 1112 2310 καὶ
1156 2254 1276 2311 εἶπε
1317 2251 1452 2327 πρὸς
1494 2251 1691 2326 αὐτὸν,
1737 2251 1862 2310 ι’δοῦ

253 2336 515 2412 ἀφῄρηκα
553 2337 647 2404 τὰς
678 2335 907 2411 ἀνομίας
942 2355 1073 2410 σου,
1114 2340 1204 2394 καὶ
1247 2336 1513 2395 ἐνδύσατε
1555 2335 1724 2395 αὐτὸν
1762 2360 1864 2394 πο-

257 2421 426 2524 δηρη,
451 2424 542 2479 καὶ
577 2425 798 2479 ἐπίθετε
828 2428 1048 2495 κίδαριν
1072 2421 1330 2497 καθαρὰν
1362 2424 1449 2479 ἐπὶ
1480 2419 1582 2494 τὴν
1612 2419 1862 2493 κεφαλὴν
1884 2442 1927 2474 25

256 2505 463 2579 αὐτοῦ,
497 2510 588 2563 καὶ
620 2508 950 2581 περιέβαλον
981 2503 1153 2563 αὐτὸν
1187 2506 1384 2580 ἶμάτια.
1394 2503 1426 2525 ''
1499 2511 1579 2562 10.
1614 2507 1706 2562 καὶ
1740 2507 1862 2578 ἑξῆς

527 2587 599 2610 ((71

258 2593 496 2663 ἐπιλέγει
566 2615 734 2649 ακουε
781 2589 849 2663 δὴ
873 2589 1049 2663 Ἰησοῦ
1088 2615 1116 2647 o
1150 2596 1329 2664 ιερευς
1368 2586 1396 2647 ὁ
1427 2591 1626 2662 μέγας,
1668 2588 1738 2646 σύ
1770 2590 1862 2646 καὶ

258 2678 312 2729 οἱ
339 2682 576 2747 πλησίον
606 2694 728 2747 σου,
761 2674 1067 2748 καθήμενοι
1098 2673 1203 2748 πρὸ
1235 2672 1535 2747 προσώπου
1567 2692 1688 2748 σου,
1723 2672 1864 2730 διότι

375 2897 425 2935 13
457 2896 591 2936 Zaeh.
615 2899 717 2949 3,1.
