<?xml version="1.0" encoding="UTF-8"?>
<!DOCTYPE html PUBLIC "-//W3C//DTD XHTML 1.0 Transitional//EN"
    "http://www.w3.org/TR/xhtml1/DTD/xhtml1-transitional.dtd">
<html xmlns="http://www.w3.org/1999/xhtml" xml:lang="en" lang="en">
 <head>
  <title>
</title>
<meta http-equiv="Content-Type" content="text/html;charset=utf-8" />
  <meta name='ocr-system' content='tesseract 3.04.00' />
  <meta name='ocr-capabilities' content='ocr_page ocr_carea ocr_par ocr_line ocrx_word'/>
</head>
<body>
  <div class='ocr_page' id='page_1' title='image "./operaeusebius03euseuoft_0123.png"; bbox 0 0 1946 3158; ppageno 0'>
   <div class='ocr_carea' id='block_1_1' title="bbox 0 174 1759 226">
    <p class='ocr_par' dir='ltr' id='par_1_1' title="bbox 0 174 1759 226">
     <span class='ocr_line' id='line_1_1' title="bbox 0 174 1759 226; baseline 0 -10"><span class='ocrx_word' id='word_1_1' title='bbox 0 191 1 216; x_wconf 46' lang='grc'>1</span> <span class='ocrx_word' id='word_1_2' title='bbox 591 174 895 216; x_wconf 79' lang='lat' dir='ltr'><strong>DEMONST.</strong></span> <span class='ocrx_word' id='word_1_3' title='bbox 927 174 1146 215; x_wconf 80' lang='lat' dir='ltr'>EVANG.</span> <span class='ocrx_word' id='word_1_4' title='bbox 1180 175 1239 216; x_wconf 87' lang='lat'><em>11.</em></span> <span class='ocrx_word' id='word_1_5' title='bbox 1273 177 1312 216; x_wconf 88' lang='lat'><em>3.</em></span> <span class='ocrx_word' id='word_1_6' title='bbox 1691 174 1759 226; x_wconf 82' lang='lat'><em>99</em></span> 
     </span>
    </p>
   </div>
   <div class='ocr_carea' id='block_1_2' title="bbox 85 287 1851 2734">
    <p class='ocr_par' dir='ltr' id='par_1_2' title="bbox 147 287 1800 618">
     <span class='ocr_line' id='line_1_2' title="bbox 148 287 1756 365; baseline 0 -16"><span class='ocrx_word' id='word_1_7' title='bbox 148 311 283 364; x_wconf 89' lang='grc' dir='ltr'><em>σου,</em></span> <span class='ocrx_word' id='word_1_8' title='bbox 326 293 416 348; x_wconf 84' lang='grc' dir='ltr'><em>καὶ</em></span> <span class='ocrx_word' id='word_1_9' title='bbox 448 288 884 363; x_wconf 80' lang='grc' dir='ltr'><em>καταφεύξονται</em></span> <span class='ocrx_word' id='word_1_10' title='bbox 916 295 1056 364; x_wconf 82' lang='grc' dir='ltr'><em>ἔθνη</em></span> <span class='ocrx_word' id='word_1_11' title='bbox 1087 287 1262 349; x_wconf 72' lang='grc' dir='ltr'><em>πολλοὶ</em></span> <span class='ocrx_word' id='word_1_12' title='bbox 1294 291 1383 348; x_wconf 83' lang='grc' dir='ltr'><em>ἐπὶ</em></span> <span class='ocrx_word' id='word_1_13' title='bbox 1415 287 1512 348; x_wconf 79' lang='grc' dir='ltr'><em>τὸν</em></span> <span class='ocrx_word' id='word_1_14' title='bbox 1542 288 1756 365; x_wconf 80' lang='grc' dir='ltr'><em>κύριον,</em></span> 
     </span>
     <span class='ocr_line' id='line_1_3' title="bbox 148 366 1757 451; baseline 0 -17"><span class='ocrx_word' id='word_1_15' title='bbox 148 379 240 434; x_wconf 85' lang='grc' dir='ltr'><em>καὶ</em></span> <span class='ocrx_word' id='word_1_16' title='bbox 272 381 489 434; x_wconf 82' lang='grc' dir='ltr'><em>ἔσονται</em></span> <span class='ocrx_word' id='word_1_17' title='bbox 520 371 672 451; x_wconf 76' lang='grc' dir='ltr'><em>αὐτῷ</em></span> <span class='ocrx_word' id='word_1_18' title='bbox 704 380 781 442; x_wconf 85' lang='grc' dir='ltr'><em>εἰς</em></span> <span class='ocrx_word' id='word_1_19' title='bbox 812 372 1002 432; x_wconf 86' lang='grc' dir='ltr'><em>λαόν.”</em></span> <span class='ocrx_word' id='word_1_20' title='bbox 1056 379 1138 434; x_wconf 84' lang='grc'><em>40.</em></span> <span class='ocrx_word' id='word_1_21' title='bbox 1159 376 1286 450; x_wconf 89' lang='grc' dir='ltr'><em>περὶ</em></span> <span class='ocrx_word' id='word_1_22' title='bbox 1312 366 1390 432; x_wconf 65' lang='grc' dir='ltr'><em>οἶν</em></span> <span class='ocrx_word' id='word_1_23' title='bbox 1414 377 1506 433; x_wconf 90' lang='grc' dir='ltr'><em>καὶ</em></span> <span class='ocrx_word' id='word_1_24' title='bbox 1529 371 1757 448; x_wconf 77' lang='grc' dir='ltr'><em>ἁρμόσει</em></span> 
     </span>
     <span class='ocr_line' id='line_1_4' title="bbox 147 452 1800 537; baseline -0.002 -18"><span class='ocrx_word' id='word_1_25' title='bbox 147 464 410 534; x_wconf 85' lang='grc' dir='ltr'><em>λέγεσθαι</em></span> <span class='ocrx_word' id='word_1_26' title='bbox 429 504 444 533; x_wconf 92' lang='grc'><em>,</em></span> <span class='ocrx_word' id='word_1_27' title='bbox 470 455 602 516; x_wconf 65' lang='lat' dir='ltr'><em>“nal</em></span> <span class='ocrx_word' id='word_1_28' title='bbox 633 462 741 534; x_wconf 79' lang='grc' dir='ltr'><em>ἐρῶ</em></span> <span class='ocrx_word' id='word_1_29' title='bbox 769 462 845 537; x_wconf 78' lang='grc' dir='ltr'><em>τῷ</em></span> <span class='ocrx_word' id='word_1_30' title='bbox 876 452 942 517; x_wconf 80' lang='grc' dir='ltr'><em>οὗ</em></span> <span class='ocrx_word' id='word_1_31' title='bbox 977 463 1088 537; x_wconf 80' lang='grc' dir='ltr'><em>λαῷ</em></span> <span class='ocrx_word' id='word_1_32' title='bbox 1119 485 1256 534; x_wconf 86' lang='grc' dir='ltr'><em>μου,</em></span> <span class='ocrx_word' id='word_1_33' title='bbox 1288 457 1416 527; x_wconf 88' lang='grc' dir='ltr'><em>λαός</em></span> <span class='ocrx_word' id='word_1_34' title='bbox 1447 484 1554 533; x_wconf 92' lang='grc' dir='ltr'><em>μου</em></span> <span class='ocrx_word' id='word_1_35' title='bbox 1586 461 1637 518; x_wconf 83' lang='grc' dir='ltr'><em>εἷ</em></span> <span class='ocrx_word' id='word_1_36' title='bbox 1665 459 1748 518; x_wconf 90' lang='grc' dir='ltr'><em>συ’.</em></span> <span class='ocrx_word' id='word_1_37' title='bbox 1778 484 1800 515; x_wconf 83' lang='lat' dir='ltr'>d</span> 
     </span>
     <span class='ocr_line' id='line_1_5' title="bbox 147 540 1758 618; baseline 0.001 -16"><span class='ocrx_word' id='word_1_38' title='bbox 147 547 240 602; x_wconf 83' lang='grc' dir='ltr'><em>καὶ</em></span> <span class='ocrx_word' id='word_1_39' title='bbox 272 542 434 612; x_wconf 79' lang='grc' dir='ltr'><em>αὐτὸς</em></span> <span class='ocrx_word' id='word_1_40' title='bbox 467 546 612 617; x_wconf 91' lang='grc' dir='ltr'><em>ἐρεῖ,</em></span> <span class='ocrx_word' id='word_1_41' title='bbox 645 542 833 611; x_wconf 80' lang='grc' dir='ltr'><em>κύριος</em></span> <span class='ocrx_word' id='word_1_42' title='bbox 863 540 891 602; x_wconf 86' lang='grc' dir='ltr'>ὁ</span> <span class='ocrx_word' id='word_1_43' title='bbox 922 542 1053 611; x_wconf 87' lang='grc' dir='ltr'><em>θεός</em></span> <span class='ocrx_word' id='word_1_44' title='bbox 1082 570 1190 618; x_wconf 91' lang='grc' dir='ltr'><em>μου</em></span> <span class='ocrx_word' id='word_1_45' title='bbox 1222 544 1273 603; x_wconf 77' lang='grc' dir='ltr'><em>εἴ</em></span> <span class='ocrx_word' id='word_1_46' title='bbox 1301 541 1425 602; x_wconf 84' lang='grc' dir='ltr'><em>σύ.”</em></span> <span class='ocrx_word' id='word_1_47' title='bbox 1484 550 1535 603; x_wconf 85' lang='grc' dir='ltr'><em>εἰ</em></span> <span class='ocrx_word' id='word_1_48' title='bbox 1565 546 1625 602; x_wconf 77' lang='grc' dir='ltr'><em>δὲ</em></span> <span class='ocrx_word' id='word_1_49' title='bbox 1656 543 1758 603; x_wconf 84' lang='grc' dir='ltr'><em>αὐ-</em></span> 
     </span>
    </p>

    <p class='ocr_par' dir='ltr' id='par_1_3' title="bbox 105 625 1759 1042">
     <span class='ocr_line' id='line_1_6' title="bbox 105 625 1757 705; baseline -0.002 -16"><span class='ocrx_word' id='word_1_50' title='bbox 105 654 128 690; x_wconf 80' lang='lat'><strong>5</strong></span> <span class='ocrx_word' id='word_1_51' title='bbox 150 629 238 697; x_wconf 89' lang='grc' dir='ltr'><em>τός</em></span> <span class='ocrx_word' id='word_1_52' title='bbox 271 633 385 688; x_wconf 88' lang='grc' dir='ltr'><em>ἐστι</em></span> <span class='ocrx_word' id='word_1_53' title='bbox 414 630 508 686; x_wconf 88' lang='grc' dir='ltr'><em>καὶ</em></span> <span class='ocrx_word' id='word_1_54' title='bbox 541 626 664 687; x_wconf 79' lang='grc' dir='ltr'><em>οὐδ’</em></span> <span class='ocrx_word' id='word_1_55' title='bbox 710 626 871 695; x_wconf 73' lang='grc' dir='ltr'><em>ἄλλος</em></span> <span class='ocrx_word' id='word_1_56' title='bbox 901 627 929 686; x_wconf 87' lang='grc' dir='ltr'><em>ὅ</em></span> <span class='ocrx_word' id='word_1_57' title='bbox 961 629 1195 703; x_wconf 87' lang='grc' dir='ltr'><em>Χριστὸς</em></span> <span class='ocrx_word' id='word_1_58' title='bbox 1234 627 1263 687; x_wconf 84' lang='grc' dir='ltr'>ὁ</span> <span class='ocrx_word' id='word_1_59' title='bbox 1298 631 1356 686; x_wconf 88' lang='grc' dir='ltr'><em>ἐκ</em></span> <span class='ocrx_word' id='word_1_60' title='bbox 1386 633 1534 705; x_wconf 78' lang='grc' dir='ltr'><em>ῥίζης</em></span> <span class='ocrx_word' id='word_1_61' title='bbox 1559 625 1757 688; x_wconf 82' lang='grc' dir='ltr'><em>Ἰεσσαὶ</em></span> 
     </span>
     <span class='ocr_line' id='line_1_7' title="bbox 148 711 1758 788; baseline 0 -16"><span class='ocrx_word' id='word_1_62' title='bbox 148 712 483 788; x_wconf 81' lang='grc' dir='ltr'><em>βλαστήσειν</em></span> <span class='ocrx_word' id='word_1_63' title='bbox 513 712 1015 788; x_wconf 85' lang='grc' dir='ltr'><em>προφητευόμενος,</em></span> <span class='ocrx_word' id='word_1_64' title='bbox 1046 716 1138 771; x_wconf 89' lang='grc' dir='ltr'><em>καὶ</em></span> <span class='ocrx_word' id='word_1_65' title='bbox 1168 712 1329 772; x_wconf 83' lang='grc' dir='ltr'><em>τοῦτό</em></span> <span class='ocrx_word' id='word_1_66' title='bbox 1358 739 1420 787; x_wconf 91' lang='grc' dir='ltr'><em>γε</em></span> <span class='ocrx_word' id='word_1_67' title='bbox 1444 715 1535 771; x_wconf 87' lang='grc' dir='ltr'><em>καὶ</em></span> <span class='ocrx_word' id='word_1_68' title='bbox 1570 711 1758 781; x_wconf 79' lang='grc' dir='ltr'><em>αὐτοῖς</em></span> 
     </span>
     <span class='ocr_line' id='line_1_8' title="bbox 139 793 1756 873; baseline 0 -16"><span class='ocrx_word' id='word_1_69' title='bbox 139 798 412 873; x_wconf 76' lang='grc' dir='ltr'><strong><em>Ἑβραίοις</em></strong></span> <span class='ocrx_word' id='word_1_70' title='bbox 455 796 902 872; x_wconf 79' lang='grc' dir='ltr'><em>ἀνωμολόγηται,</em></span> <span class='ocrx_word' id='word_1_71' title='bbox 951 793 1024 866; x_wconf 71' lang='grc' dir='ltr'><em>ὥς</em></span> <span class='ocrx_word' id='word_1_72' title='bbox 1064 801 1278 872; x_wconf 80' lang='grc' dir='ltr'><em>μηδένα</em></span> <span class='ocrx_word' id='word_1_73' title='bbox 1325 803 1590 872; x_wconf 77' lang='grc' dir='ltr'><em>μηδαμῶς</em></span> <span class='ocrx_word' id='word_1_74' title='bbox 1630 801 1756 872; x_wconf 83' lang='grc' dir='ltr'><em>περὶ</em></span> 
     </span>
     <span class='ocr_line' id='line_1_9' title="bbox 148 875 1759 956; baseline 0 -16"><span class='ocrx_word' id='word_1_75' title='bbox 148 882 348 941; x_wconf 84' lang='grc' dir='ltr'><em>τούτου</em></span> <span class='ocrx_word' id='word_1_76' title='bbox 378 907 440 956; x_wconf 89' lang='grc' dir='ltr'><em>γε</em></span> <span class='ocrx_word' id='word_1_77' title='bbox 470 879 870 956; x_wconf 75' lang='grc' dir='ltr'><em>ἀμφισβητεῖν,</em></span> <span class='ocrx_word' id='word_1_78' title='bbox 901 879 1004 956; x_wconf 79' lang='grc' dir='ltr'><em>ὅρα</em></span> <span class='ocrx_word' id='word_1_79' title='bbox 1033 879 1181 949; x_wconf 77' lang='grc' dir='ltr'><em>ὅπως</em></span> <span class='ocrx_word' id='word_1_80' title='bbox 1212 885 1304 940; x_wconf 88' lang='grc' dir='ltr'><em>καὶ</em></span> <span class='ocrx_word' id='word_1_81' title='bbox 1334 875 1493 950; x_wconf 74' lang='grc' dir='ltr'><em>οὗτος</em></span> <span class='ocrx_word' id='word_1_82' title='bbox 1517 882 1759 956; x_wconf 80' lang='grc' dir='ltr'><em>ἀναστή-</em></span> 
     </span>
     <span class='ocr_line' id='line_1_10' title="bbox 148 963 1759 1042; baseline 0.001 -18"><span class='ocrx_word' id='word_1_83' title='bbox 148 978 349 1026; x_wconf 90' lang='grc' dir='ltr'><em>σεσθαι</em></span> <span class='ocrx_word' id='word_1_84' title='bbox 374 969 462 1025; x_wconf 85' lang='grc' dir='ltr'><em>ἐπὶ</em></span> <span class='ocrx_word' id='word_1_85' title='bbox 486 966 546 1025; x_wconf 84' lang='grc' dir='ltr'><em>τὸ</em></span> <span class='ocrx_word' id='word_1_86' title='bbox 569 991 760 1042; x_wconf 88' lang='grc' dir='ltr'><em>αρχειν</em></span> <span class='ocrx_word' id='word_1_87' title='bbox 782 963 850 1024; x_wconf 79' lang='grc' dir='ltr'><em>οὐ</em></span> <span class='ocrx_word' id='word_1_88' title='bbox 873 971 970 1025; x_wconf 84' lang='grc' dir='ltr'><em>τοῦ</em></span> <span class='ocrx_word' id='word_1_89' title='bbox 995 965 1231 1042; x_wconf 83' lang='grc' dir='ltr'><em>Ἰσραὴλ,</em></span> <span class='ocrx_word' id='word_1_90' title='bbox 1262 965 1402 1024; x_wconf 79' lang='grc' dir='ltr'><em>ἄλλα</em></span> <span class='ocrx_word' id='word_1_91' title='bbox 1434 972 1547 1025; x_wconf 75' lang='grc' dir='ltr'><em>τῶν</em></span> <span class='ocrx_word' id='word_1_92' title='bbox 1572 971 1759 1026; x_wconf 75' lang='grc' dir='ltr'><em>ἐθνῶν</em></span> 
     </span>
    </p>

    <p class='ocr_par' dir='ltr' id='par_1_4' title="bbox 85 1049 1759 1468">
     <span class='ocr_line' id='line_1_11' title="bbox 85 1049 1751 1129; baseline -0.001 -19"><span class='ocrx_word' id='word_1_93' title='bbox 85 1078 126 1112; x_wconf 89' lang='lat'><em>10</em></span> <span class='ocrx_word' id='word_1_94' title='bbox 150 1050 610 1126; x_wconf 73' lang='grc' dir='ltr'><em>αναπεφώνηται,</em></span> <span class='ocrx_word' id='word_1_95' title='bbox 651 1077 716 1109; x_wconf 91' lang='grc' dir='ltr'><em>τα</em></span> <span class='ocrx_word' id='word_1_96' title='bbox 747 1075 806 1109; x_wconf 90' lang='grc' dir='ltr'><em>τε</em></span> <span class='ocrx_word' id='word_1_97' title='bbox 839 1057 978 1126; x_wconf 85' lang='grc' dir='ltr'><em>ε”θνη</em></span> <span class='ocrx_word' id='word_1_98' title='bbox 1012 1055 1256 1110; x_wconf 84' lang='grc' dir='ltr'><em>ἐλπίσειν</em></span> <span class='ocrx_word' id='word_1_99' title='bbox 1289 1049 1375 1109; x_wconf 88' lang='grc' dir='ltr'><em>ἐπ’</em></span> <span class='ocrx_word' id='word_1_100' title='bbox 1409 1049 1589 1129; x_wconf 77' lang='grc' dir='ltr'><em>αυτῷ,</em></span> <span class='ocrx_word' id='word_1_101' title='bbox 1630 1050 1751 1109; x_wconf 86' lang='grc' dir='ltr'><em>αλλ’</em></span> 
     </span>
     <span class='ocr_line' id='line_1_12' title="bbox 149 1128 1758 1234; baseline -0.001 -38"><span class='ocrx_word' id='word_1_102' title='bbox 149 1136 248 1211; x_wconf 83' lang='grc' dir='ltr'><em>οὐχ</em></span> <span class='ocrx_word' id='word_1_103' title='bbox 288 1135 319 1194; x_wconf 89' lang='grc' dir='ltr'><em>ό</em></span> <span class='ocrx_word' id='word_1_104' title='bbox 368 1161 432 1210; x_wconf 84' lang='grc' dir='ltr'><em>γε</em></span> <span class='ocrx_word' id='word_1_105' title='bbox 463 1134 679 1234; x_wconf 83' lang='grc' dir='ltr'><em>Ἰσραὴλ</em></span> <span class='ocrx_word' id='word_1_106' title='bbox 721 1138 996 1210; x_wconf 87' lang='grc' dir='ltr'><em>λέλεκται,</em></span> <span class='ocrx_word' id='word_1_107' title='bbox 1052 1135 1350 1212; x_wconf 81' lang='grc' dir='ltr'><em>ἐπειδήπερ</em></span> <span class='ocrx_word' id='word_1_108' title='bbox 1401 1134 1565 1204; x_wconf 77' lang='grc' dir='ltr'><em>αὐτὸς</em></span> <span class='ocrx_word' id='word_1_109' title='bbox 1615 1128 1684 1210; x_wconf 79' lang='grc' dir='ltr'><em>ἦν</em></span> <span class='ocrx_word' id='word_1_110' title='bbox 1725 1139 1758 1209; x_wconf 87' lang='grc' dir='ltr'><em>ἡ</em></span> 
     </span>
     <span class='ocr_line' id='line_1_13' title="bbox 149 1219 1757 1296; baseline 0.001 -18"><span class='ocrx_word' id='word_1_111' title='bbox 149 1227 454 1294; x_wconf 80' lang='grc' dir='ltr'><em>προσδοκία</em></span> <span class='ocrx_word' id='word_1_112' title='bbox 484 1224 598 1278; x_wconf 74' lang='grc' dir='ltr'><em>τῶν</em></span> <span class='ocrx_word' id='word_1_113' title='bbox 629 1226 829 1279; x_wconf 77' lang='grc' dir='ltr'><em>ἐθνῶν.</em></span> <span class='ocrx_word' id='word_1_114' title='bbox 890 1226 973 1280; x_wconf 85' lang='grc'><em>41.</em></span> <span class='ocrx_word' id='word_1_115' title='bbox 1010 1219 1095 1279; x_wconf 79' lang='grc' dir='ltr'><em>διὸ</em></span> <span class='ocrx_word' id='word_1_116' title='bbox 1126 1224 1217 1279; x_wconf 84' lang='grc' dir='ltr'><em>καὶ</em></span> <span class='ocrx_word' id='word_1_117' title='bbox 1249 1228 1434 1296; x_wconf 83' lang='grc' dir='ltr'><em>κρίσιν</em></span> <span class='ocrx_word' id='word_1_118' title='bbox 1456 1237 1568 1290; x_wconf 91' lang='grc' dir='ltr'><em>τοῖς</em></span> <span class='ocrx_word' id='word_1_119' title='bbox 1600 1228 1757 1280; x_wconf 82' lang='grc' dir='ltr'><em>ἔθνε-</em></span> 
     </span>
     <span class='ocr_line' id='line_1_14' title="bbox 150 1305 1757 1384; baseline 0.001 -22"><span class='ocrx_word' id='word_1_120' title='bbox 150 1324 240 1363; x_wconf 89' lang='grc' dir='ltr'><em>σιν</em></span> <span class='ocrx_word' id='word_1_121' title='bbox 272 1308 502 1374; x_wconf 81' lang='grc' dir='ltr'><em>ἐξοίσειν</em></span> <span class='ocrx_word' id='word_1_122' title='bbox 532 1309 747 1384; x_wconf 83' lang='grc' dir='ltr'><em>λέγεται</em></span> <span class='ocrx_word' id='word_1_123' title='bbox 778 1308 870 1364; x_wconf 88' lang='grc' dir='ltr'><em>καὶ</em></span> <span class='ocrx_word' id='word_1_124' title='bbox 902 1312 980 1374; x_wconf 83' lang='grc' dir='ltr'><em>εἰς</em></span> <span class='ocrx_word' id='word_1_125' title='bbox 1010 1310 1130 1380; x_wconf 74' lang='grc' dir='ltr'><em>φῶς</em></span> <span class='ocrx_word' id='word_1_126' title='bbox 1162 1310 1349 1365; x_wconf 73' lang='grc' dir='ltr'><em>ἐθνῶν</em></span> <span class='ocrx_word' id='word_1_127' title='bbox 1393 1305 1757 1382; x_wconf 86' lang='grc' dir='ltr'><em>γενήσεσθαι·</em></span> 
     </span>
     <span class='ocr_line' id='line_1_15' title="bbox 152 1385 1759 1468; baseline 0.001 -22"><span class='ocrx_word' id='word_1_128' title='bbox 152 1392 244 1447; x_wconf 86' lang='grc' dir='ltr'><em>καὶ</em></span> <span class='ocrx_word' id='word_1_129' title='bbox 273 1387 441 1447; x_wconf 78' lang='grc' dir='ltr'><em>πάλιν</em></span> <span class='ocrx_word' id='word_1_130' title='bbox 463 1385 592 1446; x_wconf 64' lang='grc' dir='ltr'><em>μ’ἐπὶ</em></span> <span class='ocrx_word' id='word_1_131' title='bbox 624 1396 699 1468; x_wconf 78' lang='grc' dir='ltr'><em>τῷ</em></span> <span class='ocrx_word' id='word_1_132' title='bbox 730 1389 956 1464; x_wconf 86' lang='grc' dir='ltr'><em>ὀνόματι</em></span> <span class='ocrx_word' id='word_1_133' title='bbox 987 1389 1161 1449; x_wconf 84' lang='grc' dir='ltr'><em>αὐτοῦ</em></span> <span class='ocrx_word' id='word_1_134' title='bbox 1193 1398 1334 1464; x_wconf 82' lang='grc' dir='ltr'><em>ἔθνη</em></span> <span class='ocrx_word' id='word_1_135' title='bbox 1367 1393 1634 1464; x_wconf 82' lang='grc' dir='ltr'><em>ἐλπιοῦσι,</em></span> <span class='ocrx_word' id='word_1_136' title='bbox 1667 1393 1759 1448; x_wconf 85' lang='grc' dir='ltr'><em>καὶ</em></span> 
     </span>
    </p>

    <p class='ocr_par' dir='ltr' id='par_1_5' title="bbox 89 1472 1851 1887">
     <span class='ocr_line' id='line_1_16' title="bbox 89 1472 1760 1549; baseline 0.001 -19"><span class='ocrx_word' id='word_1_137' title='bbox 89 1497 130 1531; x_wconf 87' lang='lat'><em>15</em></span> <span class='ocrx_word' id='word_1_138' title='bbox 155 1480 231 1540; x_wconf 84' lang='grc' dir='ltr'><em>εἰς</em></span> <span class='ocrx_word' id='word_1_139' title='bbox 261 1479 540 1549; x_wconf 82' lang='grc' dir='ltr'><em>σωτηρίαν</em></span> <span class='ocrx_word' id='word_1_140' title='bbox 581 1473 933 1547; x_wconf 79' lang='grc' dir='ltr'><em>δοθήσεσθαι</em></span> <span class='ocrx_word' id='word_1_141' title='bbox 963 1472 1029 1533; x_wconf 80' lang='grc' dir='ltr'><em>οὐ</em></span> <span class='ocrx_word' id='word_1_142' title='bbox 1065 1474 1255 1549; x_wconf 89' lang='grc' dir='ltr'><em>μόνοις</em></span> <span class='ocrx_word' id='word_1_143' title='bbox 1279 1475 1587 1549; x_wconf 78' lang='grc' dir='ltr'><em>Ἰουδαίοις,</em></span> <span class='ocrx_word' id='word_1_144' title='bbox 1620 1474 1760 1532; x_wconf 71' lang='grc' dir='ltr'><em>ἄλλα</em></span> 
     </span>
     <span class='ocr_line' id='line_1_17' title="bbox 151 1556 1755 1633; baseline 0.002 -19"><span class='ocrx_word' id='word_1_145' title='bbox 151 1561 243 1614; x_wconf 85' lang='grc' dir='ltr'><em>καὶ</em></span> <span class='ocrx_word' id='word_1_146' title='bbox 294 1563 464 1615; x_wconf 81' lang='grc' dir='ltr'><em>πᾶσιν</em></span> <span class='ocrx_word' id='word_1_147' title='bbox 516 1556 838 1632; x_wconf 77' lang='grc' dir='ltr'><em>ἀνθρώποις</em></span> <span class='ocrx_word' id='word_1_148' title='bbox 889 1574 1005 1626; x_wconf 91' lang='grc' dir='ltr'><em>τοῖς</em></span> <span class='ocrx_word' id='word_1_149' title='bbox 1059 1562 1162 1627; x_wconf 80' lang='grc' dir='ltr'><em>ἕως</em></span> <span class='ocrx_word' id='word_1_150' title='bbox 1215 1559 1445 1633; x_wconf 77' lang='grc' dir='ltr'><em>ἐσχάτου</em></span> <span class='ocrx_word' id='word_1_151' title='bbox 1495 1564 1591 1633; x_wconf 86' lang='grc' dir='ltr'><em>τῆς</em></span> <span class='ocrx_word' id='word_1_152' title='bbox 1640 1564 1755 1632; x_wconf 86' lang='grc' dir='ltr'><em>γῆς.</em></span> 
     </span>
     <span class='ocr_line' id='line_1_18' title="bbox 149 1640 1758 1721; baseline 0.001 -23"><span class='ocrx_word' id='word_1_153' title='bbox 149 1646 233 1700; x_wconf 79' lang='lat'><em>42.</em></span> <span class='ocrx_word' id='word_1_154' title='bbox 269 1640 355 1699; x_wconf 84' lang='grc' dir='ltr'><em>διὸ</em></span> <span class='ocrx_word' id='word_1_155' title='bbox 386 1645 478 1699; x_wconf 84' lang='grc' dir='ltr'><em>καὶ</em></span> <span class='ocrx_word' id='word_1_156' title='bbox 510 1652 721 1716; x_wconf 78' lang='grc' dir='ltr'><em>εἴρηται</em></span> <span class='ocrx_word' id='word_1_157' title='bbox 754 1640 903 1721; x_wconf 76' lang='grc' dir='ltr'><em>αὐτῷ</em></span> <span class='ocrx_word' id='word_1_158' title='bbox 933 1642 1043 1701; x_wconf 79' lang='grc' dir='ltr'><em>ὑπὸ</em></span> <span class='ocrx_word' id='word_1_159' title='bbox 1067 1646 1166 1701; x_wconf 82' lang='grc' dir='ltr'><em>τοῦ</em></span> <span class='ocrx_word' id='word_1_160' title='bbox 1187 1647 1642 1717; x_wconf 79' lang='grc' dir='ltr'><em>καταπέμψαντος</em></span> <span class='ocrx_word' id='word_1_161' title='bbox 1662 1642 1758 1700; x_wconf 83' lang='grc' dir='ltr'><em>αὐ-</em></span> 
     </span>
     <span class='ocr_line' id='line_1_19' title="bbox 149 1722 1851 1802; baseline 0.002 -19"><span class='ocrx_word' id='word_1_162' title='bbox 149 1725 245 1784; x_wconf 89' lang='grc' dir='ltr'><em>τὸν</em></span> <span class='ocrx_word' id='word_1_163' title='bbox 275 1726 479 1801; x_wconf 86' lang='grc' dir='ltr'><em>πατρὸς</em></span> <span class='ocrx_word' id='word_1_164' title='bbox 503 1722 725 1785; x_wconf 35' lang='grc' dir='ltr'><em>ε’ἒδωκά</em></span> <span class='ocrx_word' id='word_1_165' title='bbox 755 1749 818 1785; x_wconf 86' lang='grc' dir='ltr'><em>σε</em></span> <span class='ocrx_word' id='word_1_166' title='bbox 849 1734 927 1796; x_wconf 81' lang='grc' dir='ltr'><em>εἰς</em></span> <span class='ocrx_word' id='word_1_167' title='bbox 960 1726 1238 1801; x_wconf 85' lang='grc' dir='ltr'><em>διαθήκην</em></span> <span class='ocrx_word' id='word_1_168' title='bbox 1268 1731 1464 1801; x_wconf 80' lang='grc' dir='ltr'><em>γένους</em></span> <span class='ocrx_word' id='word_1_169' title='bbox 1483 1774 1498 1802; x_wconf 90' lang='grc'><em>,</em></span> <span class='ocrx_word' id='word_1_170' title='bbox 1532 1735 1608 1797; x_wconf 85' lang='grc' dir='ltr'><em>εἰς</em></span> <span class='ocrx_word' id='word_1_171' title='bbox 1639 1732 1757 1802; x_wconf 78' lang='grc' dir='ltr'><em>φῶς</em></span> <span class='ocrx_word' id='word_1_172' title='bbox 1782 1754 1851 1796; x_wconf 78' lang='lat'><em>(62)</em></span> 
     </span>
     <span class='ocr_line' id='line_1_20' title="bbox 151 1810 1758 1887; baseline 0.001 -19"><span class='ocrx_word' id='word_1_173' title='bbox 151 1814 364 1884; x_wconf 71' lang='grc' dir='ltr'><em>ἐθνῶν,</em></span> <span class='ocrx_word' id='word_1_174' title='bbox 405 1813 505 1870; x_wconf 80' lang='grc' dir='ltr'><em>τοῦ</em></span> <span class='ocrx_word' id='word_1_175' title='bbox 543 1816 880 1884; x_wconf 85' lang='grc' dir='ltr'><em>καταστῆσαι</em></span> <span class='ocrx_word' id='word_1_176' title='bbox 911 1810 1012 1886; x_wconf 85' lang='grc' dir='ltr'><em>τὴν</em></span> <span class='ocrx_word' id='word_1_177' title='bbox 1042 1818 1178 1886; x_wconf 86' lang='grc' dir='ltr'><em>γῆν,</em></span> <span class='ocrx_word' id='word_1_178' title='bbox 1225 1815 1318 1870; x_wconf 85' lang='grc' dir='ltr'><em>καὶ</em></span> <span class='ocrx_word' id='word_1_179' title='bbox 1348 1817 1758 1887; x_wconf 84' lang='grc' dir='ltr'><em>κληρονομῆσαι</em></span> 
     </span>
    </p>

    <p class='ocr_par' dir='ltr' id='par_1_6' title="bbox 88 1893 1764 2310">
     <span class='ocr_line' id='line_1_21' title="bbox 88 1893 1764 2000; baseline 0.002 -49"><span class='ocrx_word' id='word_1_180' title='bbox 88 1919 128 1952; x_wconf 85' lang='lat'><em>20</em></span> <span class='ocrx_word' id='word_1_181' title='bbox 151 1902 515 1971; x_wconf 86' lang='grc' dir='ltr'><em>κληρονομίας</em></span> <span class='ocrx_word' id='word_1_182' title='bbox 557 1893 854 2000; x_wconf 64' lang='grc' dir='ltr'><em>ἐρημους.”</em></span> <span class='ocrx_word' id='word_1_183' title='bbox 944 1897 1249 1972; x_wconf 83' lang='grc' dir='ltr'><em>μαρτύριον</em></span> <span class='ocrx_word' id='word_1_184' title='bbox 1301 1898 1362 1955; x_wconf 75' lang='grc' dir='ltr'><em>δὲ</em></span> <span class='ocrx_word' id='word_1_185' title='bbox 1403 1911 1515 1964; x_wconf 89' lang='grc' dir='ltr'><em>τοῖς</em></span> <span class='ocrx_word' id='word_1_186' title='bbox 1568 1905 1764 1967; x_wconf 83' lang='grc' dir='ltr'><em>ἔθνεσί</em></span> 
     </span>
     <span class='ocr_line' id='line_1_22' title="bbox 150 1979 1758 2056; baseline 0 -18"><span class='ocrx_word' id='word_1_187' title='bbox 150 1999 351 2054; x_wconf 89' lang='grc' dir='ltr'><em>φησιν,</em></span> <span class='ocrx_word' id='word_1_188' title='bbox 385 1979 524 2039; x_wconf 84' lang='grc' dir='ltr'><em>ω’στε</em></span> <span class='ocrx_word' id='word_1_189' title='bbox 565 2004 744 2039; x_wconf 89' lang='grc' dir='ltr'><em>παντα</em></span> <span class='ocrx_word' id='word_1_190' title='bbox 782 2006 848 2038; x_wconf 91' lang='grc' dir='ltr'><em>τα</em></span> <span class='ocrx_word' id='word_1_191' title='bbox 879 1988 1021 2055; x_wconf 82' lang='grc' dir='ltr'><em>ἔθνη</em></span> <span class='ocrx_word' id='word_1_192' title='bbox 1062 2007 1128 2039; x_wconf 92' lang='grc' dir='ltr'><em>τα</em></span> <span class='ocrx_word' id='word_1_193' title='bbox 1158 1981 1526 2056; x_wconf 85' lang='grc' dir='ltr'><em>μηδεπωποτέ</em></span> <span class='ocrx_word' id='word_1_194' title='bbox 1550 2007 1601 2041; x_wconf 87' lang='grc' dir='ltr'><em>τι</em></span> <span class='ocrx_word' id='word_1_195' title='bbox 1632 1986 1758 2056; x_wconf 81' lang='grc' dir='ltr'><em>περὶ</em></span> 
     </span>
     <span class='ocr_line' id='line_1_23' title="bbox 149 2064 1758 2142; baseline 0.002 -19"><span class='ocrx_word' id='word_1_196' title='bbox 149 2069 390 2137; x_wconf 86' lang='grc' dir='ltr'><em>Χριστοῦ</em></span> <span class='ocrx_word' id='word_1_197' title='bbox 420 2064 807 2139; x_wconf 84' lang='grc' dir='ltr'><em>μεμαθηκότα,</em></span> <span class='ocrx_word' id='word_1_198' title='bbox 840 2065 1043 2138; x_wconf 82' lang='grc' dir='ltr'><em>γνόντα</em></span> <span class='ocrx_word' id='word_1_199' title='bbox 1073 2066 1175 2140; x_wconf 85' lang='grc' dir='ltr'><em>τὴν</em></span> <span class='ocrx_word' id='word_1_200' title='bbox 1197 2070 1324 2142; x_wconf 86' lang='grc' dir='ltr'><em>περὶ</em></span> <span class='ocrx_word' id='word_1_201' title='bbox 1345 2065 1518 2125; x_wconf 85' lang='grc' dir='ltr'><em>αυτοῦ</em></span> <span class='ocrx_word' id='word_1_202' title='bbox 1548 2074 1758 2126; x_wconf 59' lang='grc' dir='ltr'><em>οἰκονο“</em></span> 
     </span>
     <span class='ocr_line' id='line_1_24' title="bbox 149 2141 1760 2228; baseline 0.002 -22"><span class='ocrx_word' id='word_1_203' title='bbox 149 2156 300 2222; x_wconf 88' lang='grc' dir='ltr'><em>μίαν,</em></span> <span class='ocrx_word' id='word_1_204' title='bbox 335 2152 426 2207; x_wconf 87' lang='grc' dir='ltr'><em>καὶ</em></span> <span class='ocrx_word' id='word_1_205' title='bbox 455 2156 538 2217; x_wconf 90' lang='grc' dir='ltr'><em>τίς</em></span> <span class='ocrx_word' id='word_1_206' title='bbox 561 2141 631 2223; x_wconf 81' lang='grc' dir='ltr'><em>ἦν</em></span> <span class='ocrx_word' id='word_1_207' title='bbox 655 2153 714 2208; x_wconf 88' lang='grc' dir='ltr'><em>ἐν</em></span> <span class='ocrx_word' id='word_1_208' title='bbox 727 2147 878 2228; x_wconf 75' lang='grc' dir='ltr'><em>αυτῷ</em></span> <span class='ocrx_word' id='word_1_209' title='bbox 903 2151 1158 2226; x_wconf 85' lang='grc' dir='ltr'><em>δύναμις,</em></span> <span class='ocrx_word' id='word_1_210' title='bbox 1191 2155 1624 2210; x_wconf 83' lang='grc' dir='ltr'><em>ἐπικαλέσασθαι</em></span> <span class='ocrx_word' id='word_1_211' title='bbox 1656 2151 1760 2210; x_wconf 82' lang='grc' dir='ltr'><em>αὖ-</em></span> 
     </span>
     <span class='ocr_line' id='line_1_25' title="bbox 149 2232 1758 2310; baseline 0.003 -20"><span class='ocrx_word' id='word_1_212' title='bbox 149 2232 265 2306; x_wconf 86' lang='grc' dir='ltr'><em>τὸν,</em></span> <span class='ocrx_word' id='word_1_213' title='bbox 297 2237 389 2291; x_wconf 87' lang='grc' dir='ltr'><em>καὶ</em></span> <span class='ocrx_word' id='word_1_214' title='bbox 418 2259 546 2302; x_wconf 89' lang='grc' dir='ltr'><em>τους</em></span> <span class='ocrx_word' id='word_1_215' title='bbox 568 2234 643 2308; x_wconf 86' lang='grc' dir='ltr'><em>μὴ</em></span> <span class='ocrx_word' id='word_1_216' title='bbox 667 2234 835 2293; x_wconf 89' lang='grc' dir='ltr'><em>παλαι</em></span> <span class='ocrx_word' id='word_1_217' title='bbox 858 2235 1127 2310; x_wconf 89' lang='grc' dir='ltr'><em>πρότερον</em></span> <span class='ocrx_word' id='word_1_218' title='bbox 1155 2236 1367 2303; x_wconf 85' lang='grc' dir='ltr'><em>εἰδότας</em></span> <span class='ocrx_word' id='word_1_219' title='bbox 1392 2234 1562 2295; x_wconf 82' lang='grc' dir='ltr'><em>αυτὸν</em></span> <span class='ocrx_word' id='word_1_220' title='bbox 1592 2236 1758 2305; x_wconf 79' lang='grc' dir='ltr'><em>λαοὺς</em></span> 
     </span>
    </p>

    <p class='ocr_par' dir='ltr' id='par_1_7' title="bbox 89 2316 1804 2734">
     <span class='ocr_line' id='line_1_26' title="bbox 89 2316 1761 2397; baseline 0.004 -24"><span class='ocrx_word' id='word_1_221' title='bbox 89 2339 130 2374; x_wconf 83' lang='lat'><em>25</em></span> <span class='ocrx_word' id='word_1_222' title='bbox 152 2316 235 2376; x_wconf 86' lang='grc' dir='ltr'><em>ἐπ’</em></span> <span class='ocrx_word' id='word_1_223' title='bbox 273 2317 442 2377; x_wconf 81' lang='grc' dir='ltr'><em>αὐτὸν</em></span> <span class='ocrx_word' id='word_1_224' title='bbox 480 2319 939 2393; x_wconf 80' lang='grc' dir='ltr'><em>καταφεύξεσθαι.</em></span> <span class='ocrx_word' id='word_1_225' title='bbox 1010 2325 1095 2379; x_wconf 84' lang='lat'><em>43.</em></span> <span class='ocrx_word' id='word_1_226' title='bbox 1129 2324 1220 2379; x_wconf 82' lang='grc' dir='ltr'><em>καὶ</em></span> <span class='ocrx_word' id='word_1_227' title='bbox 1261 2328 1320 2379; x_wconf 90' lang='grc' dir='ltr'><em>τί</em></span> <span class='ocrx_word' id='word_1_228' title='bbox 1353 2345 1421 2395; x_wconf 92' lang='grc' dir='ltr'><em>με</em></span> <span class='ocrx_word' id='word_1_229' title='bbox 1462 2327 1552 2379; x_wconf 88' lang='grc' dir='ltr'><em>δεῖ</em></span> <span class='ocrx_word' id='word_1_230' title='bbox 1579 2321 1761 2397; x_wconf 84' lang='grc' dir='ltr'><em>μηκύ-</em></span> 
     </span>
     <span class='ocr_line' id='line_1_27' title="bbox 151 2401 1760 2481; baseline 0.002 -21.007"><span class='ocrx_word' id='word_1_231' title='bbox 151 2427 271 2461; x_wconf 87' lang='grc' dir='ltr'><em>νειν</em></span> <span class='ocrx_word' id='word_1_232' title='bbox 310 2401 406 2461; x_wconf 81' lang='grc' dir='ltr'><em>τὸν</em></span> <span class='ocrx_word' id='word_1_233' title='bbox 446 2403 641 2477; x_wconf 87' lang='grc' dir='ltr'><em>λόγον,</em></span> <span class='ocrx_word' id='word_1_234' title='bbox 695 2404 875 2479; x_wconf 84' lang='grc' dir='ltr'><em>παρὸν</em></span> <span class='ocrx_word' id='word_1_235' title='bbox 927 2408 979 2474; x_wconf 81' lang='grc' dir='ltr'><em>ἐξ</em></span> <span class='ocrx_word' id='word_1_236' title='bbox 1020 2404 1205 2464; x_wconf 80' lang='grc' dir='ltr'><em>αὐτῶν</em></span> <span class='ocrx_word' id='word_1_237' title='bbox 1244 2410 1355 2464; x_wconf 75' lang='grc' dir='ltr'><em>τῶν</em></span> <span class='ocrx_word' id='word_1_238' title='bbox 1399 2429 1760 2481; x_wconf 87' lang='grc' dir='ltr'><em>προφητικων</em></span> 
     </span>
     <span class='ocr_line' id='line_1_28' title="bbox 152 2490 1757 2591; baseline 0.003 -48"><span class='ocrx_word' id='word_1_239' title='bbox 152 2490 380 2560; x_wconf 83' lang='grc' dir='ltr'><em>λέξεων,</em></span> <span class='ocrx_word' id='word_1_240' title='bbox 414 2513 492 2546; x_wconf 92' lang='grc' dir='ltr'><em>ων</em></span> <span class='ocrx_word' id='word_1_241' title='bbox 521 2512 580 2546; x_wconf 91' lang='grc' dir='ltr'><em>τε</em></span> <span class='ocrx_word' id='word_1_242' title='bbox 609 2492 1011 2564; x_wconf 85' lang='grc' dir='ltr'><em>παρατέθειμαι</em></span> <span class='ocrx_word' id='word_1_243' title='bbox 1041 2494 1134 2548; x_wconf 81' lang='grc' dir='ltr'><em>καὶ</em></span> <span class='ocrx_word' id='word_1_244' title='bbox 1165 2515 1244 2548; x_wconf 90' lang='grc' dir='ltr'><em>ων</em></span> <span class='ocrx_word' id='word_1_245' title='bbox 1276 2493 1364 2548; x_wconf 87' lang='grc' dir='ltr'><em>ἐπὶ</em></span> <span class='ocrx_word' id='word_1_246' title='bbox 1396 2494 1594 2591; x_wconf 87' lang='grc' dir='ltr'><em>σχολης</em></span> <span class='ocrx_word' id='word_1_247' title='bbox 1624 2514 1757 2564; x_wconf 89' lang='grc' dir='ltr'><em>μνη-</em></span> 
     </span>
     <span class='ocr_line' id='line_1_29' title="bbox 151 2571 1804 2652; baseline 0.003 -25"><span class='ocrx_word' id='word_1_248' title='bbox 151 2571 405 2644; x_wconf 84' lang='grc' dir='ltr'><em>μονεύσω</em></span> <span class='ocrx_word' id='word_1_249' title='bbox 439 2576 498 2631; x_wconf 90' lang='grc' dir='ltr'><em>ἐν</em></span> <span class='ocrx_word' id='word_1_250' title='bbox 526 2587 645 2641; x_wconf 87' lang='grc' dir='ltr'><em>ταῖς</em></span> <span class='ocrx_word' id='word_1_251' title='bbox 674 2581 858 2642; x_wconf 84' lang='grc' dir='ltr'><em>θείαις</em></span> <span class='ocrx_word' id='word_1_252' title='bbox 888 2577 1215 2650; x_wconf 80' lang='grc' dir='ltr'><em>φερομένων</em></span> <span class='ocrx_word' id='word_1_253' title='bbox 1237 2588 1496 2649; x_wconf 83' lang='grc' dir='ltr'><em>γραφαῖς,</em></span> <span class='ocrx_word' id='word_1_254' title='bbox 1528 2573 1635 2652; x_wconf 78' lang='grc' dir='ltr'><em>ὅτῳ</em></span> <span class='ocrx_word' id='word_1_255' title='bbox 1661 2582 1757 2648; x_wconf 86' lang='grc' dir='ltr'><em>φί-</em></span> <span class='ocrx_word' id='word_1_256' title='bbox 1783 2599 1804 2631; x_wconf 83' lang='lat' dir='ltr'><strong>b</strong></span> 
     </span>
     <span class='ocr_line' id='line_1_30' title="bbox 153 2652 1760 2734; baseline 0.003 -22"><span class='ocrx_word' id='word_1_257' title='bbox 153 2663 252 2713; x_wconf 92' lang='grc' dir='ltr'><em>λον</em></span> <span class='ocrx_word' id='word_1_258' title='bbox 293 2652 666 2726; x_wconf 77' lang='grc' dir='ltr'><em>ἀναλέξασθαι</em></span> <span class='ocrx_word' id='word_1_259' title='bbox 705 2684 799 2727; x_wconf 93' lang='grc' dir='ltr'><em>τας</em></span> <span class='ocrx_word' id='word_1_260' title='bbox 851 2683 1193 2734; x_wconf 89' lang='grc' dir='ltr'><em>προφητικας</em></span> <span class='ocrx_word' id='word_1_261' title='bbox 1245 2684 1463 2732; x_wconf 84' lang='grc' dir='ltr'><em>φωνας,</em></span> <span class='ocrx_word' id='word_1_262' title='bbox 1496 2658 1760 2717; x_wconf 86' lang='grc' dir='ltr'><em>αυτόθεν</em></span> 
     </span>
    </p>
   </div>
   <div class='ocr_carea' id='block_1_3' title="bbox 196 2795 487 2800">
    <p class='ocr_par' dir='ltr' id='par_1_8' title="bbox 196 2795 487 2800">
     <span class='ocr_line' id='line_1_31' title="bbox 196 2795 487 2800; baseline 0 0"><span class='ocrx_word' id='word_1_263' title='bbox 196 2795 487 2800; x_wconf 95' lang='lat' dir='ltr'><em> </em></span> 
     </span>
    </p>
   </div>
   <div class='ocr_carea' id='block_1_4' title="bbox 31 2747 51 2833">
    <p class='ocr_par' dir='ltr' id='par_1_9' title="bbox 31 2747 51 2833">
     <span class='ocr_line' id='line_1_32' title="bbox 31 2747 51 2833; textangle 90"><span class='ocrx_word' id='word_1_264' title='bbox 31 2782 50 2833; x_wconf 54' lang='lat'><em>‘6⁷&#39;</em></span> <span class='ocrx_word' id='word_1_265' title='bbox 43 2747 51 2749; x_wconf 60' lang='lat' dir='ltr'>v</span> 
     </span>
    </p>
   </div>
   <div class='ocr_carea' id='block_1_5' title="bbox 157 2878 1756 2987">
    <p class='ocr_par' dir='ltr' id='par_1_10' title="bbox 157 2878 1756 2987">
     <span class='ocr_line' id='line_1_33' title="bbox 267 2878 1756 2933; baseline 0.002 -15"><span class='ocrx_word' id='word_1_266' title='bbox 267 2879 292 2918; x_wconf 88' lang='lat'><strong>3</strong></span> <span class='ocrx_word' id='word_1_267' title='bbox 322 2878 434 2918; x_wconf 84' lang='lat' dir='ltr'>Hos.</span> <span class='ocrx_word' id='word_1_268' title='bbox 458 2880 498 2931; x_wconf 62' lang='grc' dir='ltr'><em>ι),</em></span> <span class='ocrx_word' id='word_1_269' title='bbox 521 2881 587 2922; x_wconf 70' lang='lat'><em>⁶23.</em></span> <span class='ocrx_word' id='word_1_270' title='bbox 822 2883 872 2921; x_wconf 77' lang='lat'><em>12</em></span> <span class='ocrx_word' id='word_1_271' title='bbox 903 2882 981 2922; x_wconf 79' lang='lat' dir='ltr'><em>Es.</em></span> <span class='ocrx_word' id='word_1_272' title='bbox 1004 2883 1069 2930; x_wconf 67' lang='lat'><em>452,</em></span> <span class='ocrx_word' id='word_1_273' title='bbox 1097 2883 1132 2922; x_wconf 89' lang='lat'><em>1.</em></span> <span class='ocrx_word' id='word_1_274' title='bbox 1156 2882 1193 2920; x_wconf 89' lang='lat'><em>6.</em></span> <span class='ocrx_word' id='word_1_275' title='bbox 1433 2883 1483 2922; x_wconf 78' lang='lat'><em>14</em></span> <span class='ocrx_word' id='word_1_276' title='bbox 1514 2883 1588 2924; x_wconf 80' lang='lat' dir='ltr'><em>Es.</em></span> <span class='ocrx_word' id='word_1_277' title='bbox 1622 2884 1690 2933; x_wconf 81' lang='lat'><em>42,</em></span> <span class='ocrx_word' id='word_1_278' title='bbox 1717 2885 1756 2922; x_wconf 84' lang='lat'><em>4.</em></span> 
     </span>
     <span class='ocr_line' id='line_1_34' title="bbox 157 2933 470 2987; baseline 0.016 -15"><span class='ocrx_word' id='word_1_279' title='bbox 157 2933 208 2972; x_wconf 79' lang='lat'><em>18</em></span> <span class='ocrx_word' id='word_1_280' title='bbox 238 2934 312 2974; x_wconf 82' lang='lat' dir='ltr'><em>Es.</em></span> <span class='ocrx_word' id='word_1_281' title='bbox 335 2935 407 2987; x_wconf 88' lang='lat'><em>49,</em></span> <span class='ocrx_word' id='word_1_282' title='bbox 430 2936 470 2977; x_wconf 86' lang='lat'><em>8.</em></span> 
     </span>
    </p>
   </div>
   <div class='ocr_carea' id='block_1_6' title="bbox 1387 3007 1457 3022">
    <p class='ocr_par' dir='ltr' id='par_1_11' title="bbox 1387 3007 1457 3022">
     <span class='ocr_line' id='line_1_35' title="bbox 1387 3007 1457 3022; baseline 0 -5"><span class='ocrx_word' id='word_1_283' title='bbox 1387 3007 1414 3022; x_wconf 68' lang='grc' dir='ltr'><em>μ-</em></span> <span class='ocrx_word' id='word_1_284' title='bbox 1432 3007 1457 3017; x_wconf 83' lang='lat'><em>.·.</em></span> 
     </span>
    </p>
   </div>
   <div class='ocr_carea' id='block_1_7' title="bbox 1396 3018 1409 3057">
    <p class='ocr_par' dir='ltr' id='par_1_12' title="bbox 1396 3018 1473 3057">
     <span class='ocr_line' id='line_1_36' title="bbox 1396 3018 1409 3057; baseline -0.052 0"><span class='ocrx_word' id='word_1_285' title='bbox 1396 3018 1409 3057; x_wconf 76' lang='grc' dir='ltr'><em>ί</em></span> 
     </span>
    </p>
   </div>
  </div>
 </body>
</html>
