1992 3186
534 133 844 178 DEMONST.
871 104 1092 178 EVANG.
1124 134 1205 175 1v.
1240 134 1280 176 8.
1305 136 1346 175 9.
1644 133 1747 185 227

136 246 293 309 τοῦ’
266 247 504 324 αοροῖτου
533 255 805 324 θεωρίας,
838 247 912 316 ὥς
941 244 1013 307 ἂν
1037 247 1129 306 διά
1151 272 1299 315 τινος
1324 246 1614 321 ἐσόπτρου,
1646 271 1746 306 πα-

137 338 594 410 ρεμφαινομένης.

263 419 354 475 ΙΧ.
401 419 513 475 Καὶ
553 416 617 474 τὰ
659 441 760 490 μεν
808 408 918 474 ωδε
961 419 1216 474 διέκειτο
1273 414 1339 474 τὰ
1381 417 1440 474 δὲ
1471 419 1564 490 τῆς
1594 413 1788 475 ἄντι-ο

136 501 316 562 πάλου
340 504 430 561 καὶ
455 501 818 573 ἆποστατικῆς
856 500 1172 598 δυνάμεως,
1199 510 1306 558 εἴτε
1332 499 1613 574 δαιμόνων
1638 510 1747 559 εἰτε

95 590 230 644 5καὶ
270 586 537 689 χειρόνων
577 583 764 643 ἄλλων
803 583 1136 658 πνευμάτων
1177 587 1237 642 ἐν
1275 593 1439 661 κακία
1479 585 1538 643 τὸ
1578 589 1748 643 πλέον

135 675 228 729 καὶ
257 673 421 744 ἧττον
461 667 923 745 ἀποφερομένων,
964 676 1043 727 ἔτι
1073 693 1131 726 τε
1169 671 1262 726 καὶ
1302 675 1399 727 τοῦ
1430 668 1655 727 πάντων
1687 674 1747 727 ἐν

134 755 346 823 τούτοις
396 753 658 828 α’ρχοντος
712 759 900 811 δεινοῦ
946 776 1093 819 τινος
1141 758 1641 827 μεγαλοδαίμονος,
1694 762 1750 810 οἳ

135 846 342 914 πρῶτοι
381 845 477 911 τῆς
519 844 596 905 εἰς
634 836 694 896 τὸ
725 848 886 896 θεῖον
920 835 1206 909 εὐσεβείας
1247 836 1618 904 σαλεύσαντες
1651 843 1745 910 τῆς

135 930 340 991 οἰκείας
361 922 563 996 λήξεως
593 919 1043 994 ἀποπεπτώκασι,
1074 920 1275 997 φθόνῳ
1306 927 1400 994 τῆς
1424 920 1746 994 ἀνθρώπων

71 1032 112 1065 ιο
134 1014 408 1083 σωτηρίας
437 1005 539 1078 τὴν
570 1010 829 1064 ἐναντίαν
860 1003 1007 1062 εἷλκε
1037 1011 1323 1072 παντοίαις
1347 1013 1540 1072 κακίας
1571 1030 1746 1079 μηχα-
1770 1031 1793 1063 d

134 1107 255 1160 ναῖς
286 1095 419 1149 πᾶσι
449 1104 562 1158 τοῖς
588 1097 779 1148 ε’θνεσι
810 1092 902 1146 καὶ
933 1087 1086 1146 αὐτω
1109 1113 1183 1146 τω
1207 1095 1304 1147 τοῦ
1336 1097 1534 1164 κυρίου
1559 1090 1744 1165 κλήρῳ

133 1182 408 1251 βασκανία
438 1199 551 1233 των
579 1172 813 1247 αγαθῶν
841 1148 1290 1246 ἐπιβουλεύοντα.
1344 1178 1391 1231 2.
1424 1172 1519 1232 τὸν
1546 1174 1614 1247 δὴ
1641 1198 1708 1231 ου
1714 1199 1746 1231 ν

132 1266 231 1317 τοῦ
276 1264 745 1334 μεγαλοδαίμονος
789 1255 965 1316 ἄθεον
1010 1260 1100 1315 καὶ
1147 1255 1322 1331 ασεβῆ
1369 1258 1632 1332 λογισμὸν
1683 1258 1742 1316 τὸ

133 1348 352 1417 πνεῦμα
383 1342 442 1400 τὸ
473 1342 815 1416 προφητικὸν
847 1346 907 1400 ἐν
931 1341 1130 1418 ”Ησα’ί“α
1171 1335 1283 1400 (5δέ
1310 1366 1426 1410 πως
1457 1342 1744 1417 ἆπελέγχει

72 1451 112 1483 15
137 1429 324 1500 λέγον·
369 1427 487 1484 εἷπε
528 1426 632 1500 γὰρ
656 1422 756 1484 “ἐν
794 1432 860 1500 τῇ
892 1425 1045 1499 ἰσχύϊ
1070 1425 1310 1499 ποιήσω,
1355 1429 1447 1484 καὶ
1476 1431 1542 1501 τῇ
1574 1435 1744 1502 σοφίᾳ

134 1518 229 1584 τῆς
260 1514 535 1578 συνέσεως
565 1507 752 1582 ἆφελῶ
784 1508 909 1584 ὅρια
942 1514 1160 1582 ἐθνῶν,
1193 1513 1284 1567 καὶ
1313 1509 1416 1582 τὴν
1447 1511 1608 1585 ἰσχὺν
1640 1509 1744 1568 αὐ-

134 1598 246 1652 τῶν
284 1593 676 1668 προνομεύσω,
725 1596 818 1651 καὶ
858 1600 1028 1651 σείσω
1069 1593 1254 1661 πόλεις
1295 1598 1740 1668 κατοικουμένας.

133 1681 224 1736 καὶ
264 1678 365 1750 τὴν
405 1680 738 1752 οἰκουμένην
778 1676 914 1750 ὅλην
955 1677 1338 1751 καταλήψομαι
1376 1682 1441 1753 τῇ
1486 1681 1625 1751 χειρὶ
1669 1677 1742 1746 ὥς

132 1762 390 1836 νοσσιὰν,
433 1766 525 1819 καὶ
565 1761 638 1828 ὥς
675 1765 1141 1835 καταλελειμμένα
1182 1761 1262 1819 ὠὰ
1309 1759 1454 1834 ἀροῖ,
1506 1765 1597 1820 καὶ
1639 1762 1742 1820 οὐκ

68 1871 110 1903 20
135 1853 284 1904 ἔσται
314 1844 372 1914 ὃς
405 1845 762 1920 διαφεύξεταί
786 1871 883 1920 με,
914 1843 948 1918 ἢ
979 1844 1211 1920 ἀντείπῃ
1243 1844 1388 1919 μοι.”

258 1935 306 1988 3.
339 1923 522 1989 Αὗται
546 1936 607 1988 αἰ
623 1933 724 1988 τοῦ
746 1929 1028 2004 θεομάχου
1051 1932 1237 2004 φωναὶ
1263 1932 1351 1988 ἐπὶ
1377 1937 1569 1998 κακίας
1596 1931 1848 2005 ἰσχύϊιιῡω

131 2017 684 2089 μεγαλαυχουμένου,
730 2018 822 2072 καὶ
866 2014 960 2081 τὰς
1006 2013 1141 2089 πρὸς
1186 2019 1285 2072 τοῦ
1335 2013 1579 2082 ὑψίστου
1629 2030 1741 2082 τοῖς

131 2094 381 2171 ἀγγέλοις
421 2105 835 2172 παραδοθείσας
875 2102 988 2156 τῶν
1027 2103 1215 2157 ἐθνῶν
1254 2095 1550 2174 ὁροθεσίας
1583 2106 1743 2172 διαρ-

130 2182 300 2240 πάσαι
331 2185 423 2240 καὶ
455 2197 684 2257 συγχεῖν
713 2180 1090 2256 ἀπειλοῦντος,
1122 2182 1522 2258 προνομεύσειν
1552 2207 1611 2241 τε
1640 2184 1742 2257 τὴν

67 2289 108 2322 25
131 2270 463 2340 οἰκουμένην
502 2269 594 2324 καὶ
635 2271 746 2325 πᾶν
785 2267 844 2324 τὸ
884 2274 997 2325 τῶν
1040 2265 1361 2340 ἀνθρώπων
1392 2271 1549 2340 γένος
1591 2275 1742 2326 διεκ-

130 2357 336 2408 σείσειν
359 2354 452 2408 καὶ
483 2350 845 2424 μεταστήσειν
867 2358 962 2424 τῆς
988 2356 1254 2426 προτέρας
1284 2348 1534 2420 εὐταξίας
1558 2349 1739 2409 ἄπαυ-

130 2437 548 2508 θαδιαζομένου.
621 2440 670 2493 4.
704 2434 868 2493 ὁποῖα
908 2437 970 2493 δε
1011 2460 1248 2534 qmovcov'
1269 2439 1396 2507 περὶ
1440 2438 1641 2493 εαυτοῦ
1673 2435 1738 2491 τα

131 2523 355 2575 τοιαῦτα
407 2516 764 2591 ἠλαζονεύετο
816 2518 985 2578 ἄκουε
1036 2523 1130 2593 τῆς
1180 2517 1349 2591 αυτῆς
1400 2526 1739 2592 προφητείας

131 2592 241 2658 ωδε
282 2600 450 2659 παλιν
490 2606 616 2675 περὶ
657 2601 829 2661 αὐτοῦ
860 2602 1226 2678 φραζούσης“
1235 2627 1351 2670 πως
1392 2606 1645 2671 ἐξέπεσεν
1678 2608 1737 2660 ἐκ

477 2685 593 2706 νθῑ

64 2707 107 2738 30
130 2688 228 2743 τοῦ
257 2709 499 2759 ουρανου
529 2711 557 2743 o
593 2687 920 2761 Εωσφόρος,
952 2687 980 2744 ὁ
1014 2693 1160 2761 πρωϊ
1187 2684 1530 2757 (Ξνατέλλωνς
1572 2706 1784 2746 συνε--υ

246 2882 296 2919 15
327 2879 403 2922 Es.
430 2881 498 2931 10,
525 2882 591 2920 13.
765 2881 818 2920 29
850 2881 926 2920 Es.
951 2882 1017 2929 14,
1046 2881 1110 2919 12.

1350 2947 1454 3000 15*
