1992 3186
255 111 360 163 462
959 108 1207 150 Ensssssn

257 226 459 300 ἀστέρα
513 229 574 282 ἐν
624 228 690 298 τῇ
733 221 1003 296 ἀνατολῇ,
1058 226 1151 280 καὶ
1191 221 1442 297 ἤλθομεν
1483 230 1868 299 προσκυνῆσαι

259 310 421 387 αὐτῷ.
464 307 706 375 ἀκούσας
739 309 799 365 δὲ
822 306 851 364 ὁ
876 306 1137 379 βασιλεὺς
1160 303 1412 382 Ἡρώδης
1443 308 1741 382 ἐταράχθη,
1774 313 1871 385 καὶ,

258 399 405 451 πάσα
435 391 844 465 ἡἹεροσόλυμα
874 389 996 464 μετ’
1031 390 1218 449 αὐτοῦ.
1295 396 1376 450 11.
1410 395 1502 450 καὶ
1533 394 1869 466 συναγαγών

258 478 466 543 πάντας
489 475 617 542 τοὺς
641 475 915 550 ἀρχιερεῖς
940 478 1032 532 καὶ
1055 490 1392 548 γραμματεῖς
1414 482 1514 533 τοῦ
1538 481 1676 534 λαοῦ
1703 481 1868 536 ἐπυν-

255 561 461 619 θάνετο
503 557 637 632 παρ’
681 558 868 617 αὐτῶν
907 563 1017 617 ποῦ
1049 559 1078 617 ὁ
1111 558 1345 632 Χριστὸς
1384 565 1661 632 γεννᾶται.
1723 566 1781 619 οἰ
1807 564 1911 620 δεῖ)

258 645 415 703 εἷπον
446 643 598 719 αὐτῷ
611 689 626 717 ,
673 648 733 702 ἐν
762 645 1019 717 Βηθλεὲμ
1057 648 1154 716 τῆς
1191 642 1478 710 Ἰουδαίας.
1549 644 1724 713 οὕτως
1763 646 1868 720 γάρ

255 732 557 803 γέγραπται
587 727 678 786 διὰ
707 734 807 786 τοῦ
837 726 1156 801 προφήτου,
1197 730 1288 785 καὶ
1333 727 1404 785 σύ
1435 730 1691 802 Βηθλεὲμ
1720 730 1870 799 οἶκος

256 817 354 870 τοῦ
391 810 644 886 Ἐφραθά
684 810 942 886 οὐδαμῶς
985 815 1241 885 ἐλαχίστη
1284 812 1335 869 εἷ
1374 816 1434 870 ἐν
1462 828 1577 881 τοῖς
1606 809 1872 886 ἡγεμόσιν

251 894 443 956 Ἰούδα.
508 901 568 955 ἐκ
598 901 701 954 σοῦ
731 894 836 971 γὰρ
863 896 1203 965 ἐξελεύσεται
1225 892 1550 971 ἡγούμενος,
1582 896 1731 964 ὅστις
1753 921 1871 957 ποι·
1904 970 1907 973 ᾗ
1967 948 1974 954 .

256 997 423 1055 μανεῖ
447 981 544 1039 τὸν
575 979 711 1038 λαόν
733 1006 842 1054 μου
863 981 961 1038 τὸν
985 978 1213 1053 Ἰσραήλ.
1267 980 1390 1038 τότε
1412 979 1664 1055 Ἡρώδης
1687 981 1872 1057 λάθρα
1893 1008 1935 1040 10

257 1067 491 1132 καλέσας
521 1063 650 1132 τούς
679 1065 889 1138 μάγους
920 1062 1198 1136 ἦκρίβωσε
1230 1064 1362 1138 παρ’
1398 1064 1587 1123 αὐτῶν
1615 1064 1713 1123 τὸν
1742 1066 1872 1140 χρό-

256 1175 357 1207 νον
386 1153 487 1207 τοῦ
515 1154 859 1222 φαινομένου
890 1148 1132 1222 ἀστέρος.
1186 1154 1270 1205 12.
1302 1152 1395 1206 καὶ
1419 1153 1638 1223 πέμψας
1668 1147 1872 1219 αὐτούς

144 1259 236 1300 (343)
263 1241 340 1300 εἰς
380 1234 637 1306 Βηθλεὲμ
688 1234 834 1306 εἶπε,
886 1235 1257 1305 πορευθέντες
1307 1233 1594 1301 ἐξετάσατε
1631 1232 1873 1307 ἀκριβῶς

258 1321 384 1389 περὶ
414 1323 512 1374 τοῦ
543 1323 786 1375 παιδίου.
851 1317 989 1375 ἐπὰν
1022 1318 1082 1374 δὲ
1113 1315 1338 1390 εὕρητε,
1370 1314 1735 1390 ἀναγγείλατέ
1760 1344 1871 1392 μοι,

257 1400 405 1468 ὅπως
447 1401 598 1473 κάγώ
642 1400 826 1458 ἐλθών
866 1400 1236 1474 προσκυνήσω
1277 1398 1442 1478 αὐτῷ.
1514 1407 1570 1459 οἱ
1609 1403 1669 1459 δὲ·
1699 1399 1871 1461 ἀκού-
1895 1426 1935 1460 15

258 1504 453 1552 σαντες
483 1492 582 1543 τοῦ
613 1487 883 1558 βασιλέως
915 1484 1322 1559 ἐπορεύθησαν.
1364 1488 1457 1543 καὶ
1481 1479 1651 1543 ι’δου“
1626 1511 1654 1543 ο
1678 1483 1872 1560 ἀστὴρ,

256 1594 320 1627 ον
353 1570 505 1627 εἶδον
538 1573 598 1627 ἐν
627 1575 694 1643 τῇ
727 1568 987 1644 ἀνατολῇ,
1019 1576 1264 1643 προῆγεν
1293 1566 1520 1641 αὐτοὺς,
1553 1573 1656 1637 ἕως
1687 1569 1873 1630 ἐλθων

257 1661 383 1726 ἔστη
416 1652 601 1712 ἐπάνω
631 1678 699 1711 ου
729 1678 799 1726 ην
828 1653 888 1711 τὸ
919 1658 1161 1711 παιδίον.
1207 1652 1420 1721 ἰδόντες
1452 1655 1513 1711 δε
1543 1654 1640 1712 τὸν
1669 1651 1872 1727 ἀστέρα

258 1736 536 1811 ἐχάρησαν
566 1763 743 1811 χαραν
782 1735 1030 1811 μεγάλην
1059 1736 1293 1810 σφόδρα.
1367 1743 1446 1794 13.
1482 1740 1574 1795 καὶ
1608 1738 1866 1806 ἐλθόντες

146 1846 233 1888 [2131
261 1829 338 1887 εἰς
367 1821 470 1894 τὴν
499 1828 682 1879 οἰκίαν
715 1822 868 1879 εἶδον
897 1820 957 1878 τὸ
982 1827 1210 1878 παιδίον
1231 1819 1367 1894 μετὰ
1397 1828 1624 1893 Μαρίας
1653 1827 1748 1894 τῆς
1771 1847 1871 1896 μη·
1894 1847 1936 1880 20

255 1906 380 1977 τρός
412 1904 615 1978 αὐτοῦ,
656 1908 749 1962 καὶ
789 1903 1050 1969 πεσόντες
1079 1902 1506 1977 προσεκύνησαν
1536 1903 1702 1981 αὐτῷ.
1777 1910 1871 1964 καὶ

257 1986 574 2056 ἀνοίξαντες
604 1988 733 2054 τούς
762 1985 1084 2060 θησαυροὺς
1129 1987 1315 2045 αὐτῶν
1353 1987 1743 2061 προσήνεγκαν
1773 1989 1869 2047 αὐ-

213 2099 231 2128 b
256 2077 331 2147 τῷ
366 2076 534 2144 δῶρα,
567 2071 775 2144 χρυσὸν
804 2074 897 2128 καὶ
927 2077 1162 2142 λίβανον
1183 2075 1275 2129 καὶ
1297 2071 1567 2145 σμύρναν.
1620 2076 1711 2131 καὶ
1741 2099 1869 2147 χρη-

258 2158 619 2228 ματισθέντες
650 2152 771 2212 κατ’
816 2152 953 2226 ὄναρ
995 2155 1068 2227 μὴ
1099 2154 1422 2229 ἀνακάμψαι
1452 2155 1588 2230 πρὸς
1611 2156 1869 2231 “Ηρω’δην

261 2236 333 2296 δι’
377 2237 544 2311 ἄλλης
583 2235 719 2296 ὁδοῦ
760 2237 1122 2311 ἀνεχώρησαν
1161 2245 1238 2305 εἰς
1276 2238 1378 2311 τὴν
1409 2239 1595 2312 χώραν
1624 2239 1864 2299 αὐτῶν.”
1889 2265 1931 2299 25

262 2328 342 2381 14.
376 2321 477 2380 ὅλα
519 2324 581 2381 δὲ
610 2329 787 2380 ταῦτα
834 2324 1100 2395 ἐξεθέμην
1141 2329 1217 2389 εἰς
1247 2322 1593 2395 παράστασιν
1623 2327 1735 2381 τῶν
1766 2347 1869 2382 πε·-

259 2410 593 2480 πραγμένων
637 2409 724 2465 ἐπὶ
764 2410 833 2480 τῇ
866 2410 925 2463 ἐν
954 2408 1209 2479 Βηθλεὲμ
1239 2409 1452 2479 γενέσει
1495 2412 1592 2465 τοῦ
1623 2415 1867 2481 σωτῆρος

258 2490 445 2565 ἡμῶν,
488 2496 692 2564 ἐναργῆ
729 2490 993 2564 τεκμήρια
1032 2493 1339 2564 παρέχοντα
1380 2490 1551 2549 αὐτὸν
1591 2491 1734 2549 εἶναι
1771 2492 1869 2550 τὸν

259 2574 370 2633 ὑπὸ
402 2580 498 2648 τῆς
538 2582 875 2649 προφητείας
916 2573 1275 2648 δηλούμενον.
1352 2579 1429 2632 15.
1466 2579 1557 2633 καὶ
1588 2583 1666 2643 είς
1699 2581 1867 2648 δεῦρο

261 2661 320 2716 δὲ
352 2665 409 2717 οἱ
435 2658 529 2717 τὸν
559 2661 727 2717 τόπον
757 2664 1056 2731 οἰκοῦντες,
1089 2658 1161 2726 ὡς
1194 2663 1252 2716 ἐκ
1275 2662 1527 2733 πατέρων
1559 2666 1636 2726 εἰς
1667 2659 1866 2728 αὐτούς
1887 2687 1931 2719 3ο

260 2742 637 2816 κατελθούσης
680 2743 1066 2817 παραδόσεως,
1109 2758 1221 2810 τοῖς
1261 2748 1372 2800 τῶν
1403 2743 1589 2800 τόπων
1621 2748 1865 2816 ἱστορίας

259 2826 422 2899 χάριν
454 2834 530 2893 εἰς
560 2826 662 2899 τὴν
678 2829 932 2900 Βηθλεὲμ
963 2826 1390 2900 ἀφικνουμένοις
1420 2831 1759 2901 μαρτυροῦσι
1789 2831 1867 2904 τῷ
