1992 3186
243 138 347 191 256
922 139 1168 181 EUSEBH

245 253 394 314 σου.”
455 261 538 312 56.
586 255 682 312 τὸν
713 255 782 327 δὴ
813 248 919 312 οῦν
949 257 1241 312 κάνταῦθα
1271 251 1371 313 ὐπ’
1422 253 1593 313 αὐτοῦ
1632 260 1730 313 τοῦ
1763 257 1852 313 ἐπὶ

135 363 221 406 [115]
246 339 471 398 πάντων
499 345 639 397 θεοῦ
670 348 959 412 κεχρῖσθαι
990 342 1480 414 μεμαρτυρημένον
1509 344 1624 406 πῶς
1655 335 1724 397 ἀν
1758 338 1851 397 ἀλ·

247 433 355 490 λως
384 448 464 489 τις
494 421 820 495 ὀνομάσειεν
849 419 884 494 ἢ
907 421 1177 493 Χριστόν;
1209 429 1403 496 ἔχομεν
1422 429 1719 498 τοιγαροῦν
1743 421 1851 497 ἤδη

247 511 338 565 καὶ
380 507 470 564 διὰ
515 505 725 563 τούτων
758 504 861 563 δύο
891 509 990 563 τοῦ
1022 509 1427 578 θεσπιζομένου
1459 517 1848 582 προσηγορίας,

246 596 486 663 Χριστοῦ
528 592 619 647 καὶ
661 589 974 662 ἀγαπητοῦ,
1017 588 1138 656 ἑνὸς
1181 593 1272 647 καὶ
1310 595 1407 647 τοῦ
1449 590 1622 648 αὐτοῦ
1653 599 1892 665 κεκλη-5

198 702 216 732 a
243 678 414 747 μένου
445 678 545 732 τοῦ
573 677 668 746 τῆς
699 680 931 748 χρίσεως
952 679 1157 731 αἰτίου·
1211 673 1295 731 διὸ
1327 676 1540 747 λέγεται
1559 685 1852 748 κεχρῖσθαι
1890 703 1893 706 ·

244 759 271 815 ὁ
307 758 644 832 δηλούμενος
674 765 750 835 τῷ
781 763 875 831 τῆς
907 755 1279 830 ἀγαλλιάσεως
1314 761 1493 834 ἐλαίῳ.
1535 757 1639 830 τὴν
1670 763 1853 816 αἰτίαν

247 843 586 915 ἐκδιδάσκει,
620 841 736 914 ἥτις
767 840 1146 915 ἀναδραμόντι
1176 860 1262 899 σοι
1292 843 1507 917 μικρὸν,
1549 848 1758 915 μᾶλλον
1791 843 1852 900 δὲ

242 925 342 999 τὴν
373 930 558 984 πᾶσαν
589 926 843 983 διάνοιαν
873 930 968 998 τῆς
1007 929 1202 994 λέξεως
1240 926 1681 1027 ἐπιθεωρήσαντι
1715 925 1852 999 δήλη

244 1017 409 1068 ἔσται.
486 1015 569 1068 57.
603 1013 742 1083 φησὶ
771 1017 968 1068 τοίνυν
997 1006 1025 1067 ὁ
1065 1009 1290 1083 Ψαλμὸς
1321 1007 1472 1087 αὐτῷ
1504 1010 1573 1082 δὴ
1605 1016 1678 1088 τῷ
1719 1033 1850 1084 προ·
1875 1038 1915 1071 10

243 1098 602 1195 φητευομένῳ
636 1099 855 1170 Χριστῷ
887 1096 978 1150 καὶ
1009 1092 1271 1170 ἀγαπητῷ
1303 1100 1401 1151 τοῦ
1426 1069 1567 1151 θεοῦ
1588 1112 1853 1168 προσφω-

241 1184 357 1236 νῶν
386 1177 452 1235 τά
481 1182 659 1254 μικρῷ
688 1177 940 1251 πρόσθεν
972 1180 1343 1251 ἐκτεθειμένα,
1377 1181 1437 1236 ἐν
1467 1176 1547 1244 οἷς
1580 1177 1798 1252 εἴρητο
1801 1175 1850 1235 ὁ

241 1261 446 1335 θρόνος
476 1280 578 1319 σου
610 1265 638 1319 ὁ
669 1262 800 1328 θεὸς
833 1268 909 1328 εἰς
940 1260 1036 1319 τὸν
1067 1265 1242 1318 αἰωνα
1264 1265 1364 1319 τοῦ
1395 1268 1614 1334 αἰῶνος,
1647 1261 1851 1337 ράβδος

243 1344 545 1419 εὐθύτητος
574 1343 608 1418 ἡ
635 1345 840 1420 ῥάβδος
868 1350 962 1419 τῆς
986 1351 1268 1418 βασιλείας
1294 1364 1410 1403 σου.
1455 1343 1743 1419 ἠγάπησας
1772 1351 1850 1403 δι-

242 1430 547 1502 καιοσύνην
578 1432 668 1486 καὶ
697 1433 958 1503 ε’μίσησας
989 1428 1237 1486 ἀδικίαν·
1275 1427 1365 1486 διὰ
1386 1434 1546 1487 τοῦτο
1579 1433 1763 1505 ἔχρισέ
1790 1450 1851 1489 σε
1875 1457 1915 1489 15

242 1510 269 1570 ὁ
307 1513 438 1580 θεὸς
477 1513 506 1571 ὁ
547 1513 678 1580 θεός
723 1532 824 1571 σου
876 1520 1062 1571 ἔλαιον
1111 1511 1488 1586 ἀγαλλιάσεως
1537 1513 1685 1588 παρὰ
1724 1513 1852 1580 τούς

131 1625 220 1666 (181)
246 1597 506 1671 μετόχους
557 1595 705 1655 σου.”
777 1602 860 1654 58.
921 1600 1122 1666 σκέψαι
1166 1605 1462 1671 τοιγαροῦν
1515 1604 1567 1655 εἰ
1612 1596 1686 1671 μὴ
1734 1604 1851 1675 θεῷ

240 1686 413 1739 ταῦτα
453 1696 868 1756 προσεφωνεϊτο
908 1679 1184 1754 ἄντικρυς.
1259 1680 1331 1738 σύ
1382 1681 1514 1755 γὰρ,
1567 1683 1768 1754 φησὶν,
1820 1677 1849 1738 ὁ

242 1764 374 1832 θεός
414 1765 537 1823 ἀντὶ
577 1768 680 1822 τοῦ
719 1759 762 1822 ὦ
795 1767 919 1822 θεέ·
962 1762 1029 1822 “ὁ
1067 1764 1273 1837 θρόνος
1305 1784 1407 1822 σου
1440 1771 1517 1831 εἰς
1545 1763 1642 1822 τὸν
1673 1769 1850 1823 αἰῶνα

241 1855 339 1906 τοῦ
371 1855 571 1916 αἰῶνος
601 1845 868 1923 ὑπάρχει,
901 1852 992 1906 καὶ
1024 1848 1230 1923 ῥάβδος
1257 1846 1560 1920 εὐθύτητος
1584 1845 1617 1922 ἡ
1641 1848 1849 1922 ῥάβδος
1872 1876 1913 1908 20

241 1939 337 2005 τῆς
361 1940 642 2005 βασιλείας
668 1952 783 1991 σου.
829 1938 920 1990 καὶ
946 1935 1066 1990 ἐπεὶ
1088 1931 1159 1990 σύ
1176 1931 1340 1998 αὐτὸς
1363 1929 1391 1989 ὁ
1414 1931 1546 1999 θεὸς
1561 1929 1850 2006 ἠγάπησας

246 2016 609 2090 δικαιοσύνην
639 2020 731 2074 καὶ
765 2022 1027 2090 ἐμίσησας
1057 2014 1302 2089 ἀδικίαν,
1347 2016 1437 2073 δια
1478 2019 1636 2074 τοῦτο
1669 2019 1855 2090 ἔχρισέ

244 2116 305 2155 σε
335 2097 363 2156 ὁ
396 2100 526 2166 θεὸς
557 2100 585 2156 ὁ
627 2100 759 2167 θεός
800 2122 930 2174 σου,
973 2103 1064 2158 καὶ
1095 2100 1337 2175 Χριστόν
1368 2118 1430 2157 σε
1461 2099 1610 2174 παρὰ
1640 2100 1848 2165 πάντας

243 2181 666 2255 κατεστήσατο.”
701 2184 1029 2256 λευκότερον
1046 2186 1106 2241 δὲ
1130 2183 1346 2242 τούτων
1369 2181 1403 2256 ἡ
1429 2180 1700 2257 Ἑβραίων
1711 2207 1847 2254 παρ-

245 2272 425 2340 ίστησι
455 2264 662 2340 γραφὴ,
695 2264 766 2337 ἣν
796 2266 930 2340 πρὸς
958 2265 1248 2341 ἀκρίβειαν
1281 2265 1602 2339 ἑρμηνεύων
1631 2265 1660 2322 ὁ
1684 2264 1848 2324 Ἀκύ-
1871 2293 1912 2325 25

243 2358 340 2416 λας
373 2343 486 2407 ὧδέ
511 2373 627 2415 πως
653 2351 918 2417 ἐξέδωκεν
943 2349 1115 2407 εἰπών
1138 2346 1205 2406 “ὁ
1230 2349 1434 2422 θρόνος
1459 2367 1580 2422 σου,
1611 2351 1737 2421 θεὲ,
1771 2357 1849 2417 εἰς

199 2461 220 2493 b
245 2438 420 2492 αἰῶνα
450 2437 542 2491 καὶ
574 2440 651 2491 ἔτι
683 2436 965 2507 σκῆπτρον
997 2432 1334 2506 εὐθύτητος,
1377 2439 1657 2508 σκῆπτρον
1692 2440 1844 2505 βασν

243 2525 394 2584 λείας
427 2536 543 2576 σου.
605 2523 687 2574 59.
733 2515 1020 2590 ἠγάπησας
1053 2522 1270 2574 δίκαιον
1301 2519 1393 2573 καὶ
1426 2520 1685 2589 ἐμίσησας
1725 2516 1848 2575 ἀσέ-

244 2609 417 2674 βημα·
482 2603 570 2658 ἐπὶ
611 2600 787 2658 τούτω
826 2599 1022 2674 ἦλειψέ
1057 2619 1119 2658 σε
1149 2602 1247 2658 θεὲ
1286 2597 1315 2657 ὁ
1345 2600 1480 2667 θεός
1522 2619 1623 2658 σου
1653 2604 1849 2659 δέ’λαιον

243 2710 412 2785 χαρας
450 2683 556 2742 ἀπὸ
599 2688 833 2759 ἑταίρων
873 2682 1004 2742 σουῖ
1081 2681 1204 2741 ἀντὶ
1244 2688 1381 2756 γοῦν
1421 2688 1519 2741 τοῦ
1549 2681 1616 2742 “ὁ
1647 2685 1779 2751 θεὸς
1818 2709 1846 2741 ο
1870 2709 1911 2741 30

242 2767 374 2832 θεός
407 2766 535 2826 σου”
570 2766 707 2839 αὐτὴ
740 2793 773 2871 η
799 2766 1057 2842 Ἑβραι·κὴ
1093 2765 1269 2835 λέξις
1273 2764 1423 2839 θεε,
1466 2765 1493 2824 ὁ
1526 2768 1659 2835 θεός
1702 2765 1840 2825 σου”

243 2854 509 2924 περιέχει,
542 2857 635 2909 ἵνα
658 2844 696 2925 ᾗ
717 2852 776 2910 τὸ
801 2848 974 2910 ολον“
983 2849 1271 2924 ἠγάπησας
1287 2896 1301 2923 ,
1328 2876 1370 2907 ω
1393 2853 1517 2925 θεε,
1545 2851 1604 2909 τὸ
1630 2857 1846 2909 δίκαιον
