1992 3186
251 99 357 151 504
942 101 1192 143 EUSEBII

255 218 307 284 ἐξ
349 213 668 289 ἀλλοφύλου
707 218 902 288 γένους
937 211 1221 275 Ἰουδαίων
1259 215 1656 294 ἀναγορεύεται
1695 226 1860 292 βασι-·

250 298 401 366 λεύς“
449 297 586 357 καθ’
619 296 683 358 ὃν
705 302 1073 373 γεννηθέντος
1095 299 1275 373 Ἰησοῦ
1295 307 1392 360 τοῦ
1404 308 1644 376 Χριστοῦ
1674 303 1857 379 καθῄ-

251 409 382 459 ρητο
412 384 514 456 μὲν
537 385 677 456 ὁμοῦ
699 387 786 441 καὶ
813 387 907 457 τῆς
931 382 1113 442 Ἰούδα
1136 391 1316 459 φυλῆς
1339 385 1399 443 τὸ
1419 383 1648 461 ἀξίωμα,
1681 387 1855 462 καθῄ-

253 492 382 542 ρητο
425 468 486 524 δὲ
526 470 618 525 καὶ
658 464 691 542 ἡ
737 471 849 526 τῶν
872 467 1162 527 Ἰουδαίων
1193 468 1334 544 ἀρχή
1374 494 1432 528 τε
1463 473 1553 528 καὶ
1585 478 1855 544 βασιλεία,

250 550 576 626 πεπλήρωτο
621 553 682 609 δὲ
722 555 813 610 καὶ
852 552 885 625 ἡ
929 557 1337 628 προτεταγμένη
1379 561 1686 628 προφητεία
1717 553 1859 614 “ofin-z
1900 579 1925 612 5

252 639 486 705 ἐκλείψει
532 635 717 711 ἀρχων
759 640 811 706 ἐξ
858 634 1068 710 Ἰούδα,
1110 635 1244 696 οὐδὲ
1292 635 1595 713 ἡγούμενος
1647 641 1704 696 ἐκ
1747 664 1859 698 των

248 745 441 823 μηρων
472 717 673 793 αὐτοῦ,
714 721 966 796 φήσασα,
1008 726 1109 790 ἕως
1141 718 1211 780 ἀν
1250 729 1388 824 ε’λθη
1420 723 1486 780 τά
1524 721 1859 796 ἀποκείμενα

250 801 419 881 αύτω,
429 802 460 824 ”
503 802 568 863 ὃν
608 811 705 862 καί
742 825 879 879 φησι
928 805 1269 880 γενήσεσθαι
1321 804 1388 863 οὐ
1430 810 1527 865 τοῦ
1569 805 1862 865 Ἰουδαίων

250 894 481 962 ἔθνους,
535 889 673 946 ἀλλά
711 894 823 948 τῶν
877 894 1061 948 ἐθνῶν
1101 896 1458 966 προσδοκίαν.
1540 895 1626 948 46.
1671 890 1860 964 ἐπειδὴ

249 979 442 1031 τοίνυν
493 970 747 1032 ἀπέκειτο
787 971 821 1047 ἡ
864 973 1139 1048 πρόπαλαι
1186 981 1261 1052 τῷ
1298 973 1546 1050 Ἀβραάμ
1596 999 1857 1051 χρηματι-
1880 1000 1922 1032 10

249 1067 450 1115 σθεῑσα
489 1062 584 1130 τῆς
626 1083 738 1116 των
781 1061 967 1117 ε’θνων
1006 1058 1251 1132 κλησεως
1291 1065 1627 1134 προσδοκία,
1676 1083 1748 1126 ως
1789 1056 1859 1117 ἂν

203 1164 225 1196 d
250 1141 647 1199 ἐκλελοιπότων
675 1147 787 1201 τῶν
816 1147 875 1201 ἐκ
904 1148 1002 1201 τοῦ
1026 1142 1317 1201 Ἰουδαίων
1348 1149 1550 1210 ἔθνους
1575 1141 1860 1217 ἀρχόντων

247 1248 305 1282 τε
345 1227 436 1282 καὶ
477 1222 833 1301 ἡγουμένων,
876 1226 1217 1301 μεταστάσης
1258 1251 1316 1285 τε
1354 1231 1449 1300 τῆς
1488 1224 1611 1284 κατ’
1655 1224 1858 1294 αὐτοὺς

248 1308 417 1383 ἀρχῆς
461 1311 548 1367 ἐπὶ
574 1307 868 1384 Ῥωμαίους
909 1314 1001 1368 καὶ
1030 1309 1126 1369 τὸν
1159 1314 1210 1380 ἐξ
1253 1315 1439 1369 ἐθνων
1473 1313 1859 1385 δεδηλωμένον

238 1391 524 1466 Ἡρώδην,
571 1394 790 1462 εἰκότως
821 1394 849 1452 ὁ
880 1397 981 1469 μὲν
1022 1393 1411 1468 εῦαγγελιστὴς
1441 1399 1662 1464 Λουκᾶς
1681 1440 1706 1467 ,,
1739 1398 1856 1452 ε’πι-
1880 1418 1921 1452 15

247 1476 648 1551 σημαινόμενος
688 1478 813 1546 τοῦς
854 1478 1087 1554 χρόνους
1126 1482 1222 1552 τῆς
1254 1483 1548 1549 ἐκλείψεως
1581 1485 1693 1537 τῶν
1716 1477 1858 1538 Ἰου-

249 1566 425 1618 δαίων
466 1559 778 1636 ἀρχόντων,
824 1563 928 1636 τὴν
968 1563 1247 1638 καταρχὴν
1286 1567 1381 1636 τῆς
1413 1568 1656 1639 Χριστοῦ
1699 1568 1859 1621 διδα-

244 1651 472 1713 σκαλίας
504 1651 714 1721 ἱστορεῖ
739 1650 1026 1720 γεγονέναι
1052 1651 1112 1705 ἐν
1135 1653 1243 1706 ἔτει
1267 1646 1739 1724 πεντεκαιδεκάτῳ
1762 1652 1859 1720 τῆς

244 1724 542 1802 ἡγεμονίας
583 1737 843 1805 Τιβερίου
873 1738 1184 1807 Καίσαρος,
1225 1728 1662 1806 ἡγεμονεύοντος
1705 1740 1857 1789 Πον-

244 1819 366 1870 τίου
400 1812 645 1872 Πιλάτου
676 1821 770 1888 τῆς
794 1814 1097 1887 Ἰουδαίας,
1139 1818 1231 1873 καὶ
1262 1824 1560 1881 Ματθαῖος
1591 1815 1654 1872 δὲ
1693 1819 1853 1872 τοῦτο
1876 1839 1918 1871 20

245 1894 379 1955 αὐτὸ
411 1898 784 1971 αἰνιττόμενος
808 1906 1078 1972 σημαίνει.
1131 1903 1215 1956 47.
1241 1897 1568 1972 ὑπογράψας
1592 1902 1730 1971 γοῦν
1751 1898 1855 1971 τὴν

243 1987 342 2038 τοῦ
373 1987 571 2055 κυρίου
603 1985 693 2038 καὶ
736 1985 980 2056 σωτῆρος
1011 1981 1168 2054 ἡμῶν
1208 1983 1428 2054 γένεσιν
1461 1985 1697 2054 ἐπιλέγει
1719 1979 1856 2040 “τοῦ

247 2065 308 2120 δὲ
332 2062 515 2136 Ἰησοῦ
546 2067 917 2136 γεννηθέντος
959 2067 1019 2122 ἐν
1049 2066 1305 2138 Βηθλεὲμ
1336 2070 1431 2138 τῆς
1455 2065 1760 2138 Ἰουδαίας,
1795 2070 1855 2124 ἐν

242 2145 469 2220 ἡμέραις
492 2146 746 2221 Ἡρώδου
776 2153 873 2206 τοῦ
903 2151 1200 2222 βασιλέως,
1236 2148 1359 2207 ἰδοὺ
1389 2149 1553 2223 μάγοι
1583 2147 1690 2207 ἀπὸ
1721 2146 1853 2208 ἀνα-

242 2234 420 2288 τολῶν
459 2234 827 2305 παρεγένοντο
870 2238 946 2299 εἰς
979 2231 1364 2307 Ἱεροσόλυμα,
1415 2235 1699 2306 λέγοντες,
1741 2239 1851 2291 ποῦ
1872 2256 1915 2289 25

130 2340 218 2381 (375)
245 2318 395 2372 ἐστιν
434 2311 462 2372 ὁ
503 2317 720 2388 τεχθεὶς
769 2314 1029 2388 βασιλεῦς
1069 2319 1181 2374 τῶν
1227 2313 1582 2387 Ἰουδίαίων;”
1647 2313 1724 2373 δι’
1772 2308 1851 2375 ὦν

241 2402 431 2472 σαφῶς
461 2405 758 2473 παρίστησι
789 2402 880 2457 καὶ
911 2403 1009 2457 τοῦ
1038 2398 1358 2472 ἀλλοφύλου
1388 2398 1490 2472 τὴν
1512 2398 1629 2457 κατ’
1668 2398 1852 2459 αὐτῶν

131 2510 216 2555 [233]
241 2480 446 2557 ἀρχὴν,
487 2485 580 2540 καὶ
619 2486 730 2541 τῶν
762 2487 814 2552 ἐξ
846 2482 1115 2557 ἀνατολῆς
1156 2481 1490 2557 ἀλλοφύλων
1532 2488 1719 2542 ἐθνῶν
1748 2483 1852 2557 τὴν

239 2562 348 2623 ὑπὸ
388 2569 489 2624 τοῦ
526 2573 666 2625 θεοῦ
711 2572 922 2641 κλῆσιν.
1001 2572 1085 2626 48.
1128 2567 1267 2642 ὁμοῦ
1305 2592 1364 2625 τε
1415 2567 1519 2643 γὰρ
1561 2565 1848 2626 Ἰουδαίων

239 2648 543 2724 ἀλλόφυλοι
586 2650 855 2726 ἐκράτουν
893 2655 984 2710 καὶ
1022 2649 1120 2709 τὸν
1159 2650 1325 2710 πάλαι
1359 2651 1912 2726 προφητευόμενονεο

351 2844 405 2883 23
435 2843 598 2886 Matth.
623 2845 664 2896 2,
688 2846 727 2885 1.
