1992 3186
233 84 337 136 600
913 76 1160 123 EU'SEBII

234 199 468 267 λούθως.
517 199 706 270 ἐπειδὴ
733 198 792 254 δὲ
817 196 919 254 οὐκ
940 198 1194 265 ἐδέξαντο
1216 197 1319 270 τὴν
1342 198 1521 273 χάριν,
1554 193 1843 274 ἆπελέγχει

233 287 336 358 μὲν
367 282 567 350 αὐτοὺς
601 286 660 339 ἐν
701 284 904 354 ἑτέροις
948 280 1161 354 λέγων
1167 280 1330 339 ’διότι
1369 276 1576 358 ἦλθον,
1618 288 1710 341 καὶ
1741 282 1841 342 οὐκ

234 372 304 442 ἠν
345 367 673 440 ἅνθρωπος,
719 364 980 437 ἐκάλεσα,
1024 368 1115 422 καὶ
1159 364 1261 422 οὐκ
1301 359 1370 439 ἦν
1411 364 1439 424 ὁ
1479 364 1818 427 vnanodcov!

234 455 370 526 φησὶ
404 453 465 508 δὲ
503 450 638 523 πρὸς
669 448 873 516 αὐτοὺς
895 446 1240 523 “ἆρθήσεται
1279 447 1381 522 ἀφ’
1422 451 1582 525 ὑμῶν
1613 452 1646 526 ἡ
1688 460 1843 525 βασι-

235 544 353 594 λεία
392 542 491 594 τοῦ
527 538 696 608 θεοῦ,
738 537 830 592 καὶ
870 533 1171 607 δοθήσεται
1221 541 1376 593 ε’θνει
1426 540 1677 595 ποιοῦντι
1716 537 1843 605 τούς
1866 562 1888 594 5

234 619 478 694 καρποὺς
509 619 694 692 αὐτῆς.
747 623 826 676 12.
859 621 952 676 καὶ
982 634 1095 686 τοῖς
1126 642 1188 691 γε
1212 615 1384 677 αὑτοῦ
1407 631 1682 694 μαθηταῖς
1711 622 1844 695 μετὰ

234 706 334 779 τὴν
389 709 616 762 ἐκείνων
677 710 1010 779 παραίτησιν
1071 702 1394 777 προστάττει
1436 701 1846 779 “πορευθέντες

233 788 621 864 μαθητεύσατε
643 787 823 846 πάντα
846 787 910 845 τὰ
935 795 1076 861 ἔθνη
1104 792 1164 846 ἐν
1190 795 1266 865 τῷ
1285 787 1520 862 ὀνόματί
1535 814 1657 864 μου.
1702 787 1846 848 οὕτω

235 881 372 947 δῆτα
414 871 570 948 ἡμεῖς
607 875 711 947 μὲν
748 873 814 930 τὰ
853 879 994 947 ἔθνη
1023 872 1120 930 τὸν
1161 877 1715 947 προαναφωνηθέντα
1755 877 1846 932 καὶ

233 957 368 1033 πρὸς
398 962 497 1016 τοῦ
527 957 730 1031 πατρὸς
760 955 1175 1031 ἀπεσταλμένον
1205 957 1528 1032 προφήτην,
1560 958 1655 1017 ἅτε
1685 983 1846 1033 νομο-
1868 985 1911 1017 10

234 1048 406 1117 θέτην
445 1040 617 1101 ἅπασι
656 1042 959 1116 γενόμενον
999 1039 1322 1115 ἀνθρώποις
1364 1049 1460 1116 τῆς
1501 1050 1578 1110 εἰς
1609 1043 1706 1102 τὸν
1735 1047 1847 1102 τῶν

235 1126 382 1186 ὅλων
411 1129 550 1185 θεὸν
581 1127 895 1200 εὐσεβείας,
931 1126 1022 1184 διὰ
1051 1130 1146 1200 τῆς
1178 1135 1456 1200 σωτηρίου
1487 1131 1579 1184 καὶ
1614 1126 1847 1201 εὐαγγε-

234 1219 388 1286 λικῆς
421 1218 782 1278 διδασκαλίας
814 1218 1065 1285 ἔγνωμεν
1095 1214 1187 1269 καὶ
1217 1212 1665 1285 κατεδεξάμεθα,
1707 1221 1848 1284 πλη-

236 1301 504 1371 ρουμένης
542 1297 680 1354 κατὰ
705 1296 766 1353 τὸ
794 1294 927 1354 αὐτὸ
951 1298 1044 1353 καὶ
1065 1298 1253 1370 ἑτέρας
1274 1295 1650 1370 προρρήσεως,
1685 1293 1759 1354 δι’
1786 1289 1848 1371 ἧς

236 1391 444 1455 εἴρηται
469 1378 882 1454 “κατάστησον,
915 1379 1101 1453 κύριε,
1133 1384 1445 1455 νομοθέτην
1469 1378 1675 1453 αὐτοῖς,
1708 1380 1847 1453 γνεό-
1870 1405 1912 1438 15

233 1486 419 1524 τωσαν
450 1472 590 1538 ἔθνη
620 1463 704 1523 ὅτι
735 1463 1031 1538 ἄνθρωποί
1060 1472 1215 1524 εἰσιν.
1271 1470 1352 1522 13.
1385 1465 1445 1522 τό
1480 1467 1540 1522 δὲ
1565 1462 1849 1524 Ἰουδαίων

235 1558 400 1618 ἔθνος
430 1549 503 1624 μὴ
536 1549 991 1624 παραδεξάμενον
1021 1549 1118 1608 τὸν
1163 1549 1652 1624 προφητευόμενον
1686 1555 1849 1623 δίκην

235 1642 378 1694 ἔτισε
408 1635 528 1709 τὴν·
553 1634 714 1703 ἀξίαν
744 1635 882 1692 κατὰ
909 1634 1011 1706 τὴν
1052 1641 1220 1693 θείαν
1249 1634 1557 1709 πρόρρησιν
1586 1634 1849 1708 φήσασαν

226 1719 360 1778 “nal
399 1719 427 1777 ὁ
470 1718 770 1794 ἅνθρωπος
809 1716 868 1785 ὂς
911 1717 1006 1776 ἐὰν
1036 1718 1110 1792 μὴ
1150 1718 1361 1794 ἀκούσῃ
1406 1717 1588 1776 πάντα
1617 1717 1719 1776 ὅσα
1752 1718 1849 1776 ἐὰν

234 1804 446 1879 λαλήση
478 1804 516 1862 ὁ
547 1803 833 1877 προφήτης
882 1807 942 1861 ἐν
982 1810 1057 1880 τῷ
1103 1803 1335 1877 ὀνόματί
1369 1827 1504 1876 μου,
1549 1803 1654 1874 ἐγώ
1697 1806 1845 1860 ἐκδι-
1869 1827 1912 1859 20

234 1888 386 1963 κήσω
420 1892 472 1958 ἐξ
506 1886 693 1947 αὐτοῦ.
700 1887 730 1907 ”
807 1892 888 1945 14.
923 1891 1269 1960 ἐκδεδίκηται
1299 1893 1438 1958 γοῦν
1471 1889 1530 1942 ἐκ
1569 1891 1667 1944 τοῦ
1707 1889 1848 1944 λαοῦ

237 1978 456 2032 ἐκείνου
500 1979 614 2030 πᾶν
653 1970 787 2045 αἷμα
821 1972 1060 2044 ἐκχυθὲν
1102 1973 1190 2028 ἐπὶ
1232 1974 1327 2042 τῆς
1365 1976 1494 2043 γῆς,
1535 1967 1642 2027 ἀπὸ
1683 1977 1848 2044 αἳμα-

235 2082 324 2123 τος
341 2055 510 2129 ’Ἀβελ
550 2060 651 2122 ἕως
694 2061 918 2127 αἵματος
961 2061 1266 2128 Ζαχαρίου,
1308 2056 1399 2111 καὶ
1439 2052 1610 2112 αὐτοῦ
1654 2078 1716 2127 γε
1758 2057 1847 2112 ἐπὶ

236 2146 370 2198 πᾶσι
402 2145 499 2197 τοῦ
524 2142 783 2211 Χριστοῦ,
816 2131 886 2196 οὗ
915 2137 974 2196 τὸ
1006 2135 1140 2212 αἷμα
1171 2137 1301 2196 καθ’
1331 2141 1544 2197 ἑαυτῶν
1570 2138 1847 2212 ἐξαιτησά-

234 2247 392 2298 μενοι
422 2227 513 2282 καὶ
545 2223 681 2281 κατὰ
710 2226 822 2281 τῶν
854 2228 1016 2280 ἰδίων
1046 2228 1266 2281 παίδων
1290 2227 1454 2280 εἰσέτι
1477 2227 1587 2280 νῦν
1608 2226 1702 2296 τῆς
1727 2231 1847 2280 τολ-
1869 2247 1912 2279 25

235 2318 506 2382 μηθείσης
549 2307 735 2375 αὐτοῖς
777 2307 1033 2380 ἀσεβείας
1071 2306 1173 2380 τὴν
1222 2314 1492 2380 τιμωρίαν
1528 2307 1847 2381 ὑπέχουσιν.

350 2533 374 2571 2
407 2532 484 2571 Es.
510 2533 579 2583 50,
602 2533 643 2574 2.
837 2532 863 2570 4
894 2531 1060 2571 Matth.
1083 2531 1149 2580 21,
1170 2531 1240 2571 43.
1446 2531 1468 2569 7
1501 2529 1666 2569 Matth.
1690 2529 1756 2578 28,
1782 2530 1850 2570 19.

238 2588 289 2627 15
321 2588 398 2629 Ps.
422 2589 461 2632 9,
485 2589 551 2627 20.
729 2588 781 2627 19
812 2587 950 2627 Deut.
976 2588 1041 2636 18,
1068 2588 1134 2626 19.
1310 2587 1362 2625 22
1395 2585 1558 2627 Matth.
1585 2587 1652 2634 23,
1676 2586 1742 2625 35.
