1946 3158
529 125 834 168 DEMONST·
867 125 1086 168 EVANG.
1118 126 1178 167 ΙΙ.
1209 129 1251 168 3.
1626 125 1694 178 93

706 323 719 341 2
894 330 914 339 -
1002 324 1014 344 ,
1099 332 1119 341 -

637 335 735 397 λγ.
806 333 916 384 Του
949 349 1136 384 αυτου.
1715 359 1736 387 ,ι

9 435 13 456 ³
82 443 296 516 Ἀγαθῶν
318 443 578 516 ἐπαγγελία
608 447 664 517 τῆ
693 441 842 489 πάλαι
874 442 1048 520 ἐρήμῳ
1061 443 1109 500 ἐξ
1139 442 1298 490 ἐθνῶν
1328 442 1578 514 ἐκκλησία,
1609 448 1694 490 τοῦ

9 502 11 508 '
87 519 136 547 τε
152 499 403 548 Ἰουδαίων
425 501 602 553 ἔθνους
623 492 892 575 απόγνωσις
914 503 998 546 καὶ
1008 501 1210 574 ἔλεγχος
1227 504 1319 546 τῶν
1341 504 1586 559 αμαρτιῶν
1609 498 1694 547 αὖ·

382 605 403 610 ,
439 561 533 603 τῶν
563 561 646 603 καὶ
669 558 862 602 πάντων
884 560 978 602 τῶν
1000 555 1161 603 ἐθνῶν
1181 561 1363 615 κλῆσις.

222 650 341 708 19.‘
344 647 483 722 Μὴ
515 646 891 723 μνημονεύετε
921 673 987 705 τα
1025 653 1244 722 πρῶτα,
1277 651 1369 706 καὶ
1398 647 1464 706 τὰ
1494 635 1696 723 ἆρχαῖα

8 771 10 774 >
86 733 160 808 μὴ
201 739 620 807 συλλογίζεσθε·
672 732 755 790 ὅτι
799 730 923 790 ἰδου
966 732 1072 805 ἐγώ
1118 739 1257 791 ποιῶ
1303 732 1467 790 καινοὶ
1507 731 1542 790 οὶ
1587 759 1694 792 νυν
1719 761 1784 803 [381

8 831 29 888 25
87 817 370 891 ἀνατελεῖ,
423 820 514 875 καὶ
554 817 842 890 γνώσεσθε
901 814 1050 875 αὐτα
1068 862 1083 889 ‚
1133 820 1226 874 καὶ
1263 816 1475 890 ποιήσω
1518 820 1577 875 ἐν
1616 822 1681 892 τῇ

17 902 22 909 ’
87 902 270 980 ἐρήμῳ
300 900 454 974 ὁδὸν,
480 905 569 959 καὶ
597 905 656 959 ἐν
685 905 750 975 τῇ
782 899 1010 979 ἀνύδρῳ
1054 900 1361 976 ποταμούς·
1396 905 1488 959 καὶ
1530 900 1682 960 εὐλο-

84 986 243 1060 γήσει
282 1010 350 1061 με
388 987 454 1044 τὰ
486 993 661 1060 θηρία
699 989 800 1043 τοῦ
837 983 1014 1058 ἀγροῦ
1025 1032 1039 1059 ,
1081 990 1331 1060 σειρῆνες
1372 989 1463 1044 καὶ
1504 997 1683 1060 θυγα-

0 1089 66 1123 ,,ιο
88 1075 240 1145 τέρες
270 1074 591 1146 στρουθῶν·
624 1070 707 1129 ὅτι
740 1075 923 1128 ἔδωκα
955 1074 1015 1129 ἐν
1043 1075 1112 1146 τῇ
1142 1070 1326 1148 ἐρήμῳ
1351 1069 1507 1146 ὕδωρ
1539 1078 1694 1129 ποτί-

9 1214 13 1220 ,
89 1177 180 1214 σαι
220 1155 280 1213 τὸ
320 1160 479 1229 γένος
517 1180 626 1230 μου
658 1155 718 1213 τὸ
761 1155 1043 1229 ἐκλεκτὸν,
1076 1155 1213 1213 λαόν
1243 1180 1351 1230 μου
1393 1154 1460 1213 ὃν
1487 1163 1697 1229 ’περιε-

8 1263 26 1318 ,ᾖ
86 1239 426 1314 ποιησάμην·
450 1239 546 1308 τας
572 1237 768 1314 ἀρετάς
792 1264 900 1314 μου
926 1246 1228 1315 διηγεῖσθε.
1262 1237 1431 1298 20.οὐ
1443 1246 1551 1298 νῦν
1566 1240 1692 1298 ἐκά-
1717 1266 1785 1305 (53)

8 1325 31 1374 ἐ
88 1325 221 1383 λεσοὲ
253 1342 315 1382 σε
349 1322 572 1398 Ἰακώβ,
614 1322 750 1382 οὐδὲ
789 1324 1049 1383 κοπιάσαι
1090 1345 1151 1383 σε
1195 1329 1426 1399 ἐποίησα
1458 1324 1692 1400 Ἰσραήλ.

87 1408 191 1468 οὐκ
241 1407 478 1484 ἤνεγκας
520 1435 611 1483 μοι
663 1407 916 1484 πρόβατα
958 1414 1055 1484 τῆς
1093 1409 1529 1485 ὁλοκαρπώσετός
1573 1430 1694 1479 σου,

10 1492 68 1547 ⁴715
91 1491 224 1553 οὐδὲ
257 1498 317 1552 ἐν
346 1508 467 1562 ταῖς
497 1500 724 1561 θυσίαις
755 1512 858 1552 σου
883 1494 1148 1564 ἐδόξασοὲς
1177 1512 1273 1569 με·
1306 1494 1410 1553 οὐκ
1435 1494 1697 1552 ἐδούλευ-

88 1579 188 1648 σοῖς
218 1603 311 1654 μοι
343 1583 404 1637 ἐν
437 1577 654 1653 δώροις,
686 1575 820 1636 οὐδὲ
851 1580 1089 1652 ἔγκοπόν
1129 1599 1192 1638 σε
1234 1582 1466 1651 ἐποίησα
1508 1582 1567 1636 ἐν
1610 1588 1694 1636 λι-

89 1663 272 1742 βάνῳ,
313 1660 447 1722 οὐδὲ
493 1662 702 1736 ἐκτήσω
743 1687 835 1736 μοι
890 1663 1165 1739 ἀργυρίου
1217 1670 1506 1737 θυμίαμα,
1563 1661 1696 1721 οὐδὲ

89 1751 253 1823 στέαρ
296 1752 410 1806 τῶν
451 1750 673 1806 θυσιῶν
724 1767 826 1805 σου
880 1747 1227 1822 ἐπεθύμησα,
1288 1745 1416 1805 ἄλλ’
1465 1752 1526 1805 ἐν
1578 1743 1696 1815 ταῖς

87 1831 377 1907 ἁμαρτίαις
418 1852 520 1891 σου
562 1835 654 1903 καὶ
708 1836 768 1890 ἐν
816 1847 936 1899 ταῖς
979 1834 1222 1901 ἀδικίαις
1266 1852 1369 1890 σου
1423 1836 1698 1906 προέστην

21 1915 239 1977 2060v.”
325 1922 409 1975 21.
453 1919 544 1974 καὶ
588 1920 648 1975 ἐν
689 1933 803 1986 τοῖς
857 1920 978 1991 ἑξῆς
1027 1937 1202 1991 φησιν
1274 1913 1306 1937 “
1331 1916 1698 1991 ἐπιστράφητε

89 2002 226 2075 πρός
274 2027 370 2076 με,
419 2004 511 2059 καὶ
553 1999 890 2075 σωθήσεσθε
931 2006 989 2060 οι
1023 2000 1117 2059 απ’
1171 2000 1404 2076 ἐσχατου
1444 2008 1539 2074 τῆς
1579 2006 1694 2075 γῆς.

92 2087 196 2159 ἐγώ
230 2090 359 2161 εἰμὶ,
392 2089 483 2143 καὶ
514 2084 616 2143 οὐκ
641 2091 791 2144 ἔστιν
822 2086 1012 2154 ἄλλος·
1047 2084 1171 2144 κατ’
1207 2091 1446 2160 ἐμαυτοῦ
1486 2083 1695 2160 ὀμνύω,

7 2183 29 2249 ''-
89 2173 122 2245 ἡ
152 2172 264 2245 μὴν
296 2170 636 2241 ἐξελεύσεται
669 2175 727 2228 ἐκ
767 2177 866 2229 τοῦ
899 2170 1164 2245 στόματός
1204 2197 1311 2245 μου
1355 2170 1694 2244 δικαιοσυνη.

90 2281 142 2314 οι
192 2255 343 2330 λόγοι
381 2281 489 2330 μου
544 2252 648 2314 οὐκ
686 2253 1240 2330 αποστραφήσονται,
1299 2253 1382 2313 ὅτι
1426 2259 1542 2329 ἐμοὶ
1583 2278 1695 2313 παν
1721 2284 1739 2315 ι,
1808 2292 1811 2323 ;

47 2339 230 2413 ’ὃγόνυ
269 2340 500 2415 κάμψει,
545 2342 636 2397 καὶ
677 2337 888 2414 ὀμεῖται
945 2346 1095 2399 πᾶσα
1135 2347 1357 2414 γλῶσσα
1411 2339 1509 2398 τὸν
1559 2341 1700 2398 θεὸν

37 2423 40 2428 ’
91 2426 188 2484 τὸν
236 2423 536 2499 ἀληθινὸν,
586 2426 792 2498 λέγων,
847 2425 1174 2498 δικαιοσύνη
1232 2427 1324 2483 καὶ
1378 2424 1510 2493 δόξα
1564 2423 1698 2497 πρὸς

26 2515 32 2537 ³
91 2508 262 2567 αὐτὸν
291 2508 425 2584 ἥξει,
457 2513 548 2567 καὶ
580 2509 1050 2584 αἰσχυνθήσονται
1090 2509 1291 2577 πάντες
1321 2513 1378 2567 οἷ
1415 2514 1698 2583 διοιρίζον-

91 2619 179 2661 τες
211 2593 439 2662 ἑαυτοὺς
469 2592 576 2652 ἀπὸ
609 2598 709 2652 τοῦ
737 2592 983 2669 κυρίου.”

208 2792 232 2831 5
263 2791 340 2830 Es.
374 2792 442 2835 43,
477 2791 543 2830 18.
719 2791 772 2830 21
804 2792 882 2831 Es.
916 2792 986 2842 45,
1012 2792 1079 2830 22.
