1992 3186
476 153 782 196 DEMONST.
816 151 1037 192 EVANG.
1072 152 1126 191 V.
1159 151 1370 190 Puoossu.
1631 146 1735 198 289

122 278 255 346 ητοῦ
287 273 377 330 καὶ
413 270 754 343 δημιουργοῦ
774 273 887 325 τῶν
917 263 1179 323 ἁπάντων
1209 269 1369 338 θεοῦ,
1403 271 1535 337 περί
1550 288 1608 322 τε
1638 269 1736 322 τοῦ

125 358 389 429 δευτέρου
422 361 602 411 αἰτίου
631 358 744 409 τῶν
775 350 888 425 μετ’
929 350 1100 408 αὐτὸν
1131 355 1370 423 λογικῶν
1401 352 1492 407 καὶ
1524 354 1737 422 νοερῶν

122 438 348 511 οὐσιῶν,
380 445 510 512 περί
529 462 587 495 τε
618 441 980 510 κοσμογονίας
1005 437 1096 492 καὶ
1121 433 1583 507 ἆνθρωπογονίας
1607 459 1736 506 γρα-

123 525 236 599 φὴν
279 523 772 594 ἱεράνέξέδωκεν,
817 526 894 577 ἔτι
925 543 983 576 τε
1022 523 1134 576 τῶν
1174 525 1464 591 θεοσεβῶν
1498 524 1739 592 ἱστορίας

59 649 79 680 5
122 616 236 668 τῶν
265 607 434 666 πάλαι
464 612 751 679 θεοφιλῶν
776 602 1073 678 Ἐβραίων,
1117 602 1301 677 ῶσπερ
1341 603 1493 671 τινας
1526 606 1741 674 ἀρετῶν

127 694 341 759 εἰκόνας
372 689 904 763 ὑποτυπωσάμενος,
941 695 1018 756 εἰς
1051 694 1211 761 ζῆλον
1242 694 1355 746 τῶν
1376 686 1610 760 ἀγαθῶν
1641 686 1742 745 οἷν-

128 785 278 852 δρῶν
308 776 435 843 τοὺς
474 773 756 847 ὑπηκόους
787 771 1086 846 ἀνεκίνησε
1105 818 1118 844 ,
1161 776 1252 829 καὶ
1284 781 1618 846 νομοθεσίας
1652 776 1742 830 ἐν-

126 867 265 921 θέου
321 864 413 919 καὶ
463 858 808 930 καταλλήλου
866 871 980 923 τοῖς
1038 855 1160 914 τότε
1211 860 1511 931 χρωμένοις
1562 855 1742 930 φωτὸς

127 945 406 1021 ἀπήρξατο
449 944 657 1017 λόγων,
702 945 794 1000 καὶ
823 947 1126 1014 θρησκείας
1157 948 1462 1014 θεοσεβοῦς
1494 945 1744 1015 πέφηνεν

66 1069 106 1100 10
132 1033 497 1104 εἰσαγωγεύς,
531 1029 621 1085 καὶ
656 1029 743 1085 ἐπὶ
775 1032 910 1084 πᾶσι
939 1032 1051 1083 τῶν
1090 1040 1320 1128 μακροῖς
1352 1024 1588 1099 ὕστερον
1618 1026 1746 1100 χρό-

129 1140 246 1182 νοις
279 1122 509 1173 ἔσεσθαι
540 1110 859 1185 μελλόντων
888 1135 983 1177 τας
1013 1109 1347 1184 προρρήσεις
1377 1109 1745 1183 ἀναπεφώνη-

130 1225 254 1272 κεν,
303 1198 376 1266 ῶς
407 1195 605 1272 μικρὸν
643 1195 880 1269 ὕστερον
921 1194 1460 1268 μνημονευθήσεται.
1537 1200 1620 1252 21.
1657 1197 1746 1252 καὶ

130 1290 373 1350 τοιοῦτος
404 1307 506 1356 μεν
537 1283 721 1347 οὗτος·
771 1279 908 1337 κατὰ
938 1278 1005 1337 τὰ
1037 1278 1178 1337 αὐτα
1204 1281 1265 1337 δε
1296 1282 1388 1337 καὶ
1414 1305 1464 1338 οι
1496 1279 1612 1354 μετ’
1651 1277 1749 1337 αῦ-

131 1368 227 1426 τὸν
258 1373 556 1438 προφῆται,
587 1388 868 1438 παρεργον
884 1388 1004 1436 μεν,
1041 1375 1096 1422 εἰ
1106 1364 1215 1421 πού
1245 1389 1297 1422 τι
1319 1370 1431 1423 τῶν
1457 1368 1751 1438 ἐφημέρων

73 1489 111 1521 15
138 1456 399 1525 ἐζητεῖτο,
446 1453 538 1508 καὶ
576 1454 735 1507 τοῦτο
780 1447 1090 1520 προύλεγον
1124 1462 1232 1515 τοῖς
1275 1452 1550 1522 ἐρωτῶσι,
1597 1447 1657 1506 τὸ
1691 1451 1750 1506 δὲ

137 1535 439 1608 κεφάλαιον
469 1541 565 1606 τῆς
597 1541 936 1606 προφητείας
969 1531 1154 1600 αὐτοῖς
1188 1535 1276 1589 ἐπὶ
1302 1532 1557 1605 μεγαλοις
1589 1551 1750 1590 συνε-

136 1630 357 1678 τελεῐτο.
435 1622 520 1674 22.
554 1616 620 1674 οὐ
659 1617 765 1689 γὰρ
807 1618 895 1673 ἐπὶ
926 1624 1157 1693 μαντεία
1187 1623 1298 1674 τῶν
1338 1620 1630 1690 ἐφημέρων
1661 1620 1751 1675 καὶ

138 1705 270 1776 πρὸς
301 1702 398 1761 τὸν
429 1701 677 1773 παρόντα
709 1700 903 1773 καιρὸν
923 1703 1359 1775 ἐπιζητουμένων
1383 1701 1521 1759 οὐδέ
1541 1726 1604 1775 γε
1629 1722 1752 1776 σμι-

140 1795 288 1858 κρῶν
321 1790 412 1844 καὶ
442 1792 721 1843 ταπεινῶν
751 1783 817 1841 τὰ
847 1790 941 1855 τῆς
972 1793 1276 1859 θεοφορίας
1308 1783 1587 1858 ἠξιοῦντο,
1628 1784 1746 1843 ἀλλ’

75 1909 115 1942 20
141 1877 228 1931 ἐπὶ
258 1878 356 1929 τοῦ
389 1868 594 1937 παντὸς
625 1867 948 1942 ἀνθρώπων
978 1872 1175 1942 γένους
1206 1870 1239 1943 ἡ
1265 1877 1362 1928 τοῦ
1387 1879 1550 1929 θείου
1582 1871 1754 1928 πνεύ-

139 1981 302 2030 ματος
337 1960 396 2014 ἐν
426 1952 613 2020 αὐτοῖς
655 1960 920 2026 ἔλλαμψις
951 1961 1217 2027 μεγίστην
1258 1954 1536 2013 ὑπόθεσιν
1569 1958 1756 2028 περιέ-

139 2060 337 2115 χουσα,
370 2039 436 2098 οὐ
467 2041 595 2111 περὶ
626 2044 922 2105 νοσοῦντος
963 2038 1271 2113 ἀνθρώπου
1302 2038 1362 2097 τὸ
1395 2046 1580 2113 σῶμα,
1624 2039 1757 2097 οὐδὲ

141 2129 267 2197 περὶ
307 2132 399 2197 τῆς
439 2130 786 2195 προσκαίρου
827 2125 918 2180 καὶ
960 2131 1327 2190 πολυπαθοῦς
1373 2125 1578 2197 ταύτης
1623 2131 1757 2197 ζωῆς

143 2210 243 2282 τὴν
274 2210 583 2283 πρόρρησιν
617 2211 1090 2281 ἐπαγγελλομένη,
1125 2207 1256 2266 οὐδὲ
1289 2217 1422 2280 περί
1447 2234 1595 2276 τινος
1627 2209 1757 2265 ἀπο-

81 2329 121 2362 25
147 2293 410 2366 λωλότος,
454 2289 577 2349 οὐδ’
615 2290 792 2359 ἄλλως
824 2299 956 2363 περί
981 2316 1150 2350 τινων
1181 2297 1367 2366 μέσων
1397 2299 1488 2350 καὶ
1521 2291 1759 2365 ἀδιαφό-

146 2402 289 2478 ρων,
323 2404 355 2435 α
387 2376 512 2436 οὔτε
546 2374 792 2447 παρόντα
837 2382 1015 2450 ψυχῆς
1059 2376 1344 2450 βελτιῶσει
1385 2376 1758 2451 συμβαλλεται

148 2460 273 2519 οὔτε
313 2463 383 2535 μὴ
431 2458 677 2532 παρόντα
721 2467 914 2533 ζημίαν
957 2457 988 2534 η
1031 2460 1248 2534 βλαβην
1280 2476 1572 2534 περιποιεῖ.
1634 2458 1755 2516 αλλ’

150 2570 219 2617 ην
249 2569 375 2617 μεν,
409 2543 479 2612 ῶς
511 2551 682 2616 ε”,φην
715 2541 804 2602 ὅτε
836 2548 926 2602 καὶ
957 2552 1130 2602 ταῦτα
1155 2541 1591 2618 προύλεγον,οὐ
1625 2569 1761 2601 κατα

150 2629 245 2685 τὸν
276 2626 694 2701 προηγούμενον
727 2629 788 2685 δε
819 2628 1011 2701 λόγον,
1055 2629 1193 2686 αλλα
1239 2654 1374 2686 κατα
1416 2627 1759 2686 ἀκολουθίαν

89 2747 128 2778 30
152 2719 246 2784 τῆς
287 2719 399 2769 τῶν
442 2711 771 2784 κρειττόνων
815 2713 1194 2786 καταλήψεως·
1242 2715 1307 2771 τὰ
1352 2717 1416 2771 δέ
1457 2738 1519 2786 γε
1550 2737 1763 2787 πρωτο-

153 2797 336 2862 τύπως
378 2807 523 2854 αἴτια
564 2800 657 2865 τῆς
703 2799 760 2852 ἐν
801 2803 875 2872 τῷ
909 2798 1279 2871 προφητεύειν
1319 2798 1521 2865 αὐτοὺς
1561 2807 1762 2869 θεολη-

158 2884 287 2951 ψίας
327 2888 546 2954 μείζονα
587 2876 688 2949 τὴν
720 2877 995 2939 ὑπόθεσιν
1019 2878 1051 2954 ἢ
1077 2884 1212 2939 κατὰ
1231 2881 1295 2939 τά
1322 2887 1584 2955 εἰρημένα
1609 2905 1764 2953 περι-

252 2990 478 3021 Ευεκοιυε
509 2996 580 3025 111,
1393 2976 1455 3027 19

1787 2309 1808 2340 d
