<?xml version="1.0" encoding="UTF-8"?>
<!DOCTYPE html PUBLIC "-//W3C//DTD XHTML 1.0 Transitional//EN"
    "http://www.w3.org/TR/xhtml1/DTD/xhtml1-transitional.dtd">
<html xmlns="http://www.w3.org/1999/xhtml" xml:lang="en" lang="en">
 <head>
  <title>
</title>
<meta http-equiv="Content-Type" content="text/html;charset=utf-8" />
  <meta name='ocr-system' content='tesseract 3.04.00' />
  <meta name='ocr-capabilities' content='ocr_page ocr_carea ocr_par ocr_line ocrx_word'/>
</head>
<body>
  <div class='ocr_page' id='page_1' title='image "./operaeusebius03euseuoft_0164.png"; bbox 0 0 1946 3158; ppageno 0'>
   <div class='ocr_carea' id='block_1_1' title="bbox 231 114 1143 166">
    <p class='ocr_par' dir='ltr' id='par_1_1' title="bbox 231 114 1143 166">
     <span class='ocr_line' id='line_1_1' title="bbox 231 114 1143 166; baseline -0.011 0"><span class='ocrx_word' id='word_1_1' title='bbox 231 115 336 166; x_wconf 82' lang='lat'><strong><em>140</em></strong></span> <span class='ocrx_word' id='word_1_2' title='bbox 897 114 1143 156; x_wconf 79' lang='lat' dir='ltr'>EUSEBII</span> 
     </span>
    </p>
   </div>
   <div class='ocr_carea' id='block_1_2' title="bbox 139 226 1905 2914">
    <p class='ocr_par' dir='ltr' id='par_1_2' title="bbox 229 226 1841 471">
     <span class='ocr_line' id='line_1_2' title="bbox 232 226 1841 302; baseline 0.001 -15"><span class='ocrx_word' id='word_1_3' title='bbox 232 255 347 302; x_wconf 89' lang='grc' dir='ltr'><strong><em>ριος</em></strong></span> <span class='ocrx_word' id='word_1_4' title='bbox 378 229 406 288; x_wconf 88' lang='grc' dir='ltr'>ὁ</span> <span class='ocrx_word' id='word_1_5' title='bbox 447 229 578 298; x_wconf 86' lang='grc' dir='ltr'><strong><em>θεός</em></strong></span> <span class='ocrx_word' id='word_1_6' title='bbox 619 251 749 302; x_wconf 88' lang='grc' dir='ltr'><strong><em>σου,</em></strong></span> <span class='ocrx_word' id='word_1_7' title='bbox 797 226 971 287; x_wconf 80' lang='grc' dir='ltr'><strong><em>αὐτοῦ</em></strong></span> <span class='ocrx_word' id='word_1_8' title='bbox 1000 226 1311 288; x_wconf 81' lang='grc' dir='ltr'><strong><em>ακούσεσθε</em></strong></span> <span class='ocrx_word' id='word_1_9' title='bbox 1348 228 1485 287; x_wconf 73' lang='grc' dir='ltr'><strong><em>κατὰ</em></strong></span> <span class='ocrx_word' id='word_1_10' title='bbox 1525 229 1704 289; x_wconf 81' lang='grc' dir='ltr'><strong><em>πάντα</em></strong></span> <span class='ocrx_word' id='word_1_11' title='bbox 1735 230 1841 289; x_wconf 88' lang='grc' dir='ltr'><strong><em>όσα</em></strong></span> 
     </span>
     <span class='ocr_line' id='line_1_3' title="bbox 229 313 1840 391; baseline 0.001 -19"><span class='ocrx_word' id='word_1_12' title='bbox 229 314 417 389; x_wconf 77' lang='grc' dir='ltr'><strong><em>ᾐτήσω</em></strong></span> <span class='ocrx_word' id='word_1_13' title='bbox 448 313 598 387; x_wconf 74' lang='grc' dir='ltr'><strong><em>παρὰ</em></strong></span> <span class='ocrx_word' id='word_1_14' title='bbox 628 320 826 389; x_wconf 77' lang='grc' dir='ltr'><strong><em>κυρίου</em></strong></span> <span class='ocrx_word' id='word_1_15' title='bbox 850 337 948 371; x_wconf 89' lang='grc' dir='ltr'><strong><em>του</em></strong></span> <span class='ocrx_word' id='word_1_16' title='bbox 973 317 1115 371; x_wconf 81' lang='grc' dir='ltr'><strong><em>θεοῦ</em></strong></span> <span class='ocrx_word' id='word_1_17' title='bbox 1139 316 1198 372; x_wconf 84' lang='grc' dir='ltr'><strong><em>ἐν</em></strong></span> <span class='ocrx_word' id='word_1_18' title='bbox 1215 313 1421 389; x_wconf 80' lang='grc' dir='ltr'><strong><em>Χωρηβ</em></strong></span> <span class='ocrx_word' id='word_1_19' title='bbox 1443 317 1511 389; x_wconf 80' lang='grc' dir='ltr'><strong><em>τῆ</em></strong></span> <span class='ocrx_word' id='word_1_20' title='bbox 1540 313 1714 391; x_wconf 85' lang='grc' dir='ltr'><strong><em>ἡμέρα</em></strong></span> <span class='ocrx_word' id='word_1_21' title='bbox 1743 319 1840 389; x_wconf 81' lang='grc' dir='ltr'><strong><em>τῆς</em></strong></span> 
     </span>
     <span class='ocr_line' id='line_1_4' title="bbox 233 397 560 471; baseline -0.003 -15"><span class='ocrx_word' id='word_1_22' title='bbox 233 397 560 471; x_wconf 48' lang='grc' dir='ltr'><strong><em>ἐκκλησίας]</em></strong></span> 
     </span>
    </p>

    <p class='ocr_par' dir='ltr' id='par_1_3' title="bbox 230 473 1883 978">
     <span class='ocr_line' id='line_1_5' title="bbox 357 473 1837 557; baseline 0.001 -19"><span class='ocrx_word' id='word_1_23' title='bbox 357 487 404 540; x_wconf 84' lang='lat'><strong><em>4.</em></strong></span> <span class='ocrx_word' id='word_1_24' title='bbox 437 475 557 557; x_wconf 90' lang='grc' dir='ltr'><strong><em>Α’ρ</em></strong></span> <span class='ocrx_word' id='word_1_25' title='bbox 601 473 705 539; x_wconf 76' lang='grc' dir='ltr'><strong><em>οὖν</em></strong></span> <span class='ocrx_word' id='word_1_26' title='bbox 745 486 803 539; x_wconf 74' lang='grc' dir='ltr'><strong><em>οἱ</em></strong></span> <span class='ocrx_word' id='word_1_27' title='bbox 835 505 969 554; x_wconf 90' lang='grc' dir='ltr'><strong><em>μετα</em></strong></span> <span class='ocrx_word' id='word_1_28' title='bbox 999 484 1212 538; x_wconf 88' lang='grc' dir='ltr'><strong><em>Μωσεά</em></strong></span> <span class='ocrx_word' id='word_1_29' title='bbox 1252 488 1558 557; x_wconf 79' lang='grc' dir='ltr'><em>προφῆται,</em></span> <span class='ocrx_word' id='word_1_30' title='bbox 1592 478 1837 555; x_wconf 78' lang='grc' dir='ltr'><strong><em>Ἡσαΐας,</em></strong></span> 
     </span>
     <span class='ocr_line' id='line_1_6' title="bbox 231 561 1883 642; baseline 0.001 -19"><span class='ocrx_word' id='word_1_31' title='bbox 231 568 387 641; x_wconf 80' lang='grc' dir='ltr'><strong><em>φέρε,</em></strong></span> <span class='ocrx_word' id='word_1_32' title='bbox 419 563 755 639; x_wconf 78' lang='grc' dir='ltr'><strong><em>ἢἹερεμιάς,</em></strong></span> <span class='ocrx_word' id='word_1_33' title='bbox 786 561 820 638; x_wconf 80' lang='grc' dir='ltr'>ἢ</span> <span class='ocrx_word' id='word_1_34' title='bbox 847 561 1115 639; x_wconf 82' lang='grc' dir='ltr'><strong><em>Ἱεζεκιὴλ,</em></strong></span> <span class='ocrx_word' id='word_1_35' title='bbox 1149 561 1182 638; x_wconf 81' lang='grc' dir='ltr'><em>ἢ</em></span> <span class='ocrx_word' id='word_1_36' title='bbox 1213 564 1453 638; x_wconf 80' lang='grc' dir='ltr'><strong><em>Δανιὴλ,</em></strong></span> <span class='ocrx_word' id='word_1_37' title='bbox 1485 565 1519 638; x_wconf 80' lang='grc' dir='ltr'>ἥ</span> <span class='ocrx_word' id='word_1_38' title='bbox 1546 590 1625 634; x_wconf 89' lang='grc' dir='ltr'><strong><em>τις</em></strong></span> <span class='ocrx_word' id='word_1_39' title='bbox 1658 570 1839 642; x_wconf 78' lang='grc' dir='ltr'><strong><em>ἕτερος</em></strong></span> <span class='ocrx_word' id='word_1_40' title='bbox 1861 594 1883 626; x_wconf 81' lang='lat'>5</span> 
     </span>
     <span class='ocr_line' id='line_1_7' title="bbox 230 648 1839 724; baseline 0.001 -17"><span class='ocrx_word' id='word_1_41' title='bbox 230 648 604 722; x_wconf 79' lang='grc' dir='ltr'><strong><em>τῶνδώδεκα,</em></strong></span> <span class='ocrx_word' id='word_1_42' title='bbox 627 659 829 707; x_wconf 83' lang='grc' dir='ltr'><strong><em>Μωσεῖ</em></strong></span> <span class='ocrx_word' id='word_1_43' title='bbox 849 651 1081 722; x_wconf 82' lang='grc' dir='ltr'><strong><em>κατέστη</em></strong></span> <span class='ocrx_word' id='word_1_44' title='bbox 1106 650 1485 723; x_wconf 89' lang='grc' dir='ltr'><strong><em>παραπλήσιος</em></strong></span> <span class='ocrx_word' id='word_1_45' title='bbox 1503 654 1839 724; x_wconf 81' lang='grc' dir='ltr'><strong><em>νομοθέτης;</em></strong></span> 
     </span>
     <span class='ocr_line' id='line_1_8' title="bbox 231 731 1840 807; baseline 0.001 -16"><span class='ocrx_word' id='word_1_46' title='bbox 231 733 503 807; x_wconf 77' lang='grc' dir='ltr'><strong><em>οὐδαμῶς.</em></strong></span> <span class='ocrx_word' id='word_1_47' title='bbox 565 733 704 791; x_wconf 74' lang='grc' dir='ltr'><strong><em>ἀλλὰ</em></strong></span> <span class='ocrx_word' id='word_1_48' title='bbox 743 733 809 791; x_wconf 76' lang='grc' dir='ltr'><strong><em>τὰ</em></strong></span> <span class='ocrx_word' id='word_1_49' title='bbox 850 731 1010 807; x_wconf 78' lang='grc' dir='ltr'><strong><em>ὅμοιά</em></strong></span> <span class='ocrx_word' id='word_1_50' title='bbox 1050 759 1130 801; x_wconf 90' lang='grc' dir='ltr'><strong><em>τις</em></strong></span> <span class='ocrx_word' id='word_1_51' title='bbox 1164 738 1394 792; x_wconf 82' lang='grc' dir='ltr'><strong><em>ἐκείνων</em></strong></span> <span class='ocrx_word' id='word_1_52' title='bbox 1424 742 1625 792; x_wconf 81' lang='grc' dir='ltr'><strong><em>Μωσεΐ</em></strong></span> <span class='ocrx_word' id='word_1_53' title='bbox 1654 738 1840 792; x_wconf 88' lang='grc' dir='ltr'><strong><em>διαπέ-</em></strong></span> 
     </span>
     <span class='ocr_line' id='line_1_9' title="bbox 231 817 1839 891; baseline 0.001 -16"><span class='ocrx_word' id='word_1_54' title='bbox 231 842 494 891; x_wconf 86' lang='grc' dir='ltr'><strong><em>πρακται;</em></strong></span> <span class='ocrx_word' id='word_1_55' title='bbox 528 817 631 876; x_wconf 88' lang='grc' dir='ltr'><strong><em>οὐκ</em></strong></span> <span class='ocrx_word' id='word_1_56' title='bbox 662 825 812 876; x_wconf 82' lang='grc' dir='ltr'><strong><em>ἔστιν</em></strong></span> <span class='ocrx_word' id='word_1_57' title='bbox 844 824 1036 876; x_wconf 81' lang='grc' dir='ltr'><strong><em>εἰπεῖν.</em></strong></span> <span class='ocrx_word' id='word_1_58' title='bbox 1092 822 1318 886; x_wconf 80' lang='grc' dir='ltr'><strong><em>ἕκαστος</em></strong></span> <span class='ocrx_word' id='word_1_59' title='bbox 1351 825 1489 890; x_wconf 85' lang='grc' dir='ltr'><strong><em>γοῦν</em></strong></span> <span class='ocrx_word' id='word_1_60' title='bbox 1519 817 1704 877; x_wconf 75' lang='grc' dir='ltr'><strong><em>αὐτῶν</em></strong></span> <span class='ocrx_word' id='word_1_61' title='bbox 1733 817 1839 877; x_wconf 77' lang='grc' dir='ltr'><strong><em>ἀπὸ</em></strong></span> 
     </span>
     <span class='ocr_line' id='line_1_10' title="bbox 230 900 1840 978; baseline 0.001 -19"><span class='ocrx_word' id='word_1_62' title='bbox 230 902 454 975; x_wconf 79' lang='grc' dir='ltr'><strong><em>πρώτου</em></strong></span> <span class='ocrx_word' id='word_1_63' title='bbox 484 904 575 960; x_wconf 90' lang='grc' dir='ltr'><strong><em>καὶ</em></strong></span> <span class='ocrx_word' id='word_1_64' title='bbox 609 908 686 971; x_wconf 85' lang='grc' dir='ltr'><strong><em>εἰς</em></strong></span> <span class='ocrx_word' id='word_1_65' title='bbox 716 900 813 960; x_wconf 80' lang='grc' dir='ltr'><strong><em>τὸν</em></strong></span> <span class='ocrx_word' id='word_1_66' title='bbox 836 910 1152 961; x_wconf 82' lang='grc' dir='ltr'><strong><em>τελευταῖον</em></strong></span> <span class='ocrx_word' id='word_1_67' title='bbox 1177 904 1491 961; x_wconf 81' lang='grc' dir='ltr'><strong><em>ἐπὶΜωσέα</em></strong></span> <span class='ocrx_word' id='word_1_68' title='bbox 1520 902 1649 970; x_wconf 83' lang='grc' dir='ltr'><strong><em>τοὺς</em></strong></span> <span class='ocrx_word' id='word_1_69' title='bbox 1678 900 1840 978; x_wconf 76' lang='grc' dir='ltr'><strong><em>ἄκρο-</em></strong></span> 
     </span>
    </p>

    <p class='ocr_par' dir='ltr' id='par_1_4' title="bbox 184 985 1905 1988">
     <span class='ocr_line' id='line_1_11' title="bbox 184 985 1905 1061; baseline 0.002 -19"><span class='ocrx_word' id='word_1_70' title='bbox 184 1009 206 1042; x_wconf 80' lang='lat' dir='ltr'>d</span> <span class='ocrx_word' id='word_1_71' title='bbox 232 992 478 1060; x_wconf 88' lang='grc' dir='ltr'><strong><em>ωμένους</em></strong></span> <span class='ocrx_word' id='word_1_72' title='bbox 508 985 856 1060; x_wconf 80' lang='grc' dir='ltr'><strong><em>ἀνέπεμπον,</em></strong></span> <span class='ocrx_word' id='word_1_73' title='bbox 888 989 979 1044; x_wconf 88' lang='grc' dir='ltr'><strong><em>καὶ</em></strong></span> <span class='ocrx_word' id='word_1_74' title='bbox 1009 985 1107 1045; x_wconf 87' lang='grc' dir='ltr'><strong><em>τόν</em></strong></span> <span class='ocrx_word' id='word_1_75' title='bbox 1136 1012 1199 1061; x_wconf 88' lang='grc' dir='ltr'><strong><em>γε</em></strong></span> <span class='ocrx_word' id='word_1_76' title='bbox 1229 986 1366 1045; x_wconf 78' lang='grc' dir='ltr'><strong><em>κατὰ</em></strong></span> <span class='ocrx_word' id='word_1_77' title='bbox 1396 991 1494 1044; x_wconf 85' lang='grc' dir='ltr'><strong><em>τοῦ</em></strong></span> <span class='ocrx_word' id='word_1_78' title='bbox 1522 992 1660 1045; x_wconf 82' lang='grc' dir='ltr'><strong><em>λαοῦ</em></strong></span> <span class='ocrx_word' id='word_1_79' title='bbox 1693 993 1838 1061; x_wconf 82' lang='grc' dir='ltr'><strong><em>ἔλεγ-</em></strong></span> <span class='ocrx_word' id='word_1_80' title='bbox 1862 1015 1905 1047; x_wconf 85' lang='lat'><strong><em>10</em></strong></span> 
     </span>
     <span class='ocr_line' id='line_1_12' title="bbox 229 1069 1839 1146; baseline 0.001 -18"><span class='ocrx_word' id='word_1_81' title='bbox 229 1095 328 1144; x_wconf 87' lang='grc' dir='ltr'><strong><em>χον</em></strong></span> <span class='ocrx_word' id='word_1_82' title='bbox 354 1069 446 1129; x_wconf 77' lang='grc' dir='ltr'><strong><em>διὰ</em></strong></span> <span class='ocrx_word' id='word_1_83' title='bbox 468 1071 564 1138; x_wconf 80' lang='grc' dir='ltr'><strong><em>τὰς</em></strong></span> <span class='ocrx_word' id='word_1_84' title='bbox 583 1070 922 1146; x_wconf 77' lang='grc' dir='ltr'><strong><em>παραβάσεις</em></strong></span> <span class='ocrx_word' id='word_1_85' title='bbox 945 1073 1046 1129; x_wconf 77' lang='grc' dir='ltr'><strong><em>τοῦ</em></strong></span> <span class='ocrx_word' id='word_1_86' title='bbox 1055 1072 1307 1140; x_wconf 83' lang='grc' dir='ltr'><strong><em>Μωσέως</em></strong></span> <span class='ocrx_word' id='word_1_87' title='bbox 1334 1074 1622 1130; x_wconf 80' lang='grc' dir='ltr'><strong><em>ἐποιοῦντο</em></strong></span> <span class='ocrx_word' id='word_1_88' title='bbox 1646 1070 1839 1146; x_wconf 86' lang='grc' dir='ltr'><strong><em>νόμου,</em></strong></span> 
     </span>
     <span class='ocr_line' id='line_1_13' title="bbox 230 1153 1841 1230; baseline 0.002 -19"><span class='ocrx_word' id='word_1_89' title='bbox 230 1154 582 1228; x_wconf 79' lang='grc' dir='ltr'><strong><em>προύτρεπόν</em></strong></span> <span class='ocrx_word' id='word_1_90' title='bbox 612 1179 670 1214; x_wconf 92' lang='grc' dir='ltr'><strong><em>τε</em></strong></span> <span class='ocrx_word' id='word_1_91' title='bbox 700 1154 869 1213; x_wconf 74' lang='grc' dir='ltr'><strong><em>οὐδὲν</em></strong></span> <span class='ocrx_word' id='word_1_92' title='bbox 901 1153 1034 1213; x_wconf 76' lang='grc' dir='ltr'><strong><em>ἄλλο</em></strong></span> <span class='ocrx_word' id='word_1_93' title='bbox 1065 1153 1098 1228; x_wconf 82' lang='grc' dir='ltr'>ἢ</span> <span class='ocrx_word' id='word_1_94' title='bbox 1128 1159 1242 1213; x_wconf 78' lang='grc' dir='ltr'><strong><em>τῶν</em></strong></span> <span class='ocrx_word' id='word_1_95' title='bbox 1271 1154 1420 1230; x_wconf 74' lang='grc' dir='ltr'><strong><em>παρὰ</em></strong></span> <span class='ocrx_word' id='word_1_96' title='bbox 1452 1165 1653 1215; x_wconf 84' lang='grc' dir='ltr'><strong><em>Μωσεῐ</em></strong></span> <span class='ocrx_word' id='word_1_97' title='bbox 1680 1181 1841 1215; x_wconf 83' lang='grc' dir='ltr'><strong><em>νενο-</em></strong></span> 
     </span>
     <span class='ocr_line' id='line_1_14' title="bbox 229 1238 1840 1313; baseline 0.002 -18"><span class='ocrx_word' id='word_1_98' title='bbox 229 1243 628 1313; x_wconf 85' lang='grc' dir='ltr'><strong><em>μοθετημένων</em></strong></span> <span class='ocrx_word' id='word_1_99' title='bbox 683 1242 980 1313; x_wconf 82' lang='grc' dir='ltr'><strong><em>ἐξέχεσθαι.</em></strong></span> <span class='ocrx_word' id='word_1_100' title='bbox 1075 1245 1122 1297; x_wconf 81' lang='grc'><strong><em>5.</em></strong></span> <span class='ocrx_word' id='word_1_101' title='bbox 1178 1238 1383 1298; x_wconf 82' lang='grc' dir='ltr'><strong><em>οὐδένα</em></strong></span> <span class='ocrx_word' id='word_1_102' title='bbox 1437 1243 1575 1313; x_wconf 76' lang='grc' dir='ltr'><strong><em>γοῦν</em></strong></span> <span class='ocrx_word' id='word_1_103' title='bbox 1626 1239 1840 1299; x_wconf 82' lang='grc' dir='ltr'><strong><em>τούτων</em></strong></span> 
     </span>
     <span class='ocr_line' id='line_1_15' title="bbox 229 1320 1835 1398; baseline 0.003 -19"><span class='ocrx_word' id='word_1_104' title='bbox 229 1320 444 1396; x_wconf 88' lang='grc' dir='ltr'><strong><em>όμοιον·</em></strong></span> <span class='ocrx_word' id='word_1_105' title='bbox 502 1327 715 1398; x_wconf 82' lang='grc' dir='ltr'><strong><em>Μωσῆς</em></strong></span> <span class='ocrx_word' id='word_1_106' title='bbox 761 1325 820 1382; x_wconf 90' lang='grc' dir='ltr'><strong><em>δε</em></strong></span> <span class='ocrx_word' id='word_1_107' title='bbox 861 1327 986 1398; x_wconf 87' lang='grc' dir='ltr'><strong><em>περὶ</em></strong></span> <span class='ocrx_word' id='word_1_108' title='bbox 1024 1323 1145 1390; x_wconf 83' lang='grc' dir='ltr'><strong><em>ἑνὸς</em></strong></span> <span class='ocrx_word' id='word_1_109' title='bbox 1186 1322 1503 1398; x_wconf 80' lang='grc' dir='ltr'><strong><em>ὡρισμένως</em></strong></span> <span class='ocrx_word' id='word_1_110' title='bbox 1534 1322 1835 1398; x_wconf 83' lang='grc' dir='ltr'><strong><em>αναφωνεῖ.</em></strong></span> 
     </span>
     <span class='ocr_line' id='line_1_16' title="bbox 228 1407 1904 1484; baseline 0.002 -20"><span class='ocrx_word' id='word_1_111' title='bbox 228 1413 354 1465; x_wconf 88' lang='grc' dir='ltr'><strong><em>τίνα</em></strong></span> <span class='ocrx_word' id='word_1_112' title='bbox 385 1413 578 1467; x_wconf 85' lang='grc' dir='ltr'><strong><em>τοίνυν</em></strong></span> <span class='ocrx_word' id='word_1_113' title='bbox 607 1407 635 1465; x_wconf 83' lang='grc' dir='ltr'><em>ὁ</em></span> <span class='ocrx_word' id='word_1_114' title='bbox 667 1408 904 1483; x_wconf 84' lang='grc' dir='ltr'><strong><em>χρησμὸς</em></strong></span> <span class='ocrx_word' id='word_1_115' title='bbox 943 1414 1192 1478; x_wconf 79' lang='grc' dir='ltr'><strong><em>θεσπίζει</em></strong></span> <span class='ocrx_word' id='word_1_116' title='bbox 1224 1417 1428 1467; x_wconf 81' lang='grc' dir='ltr'><strong><em>Μωσεῖ</em></strong></span> <span class='ocrx_word' id='word_1_117' title='bbox 1453 1408 1838 1484; x_wconf 86' lang='grc' dir='ltr'><strong><em>παραπλήσιον</em></strong></span> <span class='ocrx_word' id='word_1_118' title='bbox 1861 1435 1904 1468; x_wconf 82' lang='lat'><strong><em>15</em></strong></span> 
     </span>
     <span class='ocr_line' id='line_1_17' title="bbox 229 1490 1839 1567; baseline 0.002 -19"><span class='ocrx_word' id='word_1_119' title='bbox 229 1498 458 1550; x_wconf 85' lang='grc' dir='ltr'><strong><em>ε”σεσθαι</em></strong></span> <span class='ocrx_word' id='word_1_120' title='bbox 499 1491 792 1566; x_wconf 83' lang='grc' dir='ltr'><strong><em>προφήτην</em></strong></span> <span class='ocrx_word' id='word_1_121' title='bbox 830 1490 864 1565; x_wconf 82' lang='grc' dir='ltr'><em>ἢ</em></span> <span class='ocrx_word' id='word_1_122' title='bbox 904 1491 1078 1566; x_wconf 89' lang='grc' dir='ltr'><strong><em>μόνον</em></strong></span> <span class='ocrx_word' id='word_1_123' title='bbox 1115 1491 1213 1551; x_wconf 81' lang='grc' dir='ltr'><strong><em>τὸν</em></strong></span> <span class='ocrx_word' id='word_1_124' title='bbox 1251 1496 1470 1567; x_wconf 84' lang='grc' dir='ltr'><strong><em>σωτῆρα</em></strong></span> <span class='ocrx_word' id='word_1_125' title='bbox 1511 1495 1601 1551; x_wconf 84' lang='grc' dir='ltr'><strong><em>καὶ</em></strong></span> <span class='ocrx_word' id='word_1_126' title='bbox 1643 1493 1839 1567; x_wconf 82' lang='grc' dir='ltr'><strong><em>κύριον</em></strong></span> 
     </span>
     <span class='ocr_line' id='line_1_18' title="bbox 229 1573 1837 1653; baseline 0.001 -20"><span class='ocrx_word' id='word_1_127' title='bbox 229 1573 387 1649; x_wconf 73' lang='grc' dir='ltr'><strong><em>ἡμῶν</em></strong></span> <span class='ocrx_word' id='word_1_128' title='bbox 420 1575 637 1650; x_wconf 84' lang='grc' dir='ltr'><strong><em>Ἰησοῦν</em></strong></span> <span class='ocrx_word' id='word_1_129' title='bbox 681 1575 777 1634; x_wconf 87' lang='grc' dir='ltr'><strong><em>τὸν</em></strong></span> <span class='ocrx_word' id='word_1_130' title='bbox 808 1576 1079 1652; x_wconf 85' lang='grc' dir='ltr'><strong><em>Χριστόν;</em></strong></span> <span class='ocrx_word' id='word_1_131' title='bbox 1125 1574 1274 1644; x_wconf 88' lang='grc' dir='ltr'><strong><em>όπως</em></strong></span> <span class='ocrx_word' id='word_1_132' title='bbox 1321 1578 1383 1635; x_wconf 92' lang='grc' dir='ltr'><strong><em>δε</em></strong></span> <span class='ocrx_word' id='word_1_133' title='bbox 1427 1576 1577 1636; x_wconf 80' lang='grc' dir='ltr'><strong><em>τοῦτ’</em></strong></span> <span class='ocrx_word' id='word_1_134' title='bbox 1627 1588 1837 1653; x_wconf 79' lang='grc' dir='ltr'><strong><em>εἴρηται</em></strong></span> 
     </span>
     <span class='ocr_line' id='line_1_19' title="bbox 230 1658 1840 1735; baseline 0.002 -19"><span class='ocrx_word' id='word_1_135' title='bbox 230 1663 643 1730; x_wconf 80' lang='grc' dir='ltr'><strong><em>διασκέψασθαι</em></strong></span> <span class='ocrx_word' id='word_1_136' title='bbox 666 1658 986 1734; x_wconf 77' lang='grc' dir='ltr'><strong><em>ἀναγκαῖον.</em></strong></span> <span class='ocrx_word' id='word_1_137' title='bbox 1042 1667 1088 1719; x_wconf 85' lang='grc'><strong><em>6.</em></strong></span> <span class='ocrx_word' id='word_1_138' title='bbox 1122 1666 1338 1734; x_wconf 85' lang='grc' dir='ltr'><strong><em>Μωσῆς</em></strong></span> <span class='ocrx_word' id='word_1_139' title='bbox 1360 1667 1574 1735; x_wconf 78' lang='grc' dir='ltr'><strong><em>πρῶτος</em></strong></span> <span class='ocrx_word' id='word_1_140' title='bbox 1596 1660 1840 1734; x_wconf 83' lang='grc' dir='ltr'><strong><em>ἡγήσατο</em></strong></span> 
     </span>
     <span class='ocr_line' id='line_1_20' title="bbox 227 1742 1838 1820; baseline 0.002 -19"><span class='ocrx_word' id='word_1_141' title='bbox 227 1750 327 1801; x_wconf 82' lang='grc' dir='ltr'><strong><em>τοῦ</em></strong></span> <span class='ocrx_word' id='word_1_142' title='bbox 351 1743 641 1803; x_wconf 88' lang='grc' dir='ltr'><strong><em>Ἰουδαίων</em></strong></span> <span class='ocrx_word' id='word_1_143' title='bbox 672 1753 901 1813; x_wconf 83' lang='grc' dir='ltr'><strong><em>ἔθνους·</em></strong></span> <span class='ocrx_word' id='word_1_144' title='bbox 950 1743 1133 1820; x_wconf 71' lang='grc' dir='ltr'><strong><em>εὑρών</em></strong></span> <span class='ocrx_word' id='word_1_145' title='bbox 1161 1770 1219 1804; x_wconf 89' lang='grc' dir='ltr'><strong><em>τε</em></strong></span> <span class='ocrx_word' id='word_1_146' title='bbox 1251 1742 1452 1812; x_wconf 82' lang='grc' dir='ltr'><strong><em>αὐτοὺς</em></strong></span> <span class='ocrx_word' id='word_1_147' title='bbox 1483 1749 1548 1819; x_wconf 83' lang='grc' dir='ltr'><strong><em>τῇ</em></strong></span> <span class='ocrx_word' id='word_1_148' title='bbox 1580 1746 1714 1803; x_wconf 76' lang='grc' dir='ltr'><strong><em>κατὰ</em></strong></span> <span class='ocrx_word' id='word_1_149' title='bbox 1739 1751 1838 1805; x_wconf 81' lang='grc' dir='ltr'><strong><em>Αἰ·</em></strong></span> 
     </span>
     <span class='ocr_line' id='line_1_21' title="bbox 227 1828 1903 1907; baseline 0.003 -23"><span class='ocrx_word' id='word_1_150' title='bbox 227 1834 496 1901; x_wconf 90' lang='grc' dir='ltr'><strong><em>γυπτίους</em></strong></span> <span class='ocrx_word' id='word_1_151' title='bbox 535 1832 798 1907; x_wconf 69' lang='grc' dir='ltr'><strong><em>πολυθέω</em></strong></span> <span class='ocrx_word' id='word_1_152' title='bbox 837 1828 1020 1903; x_wconf 71' lang='grc' dir='ltr'><strong><em>πλάνῃ</em></strong></span> <span class='ocrx_word' id='word_1_153' title='bbox 1061 1831 1429 1903; x_wconf 84' lang='grc' dir='ltr'><strong><em>προσέχοντας</em></strong></span> <span class='ocrx_word' id='word_1_154' title='bbox 1479 1834 1694 1902; x_wconf 75' lang='grc' dir='ltr'><strong><em>πρῶτος</em></strong></span> <span class='ocrx_word' id='word_1_155' title='bbox 1733 1830 1903 1904; x_wconf 68' lang='grc' dir='ltr'><strong><em>μὲνεο</em></strong></span> 
     </span>
     <span class='ocr_line' id='line_1_22' title="bbox 226 1911 1838 1988; baseline 0.001 -18"><span class='ocrx_word' id='word_1_156' title='bbox 226 1911 428 1985; x_wconf 81' lang='grc' dir='ltr'><strong><em>ταύτης</em></strong></span> <span class='ocrx_word' id='word_1_157' title='bbox 459 1911 830 1986; x_wconf 81' lang='grc' dir='ltr'><strong><em>ἀπέστρεψεν,</em></strong></span> <span class='ocrx_word' id='word_1_158' title='bbox 872 1911 1262 1986; x_wconf 83' lang='grc' dir='ltr'><strong><em>ἀπαραιτήτοις</em></strong></span> <span class='ocrx_word' id='word_1_159' title='bbox 1303 1920 1588 1987; x_wconf 87' lang='grc' dir='ltr'><strong><em>τιμωρίαις</em></strong></span> <span class='ocrx_word' id='word_1_160' title='bbox 1626 1913 1838 1988; x_wconf 80' lang='grc' dir='ltr'><strong><em>ἀπαγο-</em></strong></span> 
     </span>
    </p>

    <p class='ocr_par' dir='ltr' id='par_1_5' title="bbox 139 1994 1901 2746">
     <span class='ocr_line' id='line_1_23' title="bbox 139 1994 1836 2071; baseline 0.001 -17"><span class='ocrx_word' id='word_1_161' title='bbox 139 2022 207 2062; x_wconf 81' lang='lat'><strong>(91)</strong></span> <span class='ocrx_word' id='word_1_162' title='bbox 230 1994 433 2070; x_wconf 81' lang='grc' dir='ltr'><strong><em>ρεύσας</em></strong></span> <span class='ocrx_word' id='word_1_163' title='bbox 486 2001 932 2069; x_wconf 86' lang='grc' dir='ltr'><strong><em>εἰδωλολατρεῑν·</em></strong></span> <span class='ocrx_word' id='word_1_164' title='bbox 1001 2002 1214 2071; x_wconf 76' lang='grc' dir='ltr'><strong><em>πρῶτος</em></strong></span> <span class='ocrx_word' id='word_1_165' title='bbox 1265 1998 1323 2054; x_wconf 74' lang='grc' dir='ltr'><strong><em>δὲ</em></strong></span> <span class='ocrx_word' id='word_1_166' title='bbox 1370 1994 1557 2065; x_wconf 78' lang='grc' dir='ltr'><strong><em>αὐτοῖς</em></strong></span> <span class='ocrx_word' id='word_1_167' title='bbox 1601 2001 1692 2055; x_wconf 86' lang='grc' dir='ltr'><strong><em>καὶ</em></strong></span> <span class='ocrx_word' id='word_1_168' title='bbox 1732 1996 1836 2071; x_wconf 87' lang='grc' dir='ltr'><strong><em>τὴν</em></strong></span> 
     </span>
     <span class='ocr_line' id='line_1_24' title="bbox 227 2080 1836 2156; baseline 0.002 -20"><span class='ocrx_word' id='word_1_169' title='bbox 227 2082 355 2151; x_wconf 87' lang='grc' dir='ltr'><strong><em>περὶ</em></strong></span> <span class='ocrx_word' id='word_1_170' title='bbox 416 2086 718 2153; x_wconf 89' lang='grc' dir='ltr'><strong><em>μοναρχίας</em></strong></span> <span class='ocrx_word' id='word_1_171' title='bbox 774 2086 1073 2153; x_wconf 75' lang='grc' dir='ltr'><strong><em>θεολογίαν</em></strong></span> <span class='ocrx_word' id='word_1_172' title='bbox 1124 2080 1511 2156; x_wconf 77' lang='grc' dir='ltr'><strong><em>κατήγγειλεν,</em></strong></span> <span class='ocrx_word' id='word_1_173' title='bbox 1577 2081 1675 2140; x_wconf 89' lang='grc' dir='ltr'><strong><em>τὸν</em></strong></span> <span class='ocrx_word' id='word_1_174' title='bbox 1723 2086 1836 2141; x_wconf 79' lang='grc' dir='ltr'><strong><em>τῶν</em></strong></span> 
     </span>
     <span class='ocr_line' id='line_1_25' title="bbox 226 2161 1836 2241; baseline 0.003 -22"><span class='ocrx_word' id='word_1_175' title='bbox 226 2161 491 2222; x_wconf 79' lang='grc' dir='ltr'><strong><em>ἁπάντων</em></strong></span> <span class='ocrx_word' id='word_1_176' title='bbox 522 2162 864 2238; x_wconf 81' lang='grc' dir='ltr'><strong><em>δημιουργὸν</em></strong></span> <span class='ocrx_word' id='word_1_177' title='bbox 887 2166 976 2221; x_wconf 87' lang='grc' dir='ltr'><strong><em>καὶ</em></strong></span> <span class='ocrx_word' id='word_1_178' title='bbox 1005 2163 1238 2238; x_wconf 86' lang='grc' dir='ltr'><strong><em>ποιητὴν</em></strong></span> <span class='ocrx_word' id='word_1_179' title='bbox 1267 2165 1441 2240; x_wconf 88' lang='grc' dir='ltr'><strong><em>μόνον</em></strong></span> <span class='ocrx_word' id='word_1_180' title='bbox 1463 2173 1836 2241; x_wconf 87' lang='grc' dir='ltr'><strong><em>παραγγείλας</em></strong></span> 
     </span>
     <span class='ocr_line' id='line_1_26' title="bbox 227 2246 1901 2324; baseline 0.002 -20"><span class='ocrx_word' id='word_1_181' title='bbox 227 2251 438 2320; x_wconf 83' lang='grc' dir='ltr'><strong><em>σέβειν·</em></strong></span> <span class='ocrx_word' id='word_1_182' title='bbox 500 2251 713 2321; x_wconf 76' lang='grc' dir='ltr'><strong><em>πρῶτος</em></strong></span> <span class='ocrx_word' id='word_1_183' title='bbox 746 2249 806 2306; x_wconf 77' lang='grc' dir='ltr'><strong><em>δὲ</em></strong></span> <span class='ocrx_word' id='word_1_184' title='bbox 836 2251 927 2306; x_wconf 88' lang='grc' dir='ltr'><strong><em>καὶ</em></strong></span> <span class='ocrx_word' id='word_1_185' title='bbox 958 2246 1186 2322; x_wconf 73' lang='grc' dir='ltr'><strong><em>ἀγωγήν</em></strong></span> <span class='ocrx_word' id='word_1_186' title='bbox 1215 2274 1338 2308; x_wconf 89' lang='grc' dir='ltr'><strong><em>τινα</em></strong></span> <span class='ocrx_word' id='word_1_187' title='bbox 1368 2253 1674 2324; x_wconf 79' lang='grc' dir='ltr'><strong><em>θεοσεβοῦς</em></strong></span> <span class='ocrx_word' id='word_1_188' title='bbox 1704 2257 1834 2323; x_wconf 89' lang='grc' dir='ltr'><strong><em>βίου</em></strong></span> <span class='ocrx_word' id='word_1_189' title='bbox 1856 2275 1901 2308; x_wconf 81' lang='lat'><strong><em>25</em></strong></span> 
     </span>
     <span class='ocr_line' id='line_1_27' title="bbox 225 2329 1834 2407; baseline 0.002 -18"><span class='ocrx_word' id='word_1_190' title='bbox 225 2347 339 2398; x_wconf 83' lang='grc' dir='ltr'><strong><em>τοῖς</em></strong></span> <span class='ocrx_word' id='word_1_191' title='bbox 364 2329 552 2399; x_wconf 85' lang='grc' dir='ltr'><strong><em>αὐτοῖς</em></strong></span> <span class='ocrx_word' id='word_1_192' title='bbox 580 2331 970 2406; x_wconf 77' lang='grc' dir='ltr'><strong><em>διαταξάμενος</em></strong></span> <span class='ocrx_word' id='word_1_193' title='bbox 1001 2335 1305 2406; x_wconf 89' lang='grc' dir='ltr'><strong><em>νομοθέτης</em></strong></span> <span class='ocrx_word' id='word_1_194' title='bbox 1342 2334 1532 2401; x_wconf 78' lang='grc' dir='ltr'><strong><em>αὐτοῖς</em></strong></span> <span class='ocrx_word' id='word_1_195' title='bbox 1568 2333 1834 2407; x_wconf 82' lang='grc' dir='ltr'><strong><em>εὐσεβοῦς</em></strong></span> 
     </span>
     <span class='ocr_line' id='line_1_28' title="bbox 226 2413 1834 2491; baseline 0.002 -18"><span class='ocrx_word' id='word_1_196' title='bbox 226 2423 503 2484; x_wconf 84' lang='grc' dir='ltr'><strong><em>πολιτείας</em></strong></span> <span class='ocrx_word' id='word_1_197' title='bbox 534 2420 748 2491; x_wconf 73' lang='grc' dir='ltr'><strong><em>πρῶτος</em></strong></span> <span class='ocrx_word' id='word_1_198' title='bbox 779 2419 870 2475; x_wconf 87' lang='grc' dir='ltr'><strong><em>καὶ</em></strong></span> <span class='ocrx_word' id='word_1_199' title='bbox 901 2415 1066 2490; x_wconf 87' lang='grc' dir='ltr'><strong><em>μόνος</em></strong></span> <span class='ocrx_word' id='word_1_200' title='bbox 1097 2413 1509 2475; x_wconf 75' lang='grc' dir='ltr'><strong><em>ἀποδέδεικται·</em></strong></span> <span class='ocrx_word' id='word_1_201' title='bbox 1573 2415 1711 2475; x_wconf 78' lang='grc' dir='ltr'><strong><em>ἀλλὰ</em></strong></span> <span class='ocrx_word' id='word_1_202' title='bbox 1741 2422 1834 2476; x_wconf 87' lang='grc' dir='ltr'><strong><em>καὶ</em></strong></span> 
     </span>
     <span class='ocr_line' id='line_1_29' title="bbox 220 2497 1829 2577; baseline 0.002 -20"><span class='ocrx_word' id='word_1_203' title='bbox 220 2497 428 2573; x_wconf 76' lang='grc' dir='ltr'><strong><em>Ἰησοῦς</em></strong></span> <span class='ocrx_word' id='word_1_204' title='bbox 451 2500 724 2575; x_wconf 87' lang='grc' dir='ltr'><strong><em>ὁΧριστὸς</em></strong></span> <span class='ocrx_word' id='word_1_205' title='bbox 736 2510 939 2560; x_wconf 84' lang='grc' dir='ltr'><strong><em>Μωσεῖ</em></strong></span> <span class='ocrx_word' id='word_1_206' title='bbox 955 2507 1349 2575; x_wconf 87' lang='grc' dir='ltr'><strong><em>παραπλησίως</em></strong></span> <span class='ocrx_word' id='word_1_207' title='bbox 1372 2503 1463 2559; x_wconf 87' lang='grc' dir='ltr'><strong><em>καὶ</em></strong></span> <span class='ocrx_word' id='word_1_208' title='bbox 1487 2500 1630 2560; x_wconf 83' lang='grc' dir='ltr'><strong><em>πολύ</em></strong></span> <span class='ocrx_word' id='word_1_209' title='bbox 1654 2527 1829 2577; x_wconf 89' lang='grc' dir='ltr'><strong><em>κρειτ-</em></strong></span> 
     </span>
     <span class='ocr_line' id='line_1_30' title="bbox 225 2582 1832 2659; baseline 0.002 -17"><span class='ocrx_word' id='word_1_210' title='bbox 225 2583 398 2652; x_wconf 87' lang='grc' dir='ltr'><strong><em>τόνως</em></strong></span> <span class='ocrx_word' id='word_1_211' title='bbox 437 2591 652 2659; x_wconf 76' lang='grc' dir='ltr'><strong><em>πρῶτος</em></strong></span> <span class='ocrx_word' id='word_1_212' title='bbox 690 2589 786 2659; x_wconf 85' lang='grc' dir='ltr'><strong><em>τῆς</em></strong></span> <span class='ocrx_word' id='word_1_213' title='bbox 827 2582 948 2643; x_wconf 87' lang='grc' dir='ltr'><strong><em>κατ’</em></strong></span> <span class='ocrx_word' id='word_1_214' title='bbox 993 2582 1285 2658; x_wconf 87' lang='grc' dir='ltr'><strong><em>εὐσέβειαν</em></strong></span> <span class='ocrx_word' id='word_1_215' title='bbox 1329 2591 1687 2654; x_wconf 87' lang='grc' dir='ltr'><strong><em>διδασκαλίας</em></strong></span> <span class='ocrx_word' id='word_1_216' title='bbox 1717 2599 1832 2654; x_wconf 77' lang='grc' dir='ltr'><strong><em>τοῖς</em></strong></span> 
     </span>
     <span class='ocr_line' id='line_1_31' title="bbox 226 2668 1896 2746; baseline 0.001 -21"><span class='ocrx_word' id='word_1_217' title='bbox 226 2676 437 2736; x_wconf 82' lang='grc' dir='ltr'><strong><em>λοιποῖς</em></strong></span> <span class='ocrx_word' id='word_1_218' title='bbox 469 2677 659 2729; x_wconf 82' lang='grc' dir='ltr'><strong><em>ἔθνεσι</em></strong></span> <span class='ocrx_word' id='word_1_219' title='bbox 698 2669 1084 2744; x_wconf 84' lang='grc' dir='ltr'><strong><em>καθηγήσατο,</em></strong></span> <span class='ocrx_word' id='word_1_220' title='bbox 1125 2672 1216 2727; x_wconf 85' lang='grc' dir='ltr'><strong><em>καὶ</em></strong></span> <span class='ocrx_word' id='word_1_221' title='bbox 1256 2676 1471 2744; x_wconf 74' lang='grc' dir='ltr'><strong><em>πρῶτος</em></strong></span> <span class='ocrx_word' id='word_1_222' title='bbox 1512 2668 1832 2746; x_wconf 76' lang='grc' dir='ltr'><strong><em>ἀνατροπὴν</em></strong></span> <span class='ocrx_word' id='word_1_223' title='bbox 1853 2693 1896 2727; x_wconf 83' lang='grc' dir='ltr'><strong><em>3ο</em></strong></span> 
     </span>
    </p>

    <p class='ocr_par' dir='ltr' id='par_1_6' title="bbox 178 2751 1829 2914">
     <span class='ocr_line' id='line_1_32' title="bbox 178 2751 1828 2829; baseline 0.001 -18"><span class='ocrx_word' id='word_1_224' title='bbox 178 2778 199 2811; x_wconf 86' lang='lat' dir='ltr'>b</span> <span class='ocrx_word' id='word_1_225' title='bbox 226 2755 319 2826; x_wconf 83' lang='grc' dir='ltr'><strong><em>τῆς</em></strong></span> <span class='ocrx_word' id='word_1_226' title='bbox 350 2751 482 2811; x_wconf 87' lang='grc' dir='ltr'><strong><em>καθ’</em></strong></span> <span class='ocrx_word' id='word_1_227' title='bbox 525 2753 662 2828; x_wconf 76' lang='grc' dir='ltr'><strong><em>ὅλην</em></strong></span> <span class='ocrx_word' id='word_1_228' title='bbox 699 2753 802 2828; x_wconf 84' lang='grc' dir='ltr'><strong><em>τὴν</em></strong></span> <span class='ocrx_word' id='word_1_229' title='bbox 833 2756 1163 2828; x_wconf 81' lang='grc' dir='ltr'><strong><em>οἰκουμένην</em></strong></span> <span class='ocrx_word' id='word_1_230' title='bbox 1196 2760 1618 2829; x_wconf 81' lang='grc' dir='ltr'><strong><em>εἰδωλολατρίας</em></strong></span> <span class='ocrx_word' id='word_1_231' title='bbox 1650 2754 1828 2829; x_wconf 78' lang='grc' dir='ltr'><strong><em>εἰργά-</em></strong></span> 
     </span>
     <span class='ocr_line' id='line_1_33' title="bbox 226 2837 1829 2914; baseline 0.001 -21"><span class='ocrx_word' id='word_1_232' title='bbox 226 2853 382 2894; x_wconf 89' lang='grc' dir='ltr'><strong><em>σατο·</em></strong></span> <span class='ocrx_word' id='word_1_233' title='bbox 446 2837 660 2914; x_wconf 78' lang='grc' dir='ltr'><strong><em>πρῶτός</em></strong></span> <span class='ocrx_word' id='word_1_234' title='bbox 699 2864 756 2898; x_wconf 83' lang='grc' dir='ltr'><strong><em>τε</em></strong></span> <span class='ocrx_word' id='word_1_235' title='bbox 796 2839 897 2913; x_wconf 85' lang='grc' dir='ltr'><strong><em>τὴν</em></strong></span> <span class='ocrx_word' id='word_1_236' title='bbox 939 2837 1061 2907; x_wconf 81' lang='grc' dir='ltr'><strong><em>ἑνὸς</em></strong></span> <span class='ocrx_word' id='word_1_237' title='bbox 1110 2845 1208 2897; x_wconf 85' lang='grc' dir='ltr'><strong><em>τοῦ</em></strong></span> <span class='ocrx_word' id='word_1_238' title='bbox 1259 2843 1647 2913; x_wconf 86' lang='grc' dir='ltr'><strong><em>παμβασιλέως</em></strong></span> <span class='ocrx_word' id='word_1_239' title='bbox 1688 2845 1829 2897; x_wconf 85' lang='grc' dir='ltr'><strong><em>θεοῦ</em></strong></span> 
     </span>
    </p>
   </div>
  </div>
 </body>
</html>
