1992 3186
244 134 350 186 454
918 133 1166 175 EUsEssn

246 253 338 309 καὶ
380 249 589 323 ἐκλήθη
630 250 687 307 τὸ
732 247 906 322 ὄνομα
947 247 1121 306 αὑτοῦ
1161 249 1483 324 θαυμαστὸς
1523 249 1855 326 σύμβουλος,

249 333 498 408 ἰσχυρὸς,
545 331 810 406 δυνατὸς,
855 330 1064 406 πατὴρ,
1121 339 1200 391 ἔτι
1239 332 1427 408 ἅρχων
1467 335 1720 410 εἰρήνης,
1766 338 1860 394 καὶ

245 423 338 492 τῆς
382 417 603 491 εἰρήνης
647 416 823 475 αὐτοῦ
861 416 962 475 οὐκ
1002 423 1117 475 ἔστι
1155 415 1391 491 πέρας·”
1468 424 1584 477 137.
1621 418 1694 487 ὦς
1737 420 1799 477 δὲ
1828 418 1858 477 ὁ

244 502 543 576 Σύμμαχος
568 498 834 569 “νεανίας
855 501 961 576 γὰρ
987 500 1159 575 ἐδόθη
1181 498 1335 576 ἡμῖν,
1365 503 1486 570 υίὸς
1511 503 1682 578 ἐδόθη
1705 502 1855 578 ἡμῖν.

244 589 336 643 καὶ
368 593 520 643 ἔσται
550 585 584 660 ἡ
627 591 854 644 παιδεία
886 584 1060 644 αὐτοῦ
1090 589 1178 644 ἐπὶ
1208 590 1308 644 τοῦ
1348 584 1501 661 ω”μου
1531 585 1734 661 αὐτοῦ,
1765 591 1859 646 καὶ
1880 613 1902 646 5

244 670 583 743 κληθήσεται
624 670 684 728 τὸ
724 669 898 745 ὄνομα
943 669 1117 729 αὐτοῦ
1147 672 1590 746 παραδοξασμός,
1621 679 1857 745 βουλευ-

243 754 419 828 τικὸς,
455 755 711 830 ἰσχυρὸς,
747 755 1002 828 δυνατὸς,
1034 754 1212 830 πατὴρ
1244 758 1463 830 αἰῶνος,
1496 754 1682 830 ἅρχων
1715 756 1860 830 εἰρή-

200 866 218 896 ÷2
246 863 363 913 νης,
396 842 487 896 καὶ
510 846 605 913 τῆς
631 839 851 914 εἰρήνης
875 836 1047 898 αὐτοῦ
1070 839 1173 898 οὐκ
1197 847 1312 907 ἔστι
1333 838 1558 914 πέρας.”
1598 846 1712 899 138.
1732 841 1860 899 οὐκ·

244 930 349 982 οῦν
370 921 470 998 οὐχ
493 921 681 991 ἁπλῶς
705 923 934 998 ἅγγελος
959 923 1095 981 κατὰ
1116 926 1244 993 τοὺς
1274 925 1656 999 ἑβδομήκοντα
1670 971 1685 998 ,
1719 922 1860 983 ἀλλὰ

238 1004 268 1024 ‘
276 1011 370 1081 τῆς
410 1008 649 1082 μεγάλης
692 1011 900 1082 βουλῆς
930 1007 1186 1081 ἅγγελος,
1229 1012 1322 1066 καὶ
1361 1008 1683 1084 θαυμαστὰς
1714 1010 1861 1083 σύμ-
1883 1035 1924 1066 ιο

247 1099 478 1165 βουλος,
511 1096 602 1150 καὶ
633 1092 764 1160 θεὸς
789 1092 1030 1167 ἰσχυρὸς,
1063 1095 1155 1150 καὶ
1181 1094 1532 1166 ἐξουσιαστὴς
1557 1092 1696 1151 καὶ’
1674 1093 1862 1170 ἄρχων

248 1176 502 1250 εἰρήνης,
545 1180 637 1235 καὶ
682 1200 861 1252 πατηρ
892 1183 990 1235 τοῦ
1024 1181 1317 1250 μέλλοντος
1349 1181 1549 1246 αἰῶνος
1579 1176 1863 1252 γεννηθή-

246 1271 465 1334 σεσθαι,
474 1260 505 1280 ”
541 1264 632 1319 καὶ
663 1267 890 1320 παιδίον
921 1268 1150 1320 ἔσεσθαι
1176 1260 1268 1318 δια
1289 1261 1502 1320 τούτων
1526 1266 1860 1331 ἐθεσπίζετο.

245 1353 384 1418 ἔχεις
431 1347 492 1402 δε
539 1350 599 1403 ἐν
642 1359 756 1412 τοῖς
802 1349 1088 1420 προτέροις
1126 1344 1222 1403 τὸν
1261 1349 1362 1403 τοί
1390 1349 1530 1404 θεοῦ
1573 1345 1740 1419 λόγον
1769 1348 1862 1404 καὶ

246 1429 383 1487 θεὸν
423 1432 516 1486 καὶ
556 1429 751 1503 κύριον
795 1429 1076 1504 διαφόρως
1107 1427 1584 1504 ἀνηγορευμένον,
1624 1427 1764 1504 ομοῦ
1798 1431 1861 1488 δε
1886 1455 1924 1488 15

245 1512 339 1570 τὸν
363 1512 537 1571 αὐτὸν
559 1512 795 1587 ἄγγελον
821 1511 1216 1588 ωνομασμένον
1238 1518 1338 1572 τοῦ
1359 1512 1583 1587 πατρὸς,
1602 1517 1694 1572 καὶ
1683 1512 1862 1615 ἀρχι-

245 1596 554 1671 στράτηγον
585 1597 876 1672 δυνάμεως
906 1606 1119 1672 κυρίου.
1184 1603 1299 1656 139.
1332 1605 1414 1666 τίς
1447 1598 1498 1655 δ’
1535 1596 1605 1657 οὶν
1635 1590 1738 1656 οὖν
1767 1601 1863 1671 γέ-

248 1706 393 1739 νοιτο
424 1682 562 1740 κατὰ
590 1683 693 1756 μὲν
723 1681 820 1741 τὸν
845 1680 1081 1741 Ἀκύλαν
1111 1685 1202 1740 καὶ
1231 1682 1327 1750 τὰς
1359 1686 1525 1741 εἰσέτι
1553 1687 1663 1741 νῦν
1692 1707 1863 1757 φερο-

204 1802 219 1822 c
244 1770 412 1839 μένας
447 1763 580 1840 παρ’
608 1763 881 1841 Ἑβραίοις
922 1773 1227 1842 μαρτυρίας
1250 1766 1352 1824 “gv
1381 1764 1702 1840 ἀνθρώποις
1732 1789 1863 1838 γεν-

247 1849 509 1924 νώμενος,
541 1853 634 1908 καὶ
665 1857 891 1909 παιδίον
922 1851 1230 1924 γινόμενος,
1261 1849 1586 1923 θαυμαστὸς
1616 1848 1860 1922 σύμβου-
1883 1874 1925 1906 20

246 1943 338 2002 λος
369 1938 462 1992 καὶ
495 1935 746 2010 ἰσχυρὸς,
780 1934 1043 2007 δυνατὸς,
1077 1937 1169 1991 καὶ
1201 1934 1408 2006 πατὴρ,
1442 1940 1520 1991 ἔτι
1551 1936 1643 1991 καὶ
1674 1932 1862 2007 ἅρχων

247 2018 499 2091 εἰρήνης,
542 2011 604 2090 ἧς
650 2017 873 2090 εἰρήνης
915 2016 1119 2075 οὔποτέ
1155 2036 1328 2090 φησιν
1367 2024 1598 2076 ἔσεσθαι
1636 2016 1854 2085 τέλος·”

246 2100 382 2158 κατὰ
414 2103 476 2158 δὲ
506 2101 602 2158 τὸν
633 2101 940 2175 Σύμμαχον
961 2100 1453 2176 “παραδοξασμὸς,
1485 2100 1860 2174 βουλευτικὸς,

249 2184 489 2258 ἰσχυρὸς,
525 2183 778 2257 δυνατὸς,
811 2185 990 2260 πατὴρ
1022 2189 1241 2259 αἰῶνος,
1273 2184 1460 2260 ἅρχων
1493 2185 1735 2259 εἰρήνης,
1768 2188 1862 2243 καὶ

246 2268 445 2342 ταύτης
476 2268 710 2342 ἀπείρου
741 2272 832 2326 καὶ
863 2266 1288 2342 ἀτελευτήτου”’
1361 2273 1453 2326 καὶ
1483 2269 1619 2326 κατα
1653 2276 1860 2327 Θεοδο-
1882 2291 1924 2324 25

247 2360 418 2411 τίωνα
459 2350 835 2426 “θαυμαο”τως
880 2353 1201 2425 βουλεύων,
1261 2351 1511 2426 ἰσχυρὸς,
1562 2352 1859 2426 δυναστης,

248 2461 457 2513 πατηρ,
491 2461 678 2511 αρχων
710 2436 960 2511 εἰρήνης,
993 2442 1070 2514 τῷ
1102 2436 1414 2509 πληθύνειν
1443 2435 1546 2509 τήν
1578 2443 1858 2509 παιδείαν,

248 2546 315 2578 ου
348 2526 445 2594 τῆς
478 2521 701 2597 εἰρήνης
724 2519 828 2580 ούκ
859 2528 973 2579 ἔστι
1003 2523 1199 2595 πέρας
1190 2518 1239 2547 ”
1313 2525 1429 2578 140.
1463 2524 1554 2578 καὶ
1594 2518 1743 2597 αὐτῷ
1773 2539 1861 2579 σοι

247 2606 312 2662 τὰ
346 2607 468 2679 ἑξῆς
499 2614 815 2664 καταλείπω
847 2620 1104 2678 σκοπεῖν,
1145 2607 1408 2663 τοσοῦτον
1450 2603 1862 2678 ἐπισημηναμε-

199 2725 210 2746 s.
247 2713 370 2759 νος,
404 2689 476 2757 ὡς
507 2688 613 2764 ἄρα
644 2687 809 2757 αὐτὸς
840 2714 1000 2756 ουτος
1039 2688 1066 2746 ὁ
1108 2688 1403 2762 λεγόμενος
1446 2689 1624 2762 πατὴρ
1656 2693 1857 2754 αἰῶνος
1882 2710 1922 2744 30

248 2775 340 2829 καὶ
371 2770 607 2847 ἀπείρου
640 2773 863 2848 εἰρήνης
885 2772 1072 2848 ἄρχων
1101 2771 1339 2846 μεγάλης
1369 2796 1428 2830 τε
1459 2773 1665 2845 βουλῆς
1695 2770 1859 2845 ἅγγε-

247 2863 340 2922 λος
381 2856 836 2930 γεννηθήσεσθαι
875 2861 967 2915 καὶ
1007 2862 1232 2915 παιδίον
1273 2864 1505 2915 ἔσεσθαι
1545 2854 1861 2931 προφητεύ-
