1992 3186
372 149 681 191 DEMONST.
714 149 934 191 EVANG.
965 149 1091 191 VIII.
1122 150 1162 190 5.
1203 149 1283 189 IX.
1306 149 1518 189 Pnoomt.
1647 146 1750 198 561

144 290 263 324 νων
312 270 411 338 τῆς
471 267 573 322 τοῦ
633 271 832 339 κυρίου
897 271 974 333 εἰς
1036 262 1374 339 ἀνθρώπους
1427 267 1752 337 ἐπιφανείας

147 352 444 422 συνῆκται·
490 355 719 406 πλείονα
752 348 802 407 δ’
862 348 931 407 ἄν
961 374 1041 416 τις
1084 351 1171 406 ἐπὶ
1214 351 1412 422 σχολῆς
1455 347 1609 423 εὕροι
1659 351 1751 405 καὶ

145 433 242 500 τὰς
283 431 477 500 λοιπάς
530 432 819 508 ἐκπεριιών
869 432 1112 508 γραφάς·
1169 431 1326 506 ἡμεῖς
1374 455 1438 505 γε
1487 430 1598 507 μὴν
1637 447 1799 500 τοῖςι)

148 520 454 593 εἰρημένοις
480 514 848 592 ἀρκεσθέντες
877 520 1103 592 μέτιμεν
1132 516 1240 590 ἤδη
1272 519 1363 574 καὶ
1397 518 1485 574 ἐπὶ
1516 515 1611 584 τάς
1643 525 1754 575 λοι-

98 618 119 652 5
146 602 251 668 πάς
291 610 646 676 προφητείας.
739 602 823 660 διὸ
864 600 929 660 τὰ
976 603 1415 675 οἰκονομηθέντα
1441 604 1501 659 ἐν
1531 598 1752 676 ἀνθρώ-

146 710 269 755 ποις
321 684 648 755 ἀκολούθως
698 685 850 765 αὐτῷ
892 689 950 743 ἐκ
1001 690 1114 744 τῶν
1160 692 1339 744 θείων
1390 684 1754 762 προρρήσεων

145 769 544 845 ἀναλεξάμεθα,

675 1172 931 1214 ΒΙΒΛΙΟΝ
961 1173 1227 1215 ENATON.
1774 1160 1867 1244 ἓξὲξ

279 1280 323 1333 1.
382 1281 453 1332 Τί
481 1272 548 1347 δὴ
580 1280 826 1332 λείπεται
853 1275 942 1332 ε’πὶ
972 1273 1183 1342 τούτοις
1208 1272 1330 1332 ἀλλ’
1365 1271 1398 1348 ἢ
1446 1289 1566 1343 ταῖς
1618 1273 1754 1333 ὑπο-

86 1387 126 1418 10
152 1362 405 1434 σχέσεσιν
447 1355 772 1426 ἀκολουθως
819 1364 1070 1417 διελθεῖν
1099 1359 1163 1416 τὰ
1195 1362 1633 1433 οἰκονομηθέντα
1666 1361 1754 1416 ἐπὶ

146 1447 242 1516 τῆς
275 1442 755 1519 ἐνανθρωπήσεως
786 1440 958 1500 αὐτοῦ
1001 1441 1069 1546 δή
1100 1447 1196 1501 τοῦ
1226 1448 1370 1502 θεον
1400 1442 1595 1518 λόγους
1628 1446 1755 1520 περι

148 1554 215 1587 ου
245 1553 311 1585 τα
342 1530 806 1603 προπεπονημένα
840 1530 899 1584 ἐν
929 1523 1070 1584 ὀκτω
1108 1541 1223 1594 τοῖς
1253 1526 1359 1630 πρὸ
1388 1527 1590 1586 τούτου
1621 1547 1752 1631 συγ-
1776 1556 1867 1595 (417)

149 1611 429 1687 γράμμασι
474 1610 915 1686 διεληλύθαμεν,
968 1636 1087 1669 τοτε
1126 1636 1228 1686 μεν
1268 1612 1371 1684 τὴν
1418 1610 1536 1669 κατ’
1585 1609 1757 1670 αὐτὸν

149 1703 455 1770 θεολογίαν
497 1694 954 1771 διερευνώμενοι,
1006 1697 1126 1753 τοτὲ
1181 1697 1242 1753 δὲ
1290 1695 1392 1770 τὴν
1439 1695 1756 1771 οὐρανόθεν

85 1806 128 1838 15
155 1788 231 1847 εἰς
272 1777 414 1855 ἡμας
455 1779 704 1838 κάθοδον
744 1783 834 1837 καὶ
874 1779 972 1838 τόν
1010 1805 1068 1838 τε
1107 1779 1314 1855 τρόπον
1354 1779 1492 1854 ὁμοῦ
1531 1783 1624 1838 καὶ
1655 1779 1758 1854 τὴν

149 1871 526 1940 προσηγορίαν
579 1867 669 1922 καὶ
731 1863 828 1922 τὸν
890 1864 1090 1940 χρόνον
1139 1868 1235 1938 τῆς
1287 1862 1526 1938 ἀφίξεως
1587 1863 1759 1925 αὐτου

151 1947 631 2057 διασκοπούμενοι.
730 1973 809 2007 ων
859 1945 1347 2023 ἀποδεδειγμένων
1406 1947 1596 2026 καιρὸς
1646 1947 1754 2023 ἤδη

149 2059 215 2091 τα
247 2058 383 2091 κατα
412 2033 514 2106 τήν
547 2031 877 2107 ἐπιφάνειαν
895 2030 1066 2091 αυτοῦ
1090 2039 1375 2107 συνιδεῖν,
1407 2037 1762 2109 παραστῆσαί

150 2143 208 2176 τε
238 2114 386 2184 ὅπως
419 2120 506 2174 καὶ
540 2117 752 2176 τούτων
783 2120 984 2175 ἕκαστα
1026 2115 1158 2192 παρ’
1195 2117 1468 2193 Ἑβραίοις
1509 2141 1757 2192 προανα-

88 2229 130 2260 20
154 2200 465 2276 πεφώνητο.
536 2207 585 2260 2.
628 2201 688 2260 τό
731 2226 793 2275 γε
840 2201 950 2276 μὴν
998 2206 1110 2260 τῶν
1152 2202 1516 2277 προρρήσεων
1556 2199 1756 2260 ἀποτέ-

153 2295 324 2360 λεσμα
370 2283 460 2343 διά
498 2290 594 2359 τῆς
643 2310 756 2343 των
798 2290 964 2360 ἱερων
1006 2285 1413 2359 εὐαγγελιστων
1452 2291 1757 2362 μαρτυρίας

153 2373 245 2427 καὶ
295 2372 390 2443 τῆς
444 2367 520 2427 δι’
577 2394 764 2428 αυτων
817 2375 1203 2444 ιστορηθείσης
1255 2395 1370 2428 των
1420 2369 1756 2443 πραγμάτων

154 2452 479 2525 ἀποβάσεως
522 2453 1109 2528 ἐπισφραγισθήσεται.
1182 2476 1402 2528 πρωτον
1442 2478 1545 2510 ουν
1576 2449 1755 2511 ἆπάν-
1779 2480 1802 2512 b

154 2561 296 2608 των,
343 2535 532 2609 ἐπειδὴ
572 2561 638 2594 τα
669 2539 795 2611 περὶ
826 2542 920 2611 τῆς
951 2539 1217 2610 γενέσεως
1259 2535 1434 2594 αὐτου
1472 2539 1679 2609 γένους
1698 2561 1757 2595 τε

91 2644 132 2679 25
158 2622 249 2677 καὶ
301 2622 481 2693 φυλῆς
534 2622 626 2677 καὶ
678 2623 987 2695 σπέρματος
1039 2618 1452 2692 ἀποδέδεικται,
1505 2623 1641 2695 φέρε
1691 2623 1758 2678 τά

158 2707 284 2777 περὶ
317 2707 417 2761 τοῦ
447 2705 716 2777 φανέντος
760 2706 847 2761 ἐπὶ
889 2711 955 2778 τῇ
985 2707 1200 2777 γενέσει
1242 2701 1418 2763 αὐτοῦ
1447 2706 1577 2762 νέου
1608 2703 1758 2772 τινὸς

160 2790 252 2845 καὶ
285 2792 585 2858 ξενίζοντος
627 2786 774 2863 παρά
814 2787 943 2855 τοὺς
975 2787 1240 2862 συνήθεις
1270 2788 1494 2864 ἀστέρος
1535 2789 1758 2847 θεασώ-

155 2883 334 2947 μεθα,
389 2875 504 2930 ἐπεὶ
558 2874 649 2930 καὶ
692 2875 853 2930 τοῦτο
904 2871 1072 2930 πάλαι
1122 2873 1390 2949 πρότερον
1434 2877 1492 2931 ἐκ
1531 2877 1759 2948 μακρῶν

243 2980 470 3010 ΕυεΕΒῐοε
492 2981 571 3011 111.
1378 2967 1445 3019 36
