1992 3186
240 131 346 183 376
926 131 1175 174 EUSEBII

142 270 229 312 1172]
255 272 367 315 τοις
406 247 685 306 πιστεύων
729 250 781 314 ἐξ
823 245 993 318 αὐτῆς
1031 250 1128 319 τῆς
1167 253 1402 315 πίστεως
1442 246 1615 306 αὑτοῦ
1645 254 1858 318 δίκαιος

240 331 597 405 ἀναδειχθεὶς
627 329 730 403 τήν
759 330 897 387 κατὰ
926 328 1064 388 θεὸν
1095 329 1312 403 ζήσεται
1336 330 1496 406 ζωὴν,
1523 331 1595 399 ὡς
1620 339 1856 406 ἔμπαλιν

237 416 264 473 6
298 414 566 487 ἀπιστῶν,
602 417 662 472 ἐν
680 411 763 480 οἷς
794 410 864 472 ὂὶν
892 413 1284 488 ὑποστείληται
1313 413 1387 489 μὴ
1416 416 1725 490 θαρσήσας,
1756 442 1855 491 μη-

244 502 306 558 δὲ
336 499 702 572 ἐμπιστεύσας
732 512 846 566 τοῖς
878 499 1217 600 εἰρημένοις,
1249 498 1354 556 οὐκ
1385 499 1609 559 εὐδοκεῖ
1637 498 1670 574 ἡ
1702 501 1852 575 ψυχή

240 607 346 656 μου
389 586 450 640 ἐν
490 579 656 658 αὐτῷ.
732 587 780 639 8.
829 580 1036 641 οὐκοῦν
1066 585 1156 639 καὶ
1190 581 1346 640 αὐτοὶ
1375 584 1590 651 τούτοις
1621 583 1900 643 &maed—5

240 678 358 733 θως
391 666 786 734 ἐναλλάξαντες
816 667 876 724 τὸ
907 671 1130 742 πρῶτον
1158 665 1424 742 ὕστερον,
1463 670 1556 725 καὶ
1586 672 1859 742 μεταθέν-

239 774 328 818 τες
372 750 432 808 τὸ
472 750 709 825 ύστερον
749 754 840 808 ἐπὶ
878 749 939 809 τὸ
985 774 1232 826 πρωτον,
1284 752 1537 826 σώσομεν
1583 747 1681 810 τὸν
1719 757 1859 811 νοῦν

239 840 336 908 τῆς
379 837 576 904 λέξεως
615 833 750 909 μετὰ
788 832 914 892 τό“
921 834 1005 893 ὅτι
1057 835 1087 892 6
1140 835 1432 911 ἐρχόμενος
1482 836 1599 909 ἥξει
1648 840 1742 894 καὶ
1792 835 1857 895 οὐ

240 916 524 994 χρονίσει”
558 918 690 977 καθ’
726 918 1042 992 ὑπερβατὸν
1073 919 1448 988 συνάπτοντες
1487 919 1547 978 τὸ
1588 917 1654 978 “ὁ
1686 923 1747 978 δὲ
1779 927 1860 978 δί-

242 1003 395 1071 καιός
426 1028 533 1078 μου
566 1007 625 1061 ἐκ
655 1011 891 1071 πίστεως
923 1001 1206 1076 ζήσεται,”
1259 1010 1308 1061 9.
1343 1007 1436 1062 καὶ
1465 1004 1643 1082 τούτω
1677 1008 1853 1063 ἐπιλέ-
1881 1029 1923 1060 10

241 1112 434 1160 γοντες
473 1086 533 1145 τὸ
580 1084 719 1145 “ἐο“ιν
759 1087 1182 1161 υποστείληται,
1229 1086 1332 1146 οὐκ
1373 1086 1597 1147 εὐδοκεῖ
1632 1089 1667 1162 ἡ
1708 1089 1858 1163 ψυχή

130 1197 218 1237 (273)
245 1197 353 1246 μου
401 1176 463 1230 ἐν
503 1169 669 1248 αὐτῷ.
682 1169 711 1192 ”
789 1171 966 1246 ταύτῃ
999 1173 1061 1229 δὲ
1091 1175 1184 1229 καὶ
1222 1169 1251 1229 6
1276 1171 1508 1240 Ἀκύλας
1539 1178 1605 1247 τῇ
1638 1179 1859 1248 διανοίᾳ

243 1259 532 1330 συντρέχει
563 1231 777 1329 λέγων
780 1256 901 1314 ἐὰν
930 1255 1198 1331 μελλήσῃ,
1224 1260 1537 1331 προσδέχου
1561 1254 1753 1329 αὐτὸν,
1778 1256 1860 1314 ὅτι

243 1340 535 1414 ἐρχόμενος
568 1340 853 1398 ἐλεύσεται
883 1344 975 1397 καὶ
1014 1337 1081 1398 ού
1110 1338 1440 1414 βραδυνεῑ.”
1518 1341 1644 1398 ἰδού
1686 1365 1860 1415 νωχε-

243 1428 566 1498 λευομένου,
599 1422 704 1482 ούκ
737 1422 934 1482 εὐθεῖα
964 1425 997 1496 ἡ
1029 1424 1179 1498 ψυχή
1210 1450 1319 1498 μου
1351 1428 1410 1483 ἐν
1441 1422 1614 1500 αύτῷ,
1654 1428 1744 1482 καὶ
1777 1431 1857 1482 δι’·
1883 1448 1924 1481 15

242 1533 394 1575 καιος
427 1513 487 1566 ἐν
517 1515 699 1566 πίστει
731 1507 902 1566 αὑτοῦ
934 1508 1165 1582 ζήσεται.

806 1771 938 1831 Ἀπὸ
967 1778 1071 1831 τοῦ
1100 1773 1291 1831 αὐτοῦ.

203 1938 220 1959 c
370 1912 470 1961 XV.
514 1899 750 1972 “Κυ’ριε,
786 1899 1081 1971 εἰσακήκοα
1110 1900 1212 1971 τὴν
1243 1896 1417 1970 ἀκοήν
1447 1917 1568 1972 σου,
1602 1903 1695 1957 καὶ
1728 1903 1859 1974 ἐφο-

244 1984 450 2056 βήθην.
534 1983 711 2058 κύριε,
743 1982 1048 2055 κατενόησα
1077 1982 1143 2039 τὰ
1175 1989 1309 2057 ἔργα
1339 2000 1460 2055 σου,
1493 1987 1585 2040 καὶ
1618 1987 1855 2056 ἐξέστην.

245 2071 305 2125 ἐν
334 2070 484 2143 μέσῳ
518 2065 620 2124 δύο
652 2069 806 2135 ζωῶν
835 2065 1172 2140 γνωσθήσῃ,
1206 2071 1266 2124 ἐν
1295 2070 1373 2143 τῷ
1405 2072 1637 2140 ἐγγίζειν
1666 2068 1732 2125 τὰ
1764 2076 1855 2141 ἔτη
1881 2092 1925 2124 20

245 2149 678 2256 ἐπιγνωσθήσῃ,
728 2154 788 2207 ἐν
838 2155 912 2226 τῷ
964 2165 1223 2225 παρεῖναι
1262 2149 1359 2208 τὸν
1403 2151 1598 2226 καιρὸν
1636 2151 1856 2210 ἀναδει-

243 2233 458 2309 χθήσῃ,
505 2237 564 2292 ἐν
603 2238 679 2311 τῷ
719 2238 1069 2337 ταραχθῆναι
1107 2234 1211 2307 τὴν
1249 2234 1436 2308 ψυχήν
1465 2259 1572 2308 μου
1620 2240 1679 2294 ἐν
1718 2235 1856 2309 ὀργῇ

246 2322 432 2384 ἐλέους
482 2317 797 2393 μνησθήσῃ.
872 2317 900 2374 6
951 2318 1084 2384 θεὸς
1138 2322 1197 2375 ἐκ
1241 2317 1457 2391 Θαιμάν
1508 2316 1652 2391 ἥξει,
1695 2323 1787 2376 καὶ
1827 2319 1856 2376 6

244 2427 398 2476 αγιος
430 2400 531 2471 ἐξ’
515 2400 679 2477 όρους
710 2409 1040 2475 κατασκιόυ,
1086 2405 1295 2468 δασέος.
1376 2400 1655 2503 ἐκαλυψεν
1685 2402 1858 2475 οὐρα-

242 2511 376 2554 νους
406 2483 440 2559 ἡ
473 2484 640 2559 αρετὴ
673 2484 849 2544 αὐτοῦ
884 2489 976 2543 καὶ
1007 2490 1102 2559 τῆς
1133 2489 1397 2552 αἰνέσεως
1438 2483 1612 2543 αύτοῦ
1643 2486 1855 2594 πλήρης
1879 2510 1922 2542 25

243 2570 277 2643 ἡ
310 2576 394 2644 γῆ.
472 2573 565 2628 καὶ
595 2574 799 2644 φέγγος
841 2568 1016 2629 αὐτου
1057 2569 1129 2637 ὠς
1169 2594 1287 2643 φως
1329 2577 1505 2627 ε’·σται
1553 2573 1754 2645 κέρατα
1797 2575 1857 2628 ἐν

244 2657 436 2726 χερσὶν
467 2654 674 2727 αὐτοῦ,
718 2658 809 2712 καὶ
853 2662 1013 2713 ἔθετο
1059 2652 1338 2726 ἀγαπησιν
1369 2679 1635 2727 κραταιαν
1669 2653 1855 2728 ἰσχύος

358 2877 410 2916 18
440 2875 561 2918 Hab.
583 2877 621 2916 3.
645 2875 685 2915 2.
