1946 3158
214 170 295 198 xlv
833 153 1201 195 ΚΕΦΑΛΑΙΩΝ

356 492 650 554 Κεφαλαίων
686 482 980 554 καταγραφή
1017 491 1181 552 duplex
1207 492 1252 537 in
1279 492 1408 538 libris
1434 500 1526 543 est,
1568 491 1707 539 altera
1736 497 1836 540 sin-

214 566 334 625 gulis
368 565 495 610 libris
531 564 776 626 praemissa
797 599 807 614 ‚
836 563 890 608 ab
917 555 1031 607 τάδε
1057 558 1246 607 ἔνεστιν
1274 557 1326 607 ἐν
1360 559 1430 625 τῷ
1459 597 1469 607 .
1496 597 1508 608 .
1535 599 1546 608 .
1576 555 1823 626 συγγράμ-

213 651 328 694 ματι
348 635 583 695 incipiens,
613 648 744 694 quam
767 648 903 694 supra
924 632 1206 678 ethbuimus
1227 633 1538 693 p.V11-xut,
1564 634 1705 680 altera
1732 636 1826 680 sin·

214 706 332 766 gulis
369 705 591 765 capitibus
630 705 785 750 iisdem
823 704 1001 764 quidem
1035 702 1185 748 verbis
1231 703 1537 764 praescripta,
1578 705 1655 750 sed
1687 713 1825 750 ‘aucta

210 776 503 836 Argumentis
530 775 733 820 locorum
762 788 877 833 quos
897 773 1120 819 Eusebius
1142 773 1367 834 excerpsit
1388 773 1673 820 biblicorum.
1700 775 1823 820 Libri

213 847 345 906 primi
383 840 667 904 κεφαλαίων
703 836 1000 905 καταγραφή
1033 857 1121 889 una
1159 857 1260 889 cum
1295 845 1452 904 primis
1489 845 1643 904 operis
1678 846 1826 904 ipsius

211 916 388 976 paginis
416 915 580 961 excidit
609 930 661 961 ex
685 915 839 961 codice
862 915 1067 960 Parisino
1096 913 1285 974 eiusque
1312 915 1603 975 apographis,
1632 929 1824 974 quorum

212 1000 302 1031 uno
317 1001 426 1031 usus
441 985 739 1031 estRobertus
750 985 1004 1046 Stephanus
1018 983 1216 1030 a.1545:
1228 984 1345 1030 unde
1359 986 1403 1029 in
1415 984 1614 1030 editione
1623 985 1824 1030 Parisina

211 1072 250 1101 a.
267 1055 416 1103 1628.
456 1057 591 1101 trium
605 1056 852 1117 primorum
877 1046 1490 1116 capitum‘findfieo‘tgssupra
1511 1054 1653 1115 p.V11.
1669 1054 1755 1100 5-
1775 1054 1826 1113 9)

214 1127 267 1172 ab
305 1127 480 1172 editore
517 1126 765 1187 composita
808 1132 901 1177 est,
944 1125 1229 1185 reliquorum
1265 1139 1372 1170 vero
1409 1127 1605 1193 capitum
1639 1125 1742 1170 inde
1769 1125 1824 1170 ab

215 1204 378 1257 quarto
411 1211 557 1256 usque
597 1197 651 1242 ad
691 1196 911 1242 decimum
937 1193 1091 1255 (supra
1118 1210 1161 1255 p.
1190 1194 1525 1253 V11,10—23)
1561 1183 1829 1250 ὑποθέσεις

218 1282 268 1312 ex
296 1267 435 1313 altera
473 1267 708 1327 suppletae
742 1273 849 1311 sunt
884 1261 1172 1324 κεφαλαίων
1207 1262 1527 1327 καταγραφῇ,
1563 1279 1698 1325 quam
1734 1266 1826 1310 sin·

213 1337 333 1398 gulis
381 1337 604 1397 capitibus
647 1337 973 1397 praescriptam
1017 1337 1061 1380 in
1102 1334 1229 1380 libris
1272 1350 1373 1381 esse
1423 1349 1559 1395 supra
1607 1334 1824 1380 dicebam.

214 1407 371 1452 Omnia
399 1407 516 1452 baud
543 1407 676 1452 dubie
703 1408 878 1465 integra
904 1406 1089 1451 suerunt
1115 1407 1161 1450 in
1201 1405 1355 1451 codice
1380 1405 1737 1455 Maurocordafi.
1773 1419 1825 1450 ex

215 1492 305 1538 quo
334 1477 591 1537 Stephanus
618 1476 858 1537 Berglerus
884 1477 1064 1521 initium
1097 1477 1249 1536 operis
1276 1475 1328 1521 ab
1350 1489 1398 1521 se
1415 1475 1694 1536 descriptum
1720 1475 1752 1520 l.
1773 1477 1825 1520 A.

210 1548 416 1593 Fabricio
466 1547 685 1592 edendum
735 1547 884 1597 misit,
935 1546 989 1591 de
1039 1560 1128 1606 quo
1169 1546 1214 1590 in
1260 1546 1545 1591 praefatione
1584 1546 1696 1595 dixi,
1747 1545 1824 1590 sed

211 1618 442 1678 neglecta,
472 1632 587 1677 quae
614 1619 659 1662 in
687 1616 841 1662 codice
868 1616 946 1662 illo
975 1616 1093 1661 baud
1119 1616 1252 1661 dubie
1269 1616 1518 1676 praemissa
1543 1615 1644 1665 ruit,
1671 1628 1826 1674 κεφα-

210 1685 360 1733 λαίων
387 1684 702 1751 καταγραφῇ.

272 1780 274 1783 >
351 1757 646 1818 Singulorum
683 1759 880 1817 capitum
914 1758 1189 1816 Argumenta
1228 1769 1365 1815 quum
1403 1755 1556 1800 eadem
1591 1755 1683 1801 sint
1709 1769 1826 1815 quae

210 1828 339 1874 libris
358 1828 549 1888 singulis
572 1828 848 1872 coniunctim
869 1833 976 1871 sunt
1000 1825 1246 1886 praemissa
1262 1826 1305 1869 in
1329 1825 1573 1876 codicibus,
1600 1839 1687 1885 ego
1709 1839 1822 1885 quo·

210 1912 298 1958 que
326 1912 375 1943 ea
414 1898 458 1942 in
495 1892 781 1956 κεφαλαίων
816 1891 1112 1959 καταγραφῇ
1147 1909 1283 1955 supra
1320 1896 1470 1955 posita
1496 1910 1541 1955 p.
1570 1895 1823 1940 Vll—xm.

210 1969 486 2014 coniunctim
533 1967 712 2012 exhibui
762 1980 847 2011 nec
893 1965 1087 2026 singulis
1133 1964 1358 2025 capitibus
1393 1966 1560 2010 iterum
1608 1965 1824 2025 praemit-

210 2038 343 2083 tenda
364 2051 465 2082 esse
487 2038 655 2097 putavi,
679 2038 848 2081 servavi
871 2050 976 2081 vero
1004 2049 1118 2095 quae
1145 2035 1258 2081 locis
1286 2035 1460 2081 biblicis
1487 2035 1680 2096 aliisque
1709 2049 1824 2081 non-

213 2108 348 2153 nullis
374 2109 681 2167 praescriptae
708 2113 815 2151 sunt
833 2098 1119 2165 ὑποθέσεις,
1143 2105 1314 2182 quibus
1335 2105 1417 2151 bae
1436 2112 1542 2151 sunt
1568 2105 1824 2151 addendae:

280 2177 386 2237 Pag.
418 2177 533 2227 161,
558 2180 598 2220 6.
627 2177 694 2221 ed.
724 2182 931 2226 nostrae,
961 2170 1074 2220 Ότι
1099 2163 1247 2220 οὐδὲν
1271 2190 1370 2220 των
1394 2165 1491 2220 ἀπὸ
1515 2173 1608 2236 γῆς
1632 2166 1724 2236 χρὴ
1751 2191 1823 2239 τῳ

212 2241 294 2293 ἐπὶ
322 2261 526 2291 παντων
550 2243 659 2325 θεῷ
686 2237 798 2290 ου’τε
824 2242 1018 2323 θυμιᾶν
1044 2236 1155 2290 οὔτε
1184 2236 1353 2291 θύειν.

283 2318 497 2367 161,19.
558 2294 666 2360 ’Έτι
693 2310 804 2391 περὶ
832 2304 1000 2359 αὐτοῦ.

283 2388 381 2434 167
424 2389 463 2431 6.
541 2376 678 2445 Πρὸς
713 2375 825 2440 τοὺς
857 2375 1197 2439 απειθοῦντας
1231 2382 1293 2448 τῇ
1322 2382 1423 2430 τῶν
1455 2382 1699 2444 μαθητων
1733 2382 1827 2430 τοῦ

212 2455 426 2519 σωτῆρος
444 2443 584 2516 ἡμῶν
602 2451 712 2533 περὶ
727 2453 827 2501 τῶν
846 2447 1138 2538 παραδόξων
1158 2444 1312 2500 αὐτοῦ
1331 2447 1551 2516 πράξεων
1579 2447 1820 2516 διηγήσει.

285 2528 382 2574 187
429 2530 494 2572 11.
563 2517 803 2585 Ἰωσήπου
831 2521 939 2587 περὶ
968 2523 1056 2570 τοῦ
1082 2522 1318 2586 Χριστοῦ.

325 2666 350 2704 3
382 2656 741 2717 Συγγραμματα
771 2663 854 2704 hos
884 2662 1023 2703 libros
1053 2661 1283 2702 Eusebius
1313 2661 1412 2724 ipse
1446 2664 1713 2702 constanter
1743 2675 1824 2714 ap-

215 2719 374 2781 pellat.
398 2718 470 2759 Sic
493 2732 534 2771 p.
559 2721 664 2760 Soa.
699 2717 782 2760 διὰ
804 2717 888 2759 τοῦ
909 2711 997 2769 πρὸ
1022 2712 1191 2758 τούτου
1214 2728 1589 2782 συγγραμματος.
1615 2731 1656 2770 p.
1683 2719 1819 2760 103b.

214 2769 296 2815 ὃιά
334 2773 418 2815 τοῦ
466 2787 651 2826 πρωτου
699 2768 1060 2828 συγγράμματος
1096 2772 1190 2842 τῆς
1235 2767 1476 2836 παρούσης
1529 2767 1822 2837 ὑποθέσεως,

213 2831 474 2882 pariterque
506 2844 547 2883 p.
579 2833 659 2871 105
672 2831 713 2872 d.
746 2835 791 2871 et
822 2844 864 2894 p.
900 2832 1053 2872 144a.:
1087 2823 1138 2871 ἐν
1169 2827 1230 2881 τῷ
1263 2822 1352 2879 πρὸ
1385 2823 1554 2870 τούτου
1585 2841 1822 2883 συγγραμ-

213 2899 326 2938 ματι
358 2884 500 2939 τρίτῳ
532 2899 633 2927 οντι
665 2885 748 2939 τῆς
780 2879 1105 2939 Εὗαγγελικῆς
1136 2871 1430 2932 ὑποθέσεως,
1467 2890 1511 2926 et
1543 2899 1586 2938 p.
1618 2887 1753 2929 202a.
