1946 3158
568 130 877 172 DEMONST.
910 130 1129 172 EVANG.
1151 130 1188 170 Ι.
1224 132 1289 172 10.
1664 126 1730 179 67

128 250 220 307 καὶ
251 246 410 320 ἡμεῖς
443 245 812 320 ἐλογισάμεθα
843 243 1016 302 αὐτὸν
1046 245 1190 303 εἶναι
1231 249 1292 302 ἐν
1334 243 1507 322 πόνῳ,
1542 248 1633 302 καὶ
1674 251 1734 304 ἐν

128 337 330 406 πληγῇ,
363 334 455 388 καὶ
486 336 547 389 ἐν
577 330 844 388 naxo-&580⁶
880 328 1044 397 αὐτὸς
1087 330 1146 387 δὲ
1183 333 1595 404 ἐτραυματίσθη
1642 329 1733 388 δια

127 417 222 485 τὰς
261 416 528 490 ἁμαρτίας
567 412 742 489 ἡμῶν,
787 418 878 473 καὶ
917 413 1315 488 μεμαλάκισται
1355 415 1448 472 διὰ
1477 414 1571 482 τὰς
1602 413 1735 473 ‹ivo-

127 509 255 576 μίας
285 502 462 574 ἡμῶν,
493 506 719 558 παιδεία
752 499 975 574 εἰρήνης
1006 498 1164 572 ἡμων
1188 498 1272 556 ἐπ’
1304 496 1493 572 αὐτὸν,
1517 504 1592 576 τῷ
1624 499 1733 573 μώ-

85 595 270 645 5λωπι
311 584 484 643 αὐτοῦ
521 581 680 658 ἡμεῖς
723 583 983 657 ίαθημεν,
1029 586 1119 640 καὶ
1172 582 1362 658 κύριος
1404 561 1731 658 παρέδωκεν

129 669 299 729 αὐτὸν
362 684 482 738 ταῖς
533 669 822 743 ἁμαρτίαις
874 668 1045 742 ἡμῶν
1113 666 1276 736 αὐτὸς
1316 666 1421 744 γαρ
1438 665 1734 770 αμαρτίαν

128 753 230 813 οὐκ
289 759 567 827 ἐποίησεν,
628 752 750 812 οὐδ’
813 752 1020 827 εὑρέθη
1059 752 1219 820 δόλος
1282 756 1342 811 ἐν
1387 758 1463 830 τῷ
1505 753 1733 827 στόματι

128 839 315 898 αυτοῦ
317 838 346 860 ”

260 930 339 982 17.
406 921 484 982 To}
550 922 710 996 ὅμοια
776 921 990 989 τούτοις
1068 924 1159 978 καὶ
1217 921 1476 995 Ἱερεμίας
1553 926 1736 997 ἕτερος

66 1037 107 1067 10
122 1006 394 1082 Ἐβραίων
432 1006 718 1081 προφήτης
760 1009 848 1064 ἐπὶ
879 1005 1182 1080 προσώπου
1211 1012 1308 1064 τοῦ
1349 1012 1591 1079 Χριστοῦ
1624 1012 1735 1065 ἐπι-

129 1109 326 1168 φωνεῖ,
358 1095 536 1166 λέγων
569 1090 597 1111 “
617 1092 721 1165 ἐγὼ
754 1090 830 1159 ὥς
857 1089 1055 1165 ἀρνίον
1084 1089 1292 1149 ἄκακον
1324 1089 1598 1166 ἀγόμενον
1638 1097 1738 1150 τοῦ

128 1175 424 1237 θύεσθαι.”

252 1260 728 1336 Ἐπισφραγίζεται
785 1261 881 1328 τὰς
922 1259 1134 1318 τούτων
1174 1260 1508 1335 προρρήσεις
1547 1260 1732 1320 Ἰωοὲν-
1759 1297 1828 1337 (37)

133 1372 232 1420 νης
282 1346 311 1404 ὁ
357 1346 658 1419 βαπτιστὴς
702 1349 791 1403 ἐπὶ
831 1349 926 1418 τῆς
975 1350 1075 1403 τοῦ
1126 1349 1370 1419 σωτῆρος
1413 1342 1571 1419 ἡμῶν
1623 1351 1737 1404 ε’πι-

70 1460 109 1492 15
134 1438 382 1503 φανείας.
466 1430 607 1487 ἷδών
649 1430 753 1502 γὰρ
794 1428 992 1500 αὐτὸν,
1024 1432 1116 1487 καὶ
1147 1445 1260 1498 τοῖς
1301 1435 1576 1505 παροῦσιν
1619 1435 1739 1488 ἐπι-

134 1519 318 1583 δείξας
343 1511 415 1582 ὦς
446 1512 552 1586 ἄρα
585 1514 749 1580 αὐτὸς
791 1523 876 1586 εἴη
906 1513 934 1571 ὁ
976 1513 1480 1588 προφητευόμενος,
1524 1515 1736 1588 ἐπεφώ-

132 1620 305 1674 νησεν
328 1596 451 1657 “ἰ’δε
482 1598 510 1655 ὁ
543 1598 714 1672 ἀμνὸς
744 1602 845 1656 τοῦ
872 1603 1036 1670 θεοῦ,
1068 1598 1095 1656 ὁ
1130 1609 1306 1671 αἴρων
1335 1599 1439 1672 τὴν
1462 1597 1738 1673 ἁμαρτίαν

131 1689 230 1743 τοῦ
253 1682 508 1757 κόσμου.”
557 1688 635 1740 18.
655 1682 743 1741 ὅτε
777 1691 969 1741 τοίνυν
1001 1683 1138 1740 κατὰ
1166 1683 1262 1750 τοὶς
1291 1687 1404 1741 τῶν
1435 1689 1739 1757 προφητῶν

132 1775 436 1842 μαρτυρίας
469 1765 695 1841 εὕρηται
734 1767 792 1824 τὸ
834 1771 973 1840 με’γα
1015 1770 1106 1824 καὶ
1147 1775 1330 1841 τίμιον
1373 1768 1575 1841 λύτρον
1608 1768 1739 1827 Ἰου-

69 1882 110 1913 20
135 1861 312 1912 δαίων
340 1852 479 1927 ὁμοῦ
512 1854 605 1909 καὶ
627 1851 927 1924 Ἑλλήνων,
958 1852 1018 1909 τὸ
1049 1856 1149 1909 τοῦ
1171 1854 1375 1919 παντὸς
1407 1853 1616 1926 κόσμου
1647 1879 1741 1911 κα·

132 1939 390 2012 θάρσιον,
423 1935 482 1995 τὸ
514 1936 741 1994 πάντων
785 1935 1108 2010 ἀνθρώπων
1149 1934 1488 2012 ἀντίψυχον,
1529 1938 1589 1995 τὸ
1631 1938 1737 1995 ποῖ-

134 2044 232 2097 σης
263 2028 487 2095 κηλῖδος
518 2024 610 2079 καὶ
635 2021 902 2095 ἁμαρτίας
942 2020 1196 2095 καθαρὸν
1227 2027 1458 2095 ἱερεῖον,
1500 2019 1528 2080 ὁ
1571 2020 1742 2097 ἀμνὸς

132 2113 231 2167 τοῦ
261 2110 436 2180 θεοῦ,
468 2107 528 2164 τὸ
558 2108 821 2180 θεοφιλες
851 2109 944 2164 καὶ
975 2105 1150 2179 ἁγνὸν
1178 2106 1580 2180 πρόβατον,τὸ
1611 2131 1788 2183 προ-ι,
1766 2144 1768 2146 v

133 2191 515 2292 φητευόμενον
544 2188 768 2265 ἀρνίον,
814 2184 883 2250 οῦ
913 2190 1005 2248 διὰ
1035 2195 1131 2264 τῆς
1173 2195 1375 2250 ἐνθέου
1416 2195 1508 2250 καὶ
1546 2211 1742 2266 μυστι-

71 2303 111 2335 25
137 2281 235 2350 κῆς
267 2283 626 2342 διδασκαλίας
657 2275 858 2343 πάντες
887 2273 1043 2350 ἡμεῖς
1066 2282 1124 2334 οἵ
1151 2279 1204 2345 ἐξ
1237 2280 1425 2335 ε’θνῶν
1467 2277 1568 2350 τὴν
1609 2303 1742 2350 αφε-

135 2385 228 2420 σιν
256 2368 368 2420 τῶν
398 2363 682 2435 προτέρων
696 2357 1126 2464 ἁμαρτημάτων
1159 2360 1475 2435 εὖροῖμεθα,
1520 2361 1606 2419 διὸ
1647 2364 1738 2419 καὶ
1766 2382 1833 2424 [261

126 2446 415 2505 Ἰουδαίων
446 2451 503 2504 οι
531 2453 608 2513 εἰς
640 2443 810 2504 αὐτὸν
840 2444 1131 2519 ἠλπικότες
1159 2446 1448 2548 ἐλεύθεροι
1478 2450 1574 2518 τῆς
1598 2455 1743 2504 Μω-

136 2535 275 2599 σέως
304 2529 560 2605 ἀφίενται
593 2529 851 2603 κατάρας,
884 2529 1107 2597 εἰκότως
1137 2529 1238 2603 τὴν
1278 2530 1479 2588 τούτου
1519 2530 1743 2604 μνήμην

136 2619 237 2673 τοῦ
287 2639 347 2672 τε
397 2614 644 2690 σώματος
689 2612 867 2674 αὐτοῦ
905 2617 997 2673 καὶ
1041 2619 1138 2673 τοῦ
1193 2620 1420 2688 αι’ματος
1457 2615 1559 2688 τὴν
1608 2614 1743 2673 ὑπό-

73 2730 113 2760 30
137 2719 344 2774 μνησιν
384 2697 650 2775 ὁσημέραι
699 2704 1104 2771 ἐπιτελοῦντες,
1150 2702 1242 2757 καὶ
1296 2703 1392 2773 τῆς
1434 2706 1744 2773 κρείττονος

255 2899 304 2936 11
337 2897 432 2937 Jer.
468 2898 534 2948 ll,
568 2897 633 2938 19.
811 2898 862 2936 17
892 2897 964 2937 Jo.
999 2899 1035 2946 1,
1070 2898 1138 2939 29.

1398 2964 1474 3017 ὃ*
