1992 3186
224 105 332 157 234
916 107 1166 148 EUSEBH

225 222 334 294 μὲνΔ
359 223 449 278 καὶ
483 221 558 277 δι’
597 213 675 278 ῶν
707 226 938 292 ἔπραττε
977 223 1068 277 καὶ
1100 223 1393 280 ἐδίδασκεν
1440 228 1676 296 ἰσχυρῶς
1706 221 1834 296 ᾐκί-

227 313 371 377 ζετο,
419 310 530 361 πᾶν
573 306 632 361 δὲ
674 302 733 360 τὸ
775 302 1141 376 ἀνθρώπινον
1180 308 1337 377 γένος
1368 319 1480 373 τοῖς
1522 305 1613 363 διὰ
1652 306 1833 379 λόγων

225 387 446 462 ἡμέροις
477 390 568 444 καὶ
599 389 898 461 προσηνέσι
928 387 1237 462 φαρμάκοις
1277 403 1395 456 ταῖς
1425 414 1484 448 τε
1514 392 1710 498 πραέσι
1742 394 1833 447 καὶ

226 485 646 547 προτρεπτικαῖς
689 470 862 528 αὐτοῦ
905 477 1286 540 διδασκαλίαις
1333 477 1449 530 ἰᾶτο
1499 476 1590 531 καὶ
1633 473 1833 546 ἐθερά-

227 579 390 629 πευε,
423 554 606 614 νόσων
635 580 693 613 τε
723 562 1002 613 παντοίων
1033 558 1124 613 καὶ
1155 559 1357 614 παθῶν
1395 556 1495 631 οὑχ
1533 550 1696 630 ἧττον
1727 578 1873 618 σω-5

224 639 414 713 μάτων
444 637 477 712 ἢ
509 643 704 714 ψυχῶν
734 637 1096 713 ἀπήλλαττεν,
1130 645 1364 708 παλαιᾶς
1394 665 1452 698 τε
1495 646 1834 716 δεισιδαιμο-

227 729 348 791 νίας
379 726 471 780 καὶ
515 723 788 797 δειμάτων
827 730 1111 782 πολυθέου
1152 724 1363 798 πλάνης
1393 729 1487 797 τῆς
1517 749 1577 782 τε
1608 730 1834 799 αἰσχρᾶς

226 811 317 865 καὶ
348 806 656 866 ἀκολάστου
690 814 901 882 διαίτης
932 807 1138 877 πάντας
1168 807 1294 876 τοῦς
1325 808 1651 883 προσιόντας
1685 813 1834 867 ἐλευ-

224 894 428 967 θέρους
477 890 666 966 ἀφεὶς,
719 897 1001 966 μεθιστῶν
1050 917 1108 950 τε
1156 897 1247 951 καὶ
1296 892 1657 966 μεταβάλλων
1703 892 1833 960 τοῦς

225 975 374 1054 αὐτῷ
405 978 876 1052 προσανέχοντας,
910 980 970 1034 ἐκ
998 978 1101 1051 μὲν
1123 975 1421 1044 ἀκολασίας
1448 980 1536 1035 ἐπὶ
1568 977 1831 1051 σώφρονα
1856 1006 1896 1038 ιο

224 1067 378 1134 βίον,
423 1065 482 1118 ἐκ
524 1062 586 1118 δὲ
625 1058 881 1133 ἀσεβείας
924 1064 1012 1118 ἐπὶ
1056 1060 1346 1133 εὐσέβειαν
1385 1064 1476 1118 καὶ
1520 1065 1571 1130 ἐξ
1615 1061 1831 1129 ἀδικίας

121 1167 207 1208 (164)
228 1147 316 1203 ἐπὶ
361 1143 754 1218 δικαιοσύνην,
809 1147 902 1201 ναὶ
945 1143 1056 1218 μὴν
1096 1148 1187 1202 καὶ
1231 1149 1289 1203 ἐκ
1327 1149 1422 1219 τῆς
1466 1149 1577 1203 τῶν
1617 1151 1832 1219 πικρῶν

226 1227 507 1302 δαιμόνων
549 1234 874 1295 δυναστείας
908 1231 995 1286 ἐπὶ
1037 1227 1138 1302 τὴν
1169 1237 1370 1287 ἔνθεον
1401 1228 1708 1302 κατάληψιν
1737 1234 1833 1302 τῆς

224 1312 472 1385 ἀληθοῦς
506 1311 816 1386 εὐσεβείας,
859 1316 950 1370 καὶ
992 1312 1125 1386 πρὸς
1159 1317 1247 1370 ἐπὶ
1278 1313 1493 1380 τούτοις
1531 1313 1710 1380 πύλας
1741 1312 1831 1372 ού-

225 1403 423 1470 ρανίου
454 1400 590 1470 ζωῆς
621 1399 713 1454 καὶ
743 1402 838 1469 τῆς
865 1396 982 1454 κατ’
1021 1395 1310 1469 εὐσέβειαν
1332 1403 1689 1464 διδασκαλίας
1719 1413 1831 1464 τοῖς
1855 1424 1895 1456 15

225 1478 357 1538 καθ’
401 1480 529 1554 ὅλης
569 1483 664 1554 τῆς
705 1483 1029 1555 οἰκουμένης
1062 1488 1254 1539 ἔθνεσι
1285 1481 1706 1556 προϊσχόμενος,
1739 1485 1829 1540 καὶ

227 1571 305 1632 εἰς
335 1564 598 1622 τοσοῦτόν
639 1590 701 1638 γε
732 1565 976 1623 κάτεισιν
1008 1562 1080 1633 ῶς
1121 1564 1194 1639 μὴ
1225 1565 1397 1640 μόνον
1437 1565 1707 1639 κάμνουσι
1739 1569 1830 1623 καὶ

224 1652 472 1723 χαλεπῶς
525 1652 981 1723 νοσηλευομένοις
1033 1647 1127 1717 τὰς
1179 1650 1356 1724 ψυχὰς
1407 1649 1510 1722 τὴν
1559 1650 1831 1724 σωτήριον

225 1731 407 1807 ὀρέξαι
439 1734 656 1806 δεξιὰν,
699 1731 807 1806 ἤδη
850 1735 910 1791 δὲ
941 1737 1033 1791 καὶ
1065 1737 1117 1802 ἐξ
1149 1734 1335 1792 αὐτῶν
1369 1738 1480 1791 τῶν
1510 1737 1704 1792 πυλῶν
1733 1739 1831 1791 τοῦ

181 1835 202 1867 b
225 1816 477 1876 θανάτου
506 1816 632 1886 τοῦς
663 1816 1002 1891 ἡμιθνῆτας,
1035 1815 1068 1890 ἢ
1099 1821 1191 1874 καὶ
1221 1818 1450 1891 πάμπαν
1480 1815 1830 1884 ἀπολωλότας
1853 1847 1894 1878 20

224 1905 283 1958 ἐκ
313 1905 529 1976 μακροῦ
556 1926 616 1959 τε
647 1905 1172 1976 κατορωρυγμένους
1195 1907 1306 1959 τῶν
1335 1905 1434 1959 τοῦ
1461 1901 1713 1960 θανάτου
1738 1905 1832 1959 λῦ-

224 2004 317 2042 σαι
351 1990 594 2059 δεσμῶν·
646 1991 724 2043 15.
763 1983 838 2042 δι’
863 1984 934 2059 ἣν
959 1985 1193 2059 μάλιστα
1217 1992 1399 2044 αἰτίαν
1418 1989 1508 2043 καὶ
1531 1989 1688 2060 μέχρι
1718 1991 1830 2044 τῶν

224 2066 425 2126 αὐτόθι
465 2077 684 2142 χωρίων
725 2072 953 2142 ἐδέησεν
992 2067 1143 2147 αὐτῷ
1183 2073 1486 2145 ἐνεργείας,
1533 2068 1605 2138 ῶς
1645 2067 1715 2127 ἂν
1754 2069 1828 2141 μὴ

221 2151 394 2224 μόνον
439 2151 686 2223 ζεόντων,
731 2150 872 2210 ἄλλα
923 2156 1014 2211 καὶ
1053 2159 1268 2228 νεκρῶν
1307 2153 1667 2227 κυριεύσειεν.
1739 2150 1829 2210 ὅτε

224 2237 324 2309 μὲν
355 2229 458 2293 οὖν
487 2242 562 2312 τῶ
594 2239 758 2310 πατρὶ
790 2237 1048 2294 σύνεστιν
1088 2241 1178 2294 καὶ
1218 2236 1319 2310 τὴν
1360 2242 1471 2294 τῶν
1514 2236 1660 2294 ὅλων
1692 2237 1828 2311 πρό-
1851 2263 1892 2295 25

224 2345 383 2377 νοιαν
408 2323 586 2397 ἐνθέςο
614 2319 846 2394 δυνάμει
878 2324 1235 2396 διακυβερνᾷ,
1266 2318 1509 2393 ούρανοῦ
1534 2319 1704 2377 αὐτοῦ
1736 2324 1827 2377 καὶ

224 2411 323 2476 γῆς
360 2403 498 2478 ὁμοῦ
539 2407 630 2461 καὶ
669 2409 782 2462 τῶν
815 2407 874 2462 ἐν
903 2404 1115 2471 τούτοις
1156 2406 1560 2478 περιεχομένων
1600 2403 1829 2477 φύσεων

115 2512 204 2554 [105]
225 2493 335 2546 τῶν
358 2512 416 2545 τε
442 2491 695 2547 ἐπέκεινα
719 2487 963 2562 ούρανοῦ
985 2495 1163 2547 θείων
1186 2492 1275 2546 καὶ
1301 2486 1605 2561 ἀσωμάτων
1621 2485 1829 2546 οὐσιῶν

183 2607 200 2628 c
228 2576 514 2630 ἐπισκοπεῖ
542 2576 633 2630 καὶ
659 2576 967 2647 ἐπιμέλεται
994 2578 1134 2631 θεοῦ
1169 2571 1326 2644 λόγος
1359 2574 1448 2629 καὶ
1483 2576 1625 2630 θεοῦ
1658 2580 1827 2645 σοφία

225 2659 316 2712 καὶ
347 2660 488 2714 θεοῦ
519 2656 776 2730 δύναμις,
807 2656 993 2731 ἅρχων
1015 2680 1074 2714 τε
1098 2660 1187 2714 καὶ
1219 2652 1522 2729 ἡγούμενος
1548 2658 1637 2713 καὶ
1670 2662 1823 2728 βασι·
1848 2682 1888 2714 30

226 2738 374 2811 λεῦς,
406 2738 513 2811 ἤδη
548 2741 608 2796 δὲ
639 2743 729 2797 καὶ
753 2741 883 2808 θεὸς
915 2744 1005 2798 καὶ
1037 2739 1224 2815 κύριος
1259 2743 1317 2797 ἐν
1346 2755 1458 2808 τοῖς
1489 2746 1666 2806 θείοις
1698 2764 1823 2813 χρη-

224 2836 380 2895 σμοῖς
411 2821 828 2897 ἆνευφημεῖται,
861 2828 950 2882 καὶ
982 2831 1232 2897 φωτίζων
1255 2826 1356 2897 μὲν
1380 2823 1474 2891 τὰς
1502 2822 1824 2896 ἀσωμάτους
