1992 3186
256 116 363 167 434
933 116 1181 156 EUSEBH

258 225 362 290 οῦν
393 235 484 288 καὶ
516 228 548 304 ἡ
582 238 804 303 ἔκβασις
838 234 1200 303 ἐπιμαρτυρεῖ
1226 235 1337 288 τῶν
1368 230 1563 303 λόγων.
1622 233 1710 288 ἐπὶ
1743 253 1865 305 σχο-

257 321 353 389 λῆς
397 319 462 372 δέ
498 340 576 381 τις
616 317 707 370 καὶ
749 322 982 371 πλεῖστα
1023 317 1182 386 ἕτερα
1227 313 1411 387 ῶσπερ
1453 322 1530 381 εἰς
1556 312 1866 389 Ἀσσυρίων

255 400 555 474 πρόσωπον
603 401 661 455 ἐν
700 414 818 465 ταῖς
858 405 1218 472 προφητείαις
1271 402 1531 473 εἰρημένα
1584 398 1736 472 εὕροι
1795 397 1865 456 ἂν

259 482 589 556 ἐπιτηρήσας
609 529 622 555 ,
655 482 914 556 οὐδαμῶς
944 484 1045 556 μὲν
1074 498 1187 549 τοῖς
1211 482 1523 558 Ἀσσυρίοις
1557 483 1864 557 ἐφαρμόσαι

257 567 568 640 δυνάμενα,
621 571 687 641 τῇ
743 568 804 624 δὲ
858 565 1226 642 ἐπικρατοῦσῃ
1278 566 1526 624 καθόλου
1570 571 1683 625 τῶν
1727 566 1864 624 κατὰ
1887 594 1910 625 5

255 653 486 726 χρόνους
521 656 706 709 ἐθνῶν
746 657 1015 727 βασιλεία.
1086 656 1168 708 69.
1202 650 1311 725 ἤδη
1351 656 1490 724 γοῦν
1522 655 1612 708 καὶ
1643 655 1864 726 Πέρσας

257 736 490 809 εὕρομεν
534 734 682 809 παρὰ
723 735 994 810 Ἑβραίοις
1036 732 1360 809 Ἀσσυρίους
1414 736 1862 809 ὠνομασμένους·

207 845 229 877 d
257 820 340 877 διὸ
373 824 462 878 καὶ
505 824 612 878 νῦν
641 819 1028 893 ὑπειλήφαμεν
1068 826 1412 877 αἰνίττεσθαι
1441 819 1537 878 τὸν
1567 819 1733 893 λόγον
1763 818 1865 892 τὴν

245 905 527 978 Ῥωμαίων
566 902 756 978 ἀρχήν.
829 903 1292 962 κατευθύνουσαν
1332 903 1436 978 γὰρ
1469 907 1559 960 καὶ
1591 915 1864 962 κατευθυ-

253 992 493 1063 νομένην
508 988 616 1046 ὑπὸ
640 994 738 1046 τοῦ
763 992 908 1046 θεοῦ
929 987 1063 1062 μετὰ
1085 987 1187 1061 τὴν
1200 993 1299 1045 τοῦ
1321 993 1566 1062 σωτῆρος
1589 987 1745 1062 ἡμῶν
1763 1013 1862 1046 πα-
1889 1014 1927 1043 ιο

255 1081 487 1144 ρουσίαν
509 1072 740 1146 ὁρῶμεν.
797 1079 877 1130 70.
903 1076 1095 1146 μηδεὶς
1123 1074 1184 1130 δὲ
1213 1071 1652 1146 ὑπολαμβανέτω
1685 1072 1864 1130 πάντα

252 1155 392 1231 ἡμᾶς
424 1160 606 1230 λέγειν
647 1156 711 1214 τὰ
753 1160 878 1230 περὶ
907 1155 1215 1232 Ἀσσυρίων
1249 1160 1307 1213 ἐν
1338 1172 1454 1223 ταῖς
1485 1164 1668 1224 θείαις
1699 1156 1863 1230 φερό-

253 1267 391 1316 μενα
423 1255 662 1316 γραφαῖς
697 1244 784 1297 ἐπὶ
806 1241 1105 1314 Ῥωμαίους
1136 1238 1444 1313 ἀνάγεσθαι
1478 1240 1728 1314 (ἠλίθιον
1758 1240 1863 1315 γὰρ

254 1330 345 1383 καὶ
376 1325 599 1392 ἀναιδὲς
630 1325 836 1399 τοῦτο),
869 1323 1007 1382 ἄλλα
1031 1350 1183 1391 τινας
1209 1325 1351 1382 εἶναι
1381 1324 1720 1399 προφητικας
1751 1349 1865 1398 φω-

254 1410 352 1478 mig
393 1425 511 1476 ταῖς
551 1413 678 1480 περὶ
729 1413 829 1467 τοῦ
869 1413 1115 1482 Χριστοῦ
1154 1416 1482 1484 μαρτυρίαις
1527 1428 1860 1483 συμπεριπε-
1889 1433 1926 1464 15

253 1497 588 1568 πλεγμένας,
621 1493 685 1560 ἅς
716 1518 900 1567 φαμεν
925 1496 1051 1568 περὶ
1075 1493 1370 1567 “Ρωμαίων
1394 1500 1740 1552 αἰνίττεσθαι
1773 1493 1864 1549 διὰ

251 1584 346 1651 τῆς
376 1582 487 1636 τῶν
509 1578 821 1653 Ἀσσυρίων
852 1585 1240 1653 προσηγορίας,
1275 1582 1333 1635 ἐκ
1351 1583 1445 1650 τῆς
1469 1581 1569 1635 τοῦ
1597 1576 1862 1650 ὀνόματος

254 1667 545 1738 ἑρμηνείας
585 1660 672 1719 ἀεὶ
715 1666 1116 1736 συνισταμένης
1157 1667 1252 1735 τῆς
1294 1662 1431 1719 κατὰ
1469 1661 1703 1736 χρόνους
1745 1666 1863 1719 ἐπι-

252 1747 561 1822 κρατούσης
592 1752 705 1804 τῶν
739 1752 924 1805 ἐθνῶν
955 1754 1268 1820 βασιλείας,
1312 1743 1384 1813 ῶς
1417 1750 1506 1803 ἐπὶ
1536 1752 1734 1846 καιροῦ
1765 1750 1862 1802 τοῦ

252 1832 627 1905 προσήκοντος
659 1831 1097 1905 παραστήσομεν.
1156 1836 1235 1886 71.
1269 1833 1360 1886 καὶ
1393 1837 1566 1932 ἔγωγε
1588 1827 1684 1886 τὸν
1715 1838 1859 1902 λογι-
1885 1855 1925 1887 20

253 1917 391 1990 σμόν
422 1923 515 1988 τῆς
559 1915 726 1987 αὐτῆς
757 1914 1074 1980 ἀποδόσεως
1116 1913 1249 1987 πρὸς
1292 1917 1533 2016 ἐμαυτὸν
1561 1913 1862 1987 διερευνώ-

139 2025 227 2065 (323)
252 2024 415 2072 μενος
458 2001 607 2072 οἶμαι
650 1998 728 2055 δι’
764 1997 935 2055 οὕδεν
974 2002 1163 2071 ἕτερον
1193 1998 1266 2071 μὴ
1309 1996 1573 2071 ὀνομαστὶ
1603 2002 1714 2055 τῶν
1738 1994 1858 2055 Ρω-

251 2090 431 2156 μαίων
476 2089 854 2156 μνημονεῦσαι
903 2080 968 2139 τα
1019 2080 1331 2154 προφητικα
1382 2081 1539 2154 λόγια
1590 2078 1624 2154 ἢ
1668 2083 1758 2139 διὰ
1800 2081 1860 2139 τὸ

250 2170 471 2240 μέλλειν
505 2170 590 2223 ἐπὶ
621 2170 715 2238 τῆς
738 2165 1020 2239 Ῥωμαίων
1049 2172 1333 2237 βασιλείας
1363 2165 1464 2237 τὴν
1486 2169 1586 2223 τοῦ
1614 2170 1860 2240 σωτῆρος

251 2249 407 2324 ἡμῶν
431 2248 609 2323 Ἰησοῦ
642 2253 885 2325 Χριστοῦ
923 2249 1254 2322 διαλάμπειν
1286 2256 1362 2315 εἰς
1394 2249 1602 2316 πάντας
1632 2249 1857 2322 ἆνθρῶ-
1883 2273 1922 2305 25

250 2359 387 2403 πους
433 2341 824 2406 διδασκαλίαν,
867 2337 957 2390 καὶ
999 2358 1095 2400 τας
1137 2357 1479 2408 προφητικας
1519 2357 1736 2406 γραφας
1768 2333 1856 2390 ἐπ’

251 2420 417 2493 αὐτῆς
449 2444 507 2476 τε
535 2424 631 2491 τῆς
654 2418 935 2492 Ρωμαίων
977 2417 1184 2483 πόλεως
1216 2421 1306 2474 καὶ
1341 2421 1400 2474 ἐν
1430 2421 1564 2473 πᾶσι
1606 2431 1719 2484 τοῖς
1748 2415 1859 2473 ὑπὸ

240 2502 536 2578 Ῥωμαίους
587 2511 778 2561 ἔθνεσι
825 2501 1274 2576 δημοσιεύεσθαι.
1362 2505 1441 2557 72.
1485 2498 1562 2557 ίν
1607 2502 1709 2558 οὐν
1745 2515 1858 2568 τοῖς

251 2594 344 2660 τῆς
386 2613 555 2662 αρχης
598 2591 859 2659 κρατοῦσι
904 2589 1300 2660 δυσαρέστησις
1346 2591 1585 2658 μηδεμία
1635 2587 1858 2657 γένηται

254 2677 312 2728 ἐκ
352 2678 446 2745 τῆς
488 2672 771 2746 προδήλου
812 2677 937 2745 περὶ
979 2668 1162 2727 αὐτῶν
1193 2667 1544 2742 ἀναγραφῆς,
1588 2667 1660 2725 δι’
1711 2675 1857 2725 αι’νι-
1878 2692 1920 2722 30

205 2783 226 2814 b
251 2756 474 2828 γμάτων
506 2753 533 2812 ὁ
567 2755 726 2828 λόγος
769 2755 1113 2830 ἐπεκρύψατο
1162 2761 1223 2811 ἔν
1262 2778 1321 2811 τε
1353 2756 1555 2825 ἑτέροις
1587 2758 1855 2824 πλείοσιν,

251 2839 317 2896 οῦ
348 2839 459 2912 μὴν
489 2837 626 2896 ἀλλὰ
658 2842 749 2896 καὶ
770 2844 828 2897 ἐν
852 2854 968 2907 ταῖς
992 2844 1090 2896 τοῦ
1106 2837 1323 2910 Δανιὴλ
1354 2844 1636 2912 θεωρίαις,
1671 2834 1855 2910 ῶσπερ
