1992 3186
274 146 380 198 274
950 144 1197 186 EUSEBII

273 261 509 336 γράφων
556 259 653 318 τὸν
707 262 1033 332 δηλωθέντα
1085 265 1150 333 τῇ
1197 265 1296 317 τοῦ
1345 257 1590 332 ἀληθοῦς
1639 266 1883 334 Χριστοῦ

273 352 637 420 προσωνυμίᾳ
679 351 981 416 τετίμηκεν.
1051 347 1135 400 54.
1169 348 1330 401 τοῦτο
1371 345 1431 401 δὲ
1464 349 1760 417 παρίστησι
1790 347 1883 402 καὶ

272 429 301 487 ὁ
342 441 501 496 θεῖος
543 427 872 500 ἀπόστολος,
915 429 1092 499 λέγων
1130 430 1257 501 περὶ
1298 431 1409 485 τῶν
1451 427 1588 485 κατὰ
1629 430 1882 495 Μωσέως

271 514 461 587 νόμων
499 511 560 569 τὸ
592 511 831 578 “οἴτινες
862 509 1231 584 ὑποδείγματι
1261 514 1354 568 καὶ
1395 516 1523 588 σκιᾷ
1553 511 1882 585 λατρεῦουσι

270 604 383 655 τῶν
415 594 822 671 έπουρανίων.”
885 598 975 653 καὶ
1006 594 1226 698 πάλιν”“
1236 594 1398 654 σκιὰν
1426 595 1532 670 γὰρ
1556 603 1698 670 ἔχων
1727 594 1756 653 ὁ
1786 596 1883 654 νό-
1905 621 1925 654 5

225 708 245 739 a
270 706 368 755 μος
407 686 520 739 τῶν
560 680 876 754 μελλόντων
915 677 1205 752 άγαθῶν.”
1282 682 1375 737 καὶ
1425 679 1593 738 πάλιν
1624 674 1736 753 “μὴ
1781 705 1884 739 ουν

269 791 350 832 τις
380 765 521 840 ὑμᾶς
551 768 783 840 κρινέτω
815 761 848 838 ἢ
883 768 942 822 ἐν
973 764 1203 838 βρώσει,
1242 760 1279 837 ἦ
1312 768 1372 822 ἐν
1401 762 1588 836 πόσει,
1629 759 1663 836 ἢ
1699 768 1759 823 έν
1787 768 1885 838 μέ-

270 874 352 924 ρει
393 853 611 925 ἑορτῆς,
651 846 684 922 ἢ
726 856 1058 924 νουμηνίας,
1101 874 1135 922 η
1179 848 1503 957 σαββάτων,
1545 873 1579 904 α
1613 851 1726 906 ἐστι
1757 848 1884 906 σκιὰ

267 959 381 992 των
410 934 743 1008 μελλόντων.
755 932 784 953 ”
849 939 933 991 55.
970 940 1020 991 εἰ
1056 933 1161 1006 γὰρ
1205 958 1271 990 τα
1302 935 1430 1005 περὶ
1467 935 1564 1006 τῆς
1593 936 1705 990 τῶν
1733 940 1884 1008 βρω-

267 1018 456 1092 μάτων
487 1018 820 1092 ἀδιαφορίας
851 1021 944 1075 καὶ
974 1018 1038 1075 τὰ
1069 1019 1197 1091 περὶ
1231 1019 1437 1088 ἑορτῶν
1474 1019 1565 1074 καὶ
1598 1017 1882 1090 σαββάτου
1906 1041 1947 1074 10

267 1105 778 1177 νενομοθετημένα,
825 1099 899 1169 ῶς
941 1099 1011 1159 ἂν
1050 1100 1259 1174 σκιώδη
1299 1099 1463 1174 ὄντα,
1516 1100 1883 1175 ὑπογραμμὸν

270 1190 474 1262 ἑτέρων
525 1185 757 1260 ἀληθῶν
807 1190 900 1243 καὶ
951 1190 1237 1260 μυστικῶν
1279 1184 1617 1258 πραγμάτων
1662 1192 1879 1258 ἔσωζεν,

267 1269 372 1329 οὐκ
395 1270 696 1337 ἀπεικότως
721 1275 862 1345 ἐρεῖς
881 1273 970 1327 καὶ
995 1270 1091 1327 τὸν
1112 1269 1367 1343 ἀρχιερέα
1393 1275 1468 1336 εἰς
1483 1272 1674 1338 ἑτέρου
1695 1268 1882 1344 ἀρχιε-

267 1358 403 1429 ρέως
428 1361 812 1430 παρειλῆφθαι
837 1354 1137 1428 σύμβολον,
1171 1357 1262 1411 καὶ
1277 1351 1519 1427 Χριστὸν
1542 1349 1714 1411 αὐτὸν
1739 1357 1882 1411 ε’πω-

265 1439 562 1513 νομάσθαι,
596 1446 672 1506 εἰς
705 1442 894 1511 ἑτέρου
923 1445 1023 1496 τοῦ
1047 1438 1221 1512 μόνου
1252 1439 1344 1495 καὶ
1375 1435 1600 1510 άληθῶς
1612 1444 1877 1513 Χριστοῦ·
1903 1461 1944 1493 15

263 1523 527 1582 τοσοῦτόν
556 1549 619 1597 γε
649 1524 759 1597 μὴν
790 1522 1117 1596 λειπόμενον
1147 1526 1245 1580 τοῦ
1276 1521 1545 1595 ἀληθοῦς,
1577 1520 1710 1580 καθ’
1747 1521 1880 1581 ὅσον

263 1607 292 1665 ὁ
323 1609 425 1682 μὲν
449 1607 664 1681 ἀληθὴς
678 1606 912 1680 Χριστὸς
936 1607 1070 1679 πρὸς
1094 1609 1194 1664 τοῦ
1223 1613 1336 1664 τῶν
1358 1604 1505 1664 ὅλων
1528 1610 1668 1665 θεοῦ
1691 1603 1880 1665 ἆκουέι

254 1689 476 1750 “κάθου
509 1696 568 1749 ἐκ
611 1697 807 1761 δεξιῶν
836 1717 970 1766 μου,
1006 1695 1106 1759 ἕως
1136 1687 1206 1748 ἂν
1235 1694 1324 1748 θῶ
1352 1689 1479 1756 τούς
1512 1689 1745 1764 ἐχθρούς
1776 1710 1878 1748 σου

263 1773 575 1835 ὑποπόδιον
618 1780 731 1834 τῶν
772 1782 963 1834 ποδῶν
1003 1773 1158 1833 σου.”
1238 1777 1329 1831 καὶ
1367 1772 1771 1847 “κατακυρίευε
1817 1778 1877 1832 έν

262 1863 411 1938 μέσῳ
451 1865 563 1918 τῶν
603 1864 824 1934 ἐχθρῶν
866 1857 1021 1918 σου.”
1095 1864 1178 1915 56.
1223 1861 1315 1915 καὶ
1346 1853 1448 1915 “ε’κ
1491 1856 1725 1933 γαστρός
1767 1859 1873 1933 πρὸ
1898 1881 1940 1914 20

266 1943 558 2019 ἑωσφόρου
591 1942 861 2017 ἐγέννησα
892 1963 970 2002 σε.
984 1941 1014 1962 ”
1073 1944 1166 1999 καὶ
1188 1939 1409 2015 “ὠ’μοσε
1439 1940 1656 2016 κίριος,
1690 1945 1783 2000 καὶ
1809 1942 1875 2001 οὐ

154 2059 241 2100 (194)
266 2027 788 2102 μεταμεληθήσεται
850 2046 922 2084 συ
955 2025 1134 2100 ἱερεύς
1167 2032 1243 2092 εἰς
1273 2024 1370 2084 τὸν
1400 2031 1577 2084 αἰῶνα
1607 2051 1745 2084 κατα
1773 2025 1876 2099 τὴν

261 2114 415 2180 τάξιν
446 2114 807 2216 Μελχισεδέκ.
816 2108 849 2130 ”
911 2109 988 2167 δι’
1026 2112 1105 2168 ῶν
1136 2114 1327 2183 σαφῶς
1357 2114 1605 2184 γέννημα
1635 2113 1726 2167 καὶ
1756 2108 1875 2176 υίὸς

261 2202 401 2254 θεοῦ
432 2194 537 2270 πρὸ
571 2194 862 2269 ἑωσφόρον
895 2197 987 2252 καὶ
1011 2194 1116 2269 πρὸ
1140 2193 1316 2267 πάσης
1349 2200 1710 2268 δημιουργίας
1739 2192 1873 2252 ὑπο-

262 2280 391 2347 στας
433 2279 656 2347 αἰῶνιος
695 2279 980 2386 ἀρχιερεὺς
1011 2278 1411 2352 ἀναπέφανται.
1466 2283 1549 2334 57.
1583 2276 1612 2334 ὃ
1645 2279 1708 2335 δε
1736 2286 1870 2335 Μω-
1893 2300 1935 2334 25

263 2368 401 2432 σέως
432 2363 697 2440 Χριστὸς,
730 2362 850 2422 οἷον
882 2367 943 2422 ἐν
973 2362 1209 2436 δράματι
1249 2361 1348 2420 τὸν
1376 2361 1554 2419 τύπον
1585 2365 1646 2419 ἐν
1677 2368 1876 2435 βραχεῖ

261 2448 815 2522 καθυποκρινάμενος
846 2446 1056 2524 χρόνω,
1089 2460 1262 2504 κεῖται
1295 2451 1355 2503 ἐν
1385 2456 1614 2518 θνητοῖς
1657 2454 1871 2518 λελογι-

261 2536 491 2607 σμένος,
547 2536 714 2611 ἑτέρω
759 2531 861 2606 τὴν
900 2530 1173 2605 ἀλήθειαν
1211 2533 1289 2606 τῷ
1325 2528 1476 2606 μόνω
1527 2532 1618 2587 καὶ
1669 2527 1874 2602 άληθεῖ

260 2616 558 2692 παραδούς.
622 2620 714 2675 καὶ
746 2616 774 2674 ὁ
806 2618 908 2691 μὲν
941 2614 1155 2688 ἀληθὴς
1168 2612 1400 2687 Χριστὸς
1424 2613 1489 2671 οὐ
1523 2616 1744 2686 δεηθεὶς
1774 2616 1869 2685 τῆς

211 2730 234 2762 b
260 2701 396 2758 κατὰ
437 2703 648 2759 Μωσέα
701 2707 959 2776 χρίσεως,
1012 2696 1138 2757 οὐδ’
1196 2701 1384 2755 ἐλαίου
1426 2701 1734 2756 σκευαστοῦ
1775 2698 1865 2753 καὶ
1890 2719 1931 2752 3ο

371 2897 397 2934 4
428 2895 546 2935 Heb.
570 2895 608 2943 8,
634 2895 675 2938 5.
712 2897 777 2946 10,
803 2896 841 2936 1.
1013 2895 1038 2932 6
1071 2891 1165 2932 Col.
1189 2894 1229 2944 2,
1254 2893 1319 2932 17.
