1946 3158
565 144 875 186 DEMONST.
906 143 1126 186 EVANG.
1157 144 1219 184 11.
1253 146 1295 185 3.
1631 142 1727 194 131

96 265 184 320 ’ἐν
216 266 578 336 αἰχμαλωσίᾳ,
609 264 667 317 οἱ
693 260 754 316 δὲ
777 257 1096 317 κατάλοιποι
1125 261 1227 316 τοῦ
1254 263 1392 316 λαοῦ
1421 266 1529 332 μου
1559 255 1626 317 οὐ
1656 252 1731 332 μὴ

122 343 695 419 ἐξολοθρευθήσονταί
727 346 785 401 ἐκ
815 350 912 416 τῆς
942 340 1206 411 πόλεως.”

251 435 365 487 161.
400 427 651 505 Συνάδει
681 431 772 486 καὶ
802 434 974 486 ταῦτα
1003 441 1117 495 τοῖς
1158 429 1606 503 προτεθειμένοις
1640 430 1729 485 ἐπὶ

47 574 51 578 ,
119 520 195 592 τῷ
226 514 445 591 ὀλέθρῳ
483 519 582 571 τοῦ
624 511 826 580 παντὸς
853 510 1140 571 Ἰουδαίων
1170 519 1373 580 ἔθνους
1402 511 1730 586 μετελθόντι

76 623 97 656 5
121 596 322 666 αὐτοὺς
362 622 496 672 μετα
537 597 639 670 τὴν
677 601 775 655 τοῦ
804 600 1048 670 Χριστοῦ
1086 602 1402 671 παρουσίαν
1441 604 1728 671 πεπληρω-
1783 602 1789 608 ’

118 686 273 756 μένα.
334 706 469 757 μετα
499 685 602 740 οὐν
631 682 733 755 τὴν
763 680 870 739 ἀπὸ
884 685 1219 754 Βαβυλῶνος
1251 680 1526 739 ἐπάνοδον
1555 685 1728 739 ταῦτα

117 765 145 825 ὁ
178 773 455 842 Ζαχαρίας
486 765 851 842 προφητεύει,
883 772 1164 834 θεσπίζων
1187 766 1288 838 τὴν
1312 764 1422 823 ὑπὸ
1445 764 1730 840 Ρωμαίων

117 854 494 925 γενησομένην
531 850 777 923 ὑστάτην
829 857 1153 924 πολιορκίαν
1203 857 1301 908 τοῦ
1342 854 1507 923 λαοῦ,
1556 848 1644 923 ἐφ’
1688 843 1726 924 ᾗ

116 940 215 993 τοῦ
257 935 460 1002 παντὸς
506 940 711 1002 ἔθνους
733 933 1022 992 Ἰουδαίων
1066 933 1390 1009 ὑποχειρίου
1421 949 1534 1002 τοῖς
1565 943 1730 993 πολε-

55 1044 96 1076 10
119 1026 261 1094 μίοις
309 1021 686 1094 γενησομένου
737 1018 942 1093 μόνους
994 1021 1131 1092 φησὶ
1179 1017 1308 1086 τούς
1362 1026 1729 1087 καταλοίπους

118 1108 214 1163 τοῦ
254 1110 392 1163 λαοῦ
434 1102 826 1178 σωθήσεσθαι,
873 1102 1134 1177 ἄντικρυς
1178 1100 1381 1172 αὐτούς
1421 1101 1549 1171 τούς
1590 1101 1730 1161 άπο-

118 1189 346 1258 στόλους
375 1192 475 1247 τοῦ
505 1194 748 1262 σωτῆρος
777 1184 935 1261 ἡμῶν
967 1190 1168 1262 δηλῶν.

631 1327 644 1346 r
712 1327 726 1348 2
828 1327 838 1345 ι
950 1327 1009 1348 -oe
1184 1334 1199 1354 ι

552 1334 621 1386 νδ
648 1377 658 1386 .
723 1338 844 1408 Απο
876 1353 973 1386 του
1006 1337 1278 1404 Ιερεμιου.

250 1445 366 1498 162.
391 1437 835 1515 “Ἐπιστράφητε
874 1443 987 1499 υἱοὶ
1027 1438 1422 1514 ἀφεστηκότες,
1455 1443 1601 1513 λέγει
1633 1441 1729 1499 κύ-

54 1549 95 1581 15
119 1548 262 1596 ριος,
319 1523 457 1582 διότι
498 1522 603 1597 ἐγώ
649 1523 1068 1599 κατακυριεύσω
1108 1523 1296 1598 ὑμῶν,
1343 1528 1434 1582 καὶ
1484 1524 1728 1598 λήψομαι

114 1603 256 1681 ὑμᾶς
287 1612 387 1666 ἕνα
420 1612 479 1666 ἐκ
520 1608 731 1676 πόλεως
762 1611 855 1667 καὶ
886 1607 988 1667 δύο
1020 1612 1080 1667 ἐκ
1103 1612 1349 1683 πατριᾶς.
1404 1610 1497 1665 καὶ
1530 1608 1726 1677 εἰσάξω

114 1691 257 1766 ὑμᾶς
300 1699 377 1759 εἰς
419 1692 607 1766 Σιών,
650 1695 740 1751 καὶ
784 1692 946 1750 δώσω
987 1692 1123 1767 ὑμῖν
1154 1695 1416 1768 ποιμένας
1457 1692 1593 1750 κατὰ
1623 1690 1726 1766 τὴν

115 1782 354 1848 καρδίαν
393 1801 530 1851 μου,
572 1781 664 1835 καὶ
705 1781 1074 1851 ποιμανοῦσιν
1112 1773 1286 1851 ὑμᾶς,
1338 1784 1725 1850 ποιμαίνοντες

114 1858 234 1934 μετ’
270 1861 594 1936 ἐπιστήμης·
644 1864 736 1920 καὶ
770 1869 940 1936 ἔσται,
976 1860 1073 1920 ε’ἀν
1103 1866 1473 1935 πληθυνθῆτε
1504 1864 1595 1919 καὶ
1628 1860 1725 1920 αύ-

51 1971 93 2004 20
115 1948 348 2020 ξηθῆτε,
389 1949 536 2020 λέγει
576 1946 792 2023 κύριος,
838 1951 898 2005 ἐν
937 1961 1057 2016 ταῖς
1094 1944 1321 2021 ἡμέραις
1354 1950 1591 2014 ἐκείναις
1622 1946 1726 2004 οὐκ

116 2033 339 2102 ἐροῦσιν
381 2037 490 2104 ἔτι,
541 2029 774 2104 κιβωτὸς
828 2029 1101 2104 διαθήκης
1141 2038 1342 2106 κυρίου
1368 2028 1583 2106 Ἰσραὴλ
1623 2028 1726 2089 οὐκ

114 2111 453 2188 ἀναβήσεται
496 2119 583 2173 ἐπὶ
619 2121 891 2223 καρδίαν,
941 2113 1078 2174 οὐδὲ
1117 2113 1590 2190 ὀνομασθήσεται,
1633 2118 1725 2173 καὶ

114 2196 181 2257 οὗ
213 2199 578 2274 ποιηθήσεται
609 2206 701 2258 ἔτι.

244 2288 358 2341 163.
393 2283 561 2358 Ὁμοῦ
603 2286 696 2342 καὶ
739 2289 799 2343 ἐν
847 2283 1060 2352 τούτοις
1101 2283 1203 2358 τὴν
1245 2284 1587 2359 ἐπιστροφὴν
1626 2309 1726 2342 του

50 2393 92 2426 25
108 2365 325 2442 Ἰσραηλ
354 2369 455 2441 τὴν
488 2372 547 2427 ἐν
576 2393 643 2444 τη
667 2376 944 2446 παρουσία
967 2373 1064 2427 τοῦ
1096 2375 1340 2444 σωτῆρος
1363 2365 1520 2442 ἡμῶν
1543 2368 1726 2441 Ἰησοῦ

113 2459 354 2525 Χριστοῦ
385 2457 762 2527 γενησομένην
791 2460 1070 2526 θεσπίζει,
1113 2451 1246 2512 καθ’
1289 2451 1361 2526 ἣν
1404 2456 1500 2510 ἕνα
1533 2456 1592 2510 ἐκ
1623 2451 1726 2509 πό-

114 2543 250 2603 λεως
299 2539 392 2594 καὶ
445 2538 546 2596 δύο
587 2542 646 2596 ἐκ
697 2541 960 2614 πατριάς,
1013 2539 1104 2595 καὶ
1147 2536 1365 2612 σφόδρα
1405 2535 1724 2608 ὀλιγοστούς

114 2622 206 2677 καὶ
246 2618 467 2699 ἀριθμῷ
508 2629 731 2697 βραχεῖς
774 2621 1128 2696 ἐκλεξάμενος
1177 2623 1440 2694 ποιμένας
1490 2625 1603 2678 τῶν
1648 2627 1723 2687 εἰς

116 2701 289 2762 αὐτὸν
336 2706 788 2765 πεπιστευκότων
832 2710 1046 2779 ἐθνῶν,
1097 2707 1189 2763 καὶ
1233 2703 1593 2778 αὐξηθέντων
1635 2708 1725 2763 ἐπὶ

232 2900 283 2938 14
313 2898 410 2941 Jer.
432 2902 472 2951 3,
500 2901 563 2939 14.

503 2969 509 2978 ,
1383 2967 1454 3019 9ss
1487 2962 1489 2964 -
