1992 3186
261 138 365 189 452
944 135 1196 177 EUSEBII

261 252 421 324 θεὸς,
465 256 640 325 γνῶτε
682 258 823 322 ἔθνη
866 252 960 307 καὶ
989 246 1247 323 ἡττᾶσθε.
1314 249 1599 325 ἡττήμεθα
1627 254 1768 323 γοῦν
1799 250 1871 319 ῶς

260 335 484 410 ἀληθῶς
515 333 670 408 ἡμεῖς
711 339 769 391 οἱ
797 337 849 402 ἐξ
889 336 1076 393 ἐθνῶν
1119 341 1196 402 εἰς
1227 333 1398 392 αὐτὸν
1427 334 1869 408 πεπιστευκότες,

215 455 231 476 c
262 423 583 493 νικηθέντες
614 417 724 476 ὑπὸ
754 423 851 491 τῆς
882 417 1147 492 ἀληθείας
1193 421 1285 476 καὶ
1314 423 1409 491 τῆς
1438 424 1537 477 τοῦ
1566 424 1871 493 γενομένου

260 504 387 578 μεθ’
426 501 583 577 ἡμῶν
613 508 753 561 θεοῦ
795 501 1112 577 δυνάμεως,
1155 502 1486 576 ἡττηθέντες
1524 528 1582 562 τε
1622 500 1871 577 ὑπηκού-

260 610 435 662 σαμεν
466 586 615 664 αὐτῷ
640 586 841 654 πάντες
861 586 1000 690 ὁμοῦ
1018 593 1078 645 οὗ
1103 592 1260 662 μέχρι
1284 591 1396 645 τῶν
1420 586 1666 660 ἐσχάτων
1687 612 1870 645 κατοι-
1896 601 1916 632 5

261 676 488 739 κοῦντες
511 676 608 745 τῆς
632 678 751 744 γῆς,
778 670 915 729 κατὰ
936 672 1038 744 τὴν
1058 672 1320 744 φήσασαν
1340 678 1684 746 προφητείαν
1706 668 1873 729 “ἐπα-

260 755 497 815 κου’σατε
527 760 630 823 ε’ως
662 755 893 829 ἐσχάτου
923 760 1019 828 τῆς
1049 763 1166 828 γῆς.
1178 753 1206 774 ”
1280 760 1395 814 131,
1429 753 1550 813 ἀλλ’
1586 756 1745 829 ἡμεῖς
1774 757 1876 829 μὲν

259 844 352 899 καὶ
382 838 666 914 ἡττήμεθα
697 843 789 897 καὶ
821 846 1083 898 καλοῦντι
1111 836 1534 913 ὑπηκούσαμεν,
1563 855 1678 906 τοῖς
1702 841 1764 897 δὲ
1795 846 1874 897 ἔτι

259 930 371 984 τῶν
425 929 612 984 ἐθνῶν
657 923 958 982 ἀπειθοῦσι
1009 923 1074 982 τὰ
1121 927 1246 997 ἑξῆς
1298 922 1645 982 ἀποτείνεται
1696 927 1876 996 λέγων

251 1006 576 1084 “ι’σχυκότες
606 1008 866 1082 ἡττᾶσθε.
923 1007 1021 1066 έάν
1050 1008 1155 1081 γὰρ
1181 1007 1352 1066 πάλιν
1397 1007 1675 1082 ἰσχῦσητε,
1705 1007 1874 1067 πάλιν
1898 1023 1938 1053 10

260 1091 664 1167 ἡττηθήσεσθε.
727 1095 820 1150 καὶ
850 1093 1016 1166 λόγον
1046 1091 1112 1150 ὃν
1137 1093 1234 1154 ἐὰν
1265 1092 1672 1166 βουλεύσησθε,
1703 1091 1771 1150 οὐ
1801 1092 1874 1166 μὴ

263 1182 491 1253 ε’μμείνῃ
526 1182 586 1236 έν
616 1174 752 1251 ὑμῖν
771 1222 785 1249 ,
816 1176 899 1234 ὅτι
929 1177 1056 1250 μεθ’
1094 1176 1252 1250 ἡμῶν
1281 1173 1309 1233 ὁ
1340 1176 1487 1244 θεός.
1551 1174 1697 1234 οὕτω
1729 1180 1876 1249 λέγει

214 1289 235 1320 d
262 1261 452 1337 κύριος
503 1269 571 1336 τῇ
627 1267 824 1337 ἰσχυρᾷ
878 1264 1021 1335 χειρὶ
1061 1258 1433 1319 ἀπειθοῦσιν”
1518 1266 1633 1318 132.
1673 1260 1746 1318 δι’
1796 1253 1875 1318 ῶν

262 1351 454 1420 σαφῶς
484 1342 513 1403 ὃ
545 1345 703 1419 λόγος
744 1343 1024 1418 ἀφηνιῶσι
1059 1348 1151 1402 καὶ
1171 1344 1642 1418 ἀντιταττομένοις
1666 1350 1731 1419 τῇ
1771 1350 1873 1402 τοῦ
1949 1396 1955 1401 .

262 1435 506 1500 Χριστοῦ
547 1436 878 1506 διδασκαλίᾳ
923 1432 1015 1487 καὶ
1055 1443 1169 1496 τοῖς
1209 1430 1510 1487 ἀπειθοῦσι
1546 1432 1615 1503 τῇ
1643 1431 1877 1504 κραταιᾷ
1899 1440 1938 1472 15

262 1514 434 1573 αὐτοῦ
465 1517 605 1589 χειρὶ
635 1521 917 1586 θεσπίζει,
959 1512 1041 1571 ότι
1071 1514 1212 1587 μηὸε
1243 1512 1534 1588 ἰσχύσουσι
1564 1521 1877 1615 προσπολε-

261 1614 387 1672 μεῖν
417 1597 514 1657 τὸν
543 1595 673 1672 μεθ’
708 1597 867 1671 ἡμῶν
895 1599 1035 1656 θεὸν
1065 1597 1425 1671 πειρώμενοι,
1467 1599 1561 1655 καὶ
1590 1596 1674 1654 ὅτι
1703 1602 1817 1655 πᾶν
1847 1594 1877 1654 ὃ

263 1683 361 1742 ἐὰν
392 1681 811 1755 βουλεύσωνται
841 1681 972 1740 καθ’
1011 1681 1169 1755 ἡμῶν
1199 1679 1267 1740 οὐ
1297 1681 1371 1755 μὴ
1407 1685 1634 1756 ἐμμείνῃ
1667 1680 1874 1752 αὐτοῖς,
1909 1730 1912 1732 .

264 1768 356 1825 διὰ
385 1766 445 1825 τὸ
477 1765 608 1840 μεθ’
644 1767 802 1840 ἡμῶν
848 1767 990 1824 εἶναι
1019 1765 1116 1824 τὸν
1141 1765 1504 1839 Ἐμμανουήλ
1559 1768 1652 1822 καὶ
1695 1764 1874 1840 τούτῳ

267 1853 327 1909 δε
356 1856 433 1909 τῶ
459 1851 880 1926 συμπεράσματι
903 1850 1101 1927 ῥοίδιον
1126 1853 1413 1922 ἐπιστῆσαι
1438 1847 1532 1915 τάς
1556 1845 1691 1906 καθ’
1717 1845 1874 1921 ἡμῶν
1897 1862 1938 1892 ²0

264 1911 492 2002 ἀπειλάς
523 1939 616 1992 καὶ
647 1934 741 2002 τὰς
771 1934 909 1991 κατὰ
947 1932 1182 2041 χρόνους
1212 1938 1324 1990 τῶν
1353 1929 1637 2006 ἀρχόντων
1669 1936 1874 1990 ἐπανα-

265 2019 482 2085 στάσεις
513 2022 887 2091 συνορῶντας,
919 2020 1011 2074 καὶ
1035 2015 1107 2083 ῶς
1132 2015 1413 2090 ἄπρακτον
1437 2015 1625 2084 αὐτοῖς
1657 2015 1750 2074 διὰ
1778 2016 1875 2073 τὸν

385 2102 398 2122 2
445 2099 457 2118 e
525 2106 547 2117 -s
687 2102 699 2119 x
784 2099 797 2119 ²
834 2103 848 2125 x
1003 2107 1016 2124 e
1281 2105 1302 2115 -r
1367 2099 1379 2119 ν
1538 2105 1559 2115 ν
1661 2101 1673 2119 x
1753 2102 1765 2123 e

265 2114 376 2175 μεθ
428 2127 585 2175 ημων
606 2113 744 2159 θεον
766 2125 852 2158 αει
874 2111 1207 2159 καθισταται
1229 2125 1341 2158 των
1353 2109 1597 2159 απειλων
1617 2125 1678 2158 το
1703 2108 1871 2167 τελος.

154 2352 240 2391 (336)
834 2321 963 2382 Ἀπό
994 2327 1093 2381 τοῦ
1122 2321 1308 2382 αὐτοῦ.

351 2433 512 2505 ῖ133.
538 2434 759 2495 “Τοῦτο
783 2442 1023 2510 πρῶτον,
1055 2441 1175 2508 πίε,
1207 2435 1345 2509 ταχὺ
1378 2442 1553 2507 ποίει,
1586 2433 1736 2509 χῶρα
1767 2443 1872 2491 Ζα-
1896 2461 1937 2493 25

268 2521 489 2593 βουλῶν
512 2524 603 2579 καὶ
627 2525 700 2594 γῆ
715 2530 779 2579 Ν
777 2522 1073 2594 εφθαλεὶμ,
1104 2523 1196 2577 καὶ
1217 2524 1275 2577 οἱ
1292 2522 1473 2577 λοιποὶ
1497 2524 1551 2577 οἱ
1571 2517 1672 2592 τὴν
1695 2541 1873 2592 παρα-

269 2613 396 2664 λίαν
437 2612 849 2677 κατοικοῦντες,
895 2606 1070 2678 πέραν
1113 2606 1213 2661 τοῦ
1245 2602 1557 2677 Ἰορδάνου,
1604 2610 1874 2661 Γαλιλαία

269 2697 379 2747 τῶν
412 2694 611 2748 ἐθνῶν.
672 2689 701 2747 ὁ
733 2688 862 2756 λαός
892 2684 920 2746 ὁ
953 2687 1266 2762 καθήμενος
1291 2692 1352 2746 ἐν
1376 2686 1556 2746 σκότει
1581 2693 1726 2745 ἴδετε
1755 2692 1874 2759 φῶς

384 2884 436 2922 25
466 2882 540 2925 Es,
565 2885 605 2931 9,
630 2885 667 2923 1.
