1992 3186
262 146 366 197 294
931 146 1176 188 EUSEBH

257 278 369 330 τοῖς
421 261 681 335 οὐρανοῖς
735 264 824 318 καὶ
874 260 938 317 τὰ
973 263 1058 317 ἐπὶ
1091 265 1184 333 τῆς
1217 265 1315 334 γῆς
1354 271 1462 320 εἴτε
1492 262 1709 335 θρόνοι,
1755 273 1863 322 εἴτε

256 346 592 419 κυριότητες,
626 356 734 405 εἴτε
765 343 958 418 ἀρχαὶ,
994 354 1102 402 εἴτε
1136 349 1392 415 ἐξουσίαι.
1463 347 1528 404 τὰ
1571 346 1750 406 πάντα
1783 345 1858 405 δι’

260 429 430 488 αὐτοῦ
471 433 562 487 καὶ
607 438 682 496 εἰς
725 427 895 486 αὐτὸν
934 435 1204 501 ἔκτισται,
1259 434 1350 487 καὶ
1397 429 1560 496 αὐτός
1603 437 1715 489 ἐστι
1757 433 1862 505 πρὸ

255 514 499 586 πάντων,
532 517 624 571 καὶ
656 516 720 571 τὰ
751 514 930 571 πάντα
965 511 1040 569 δι’
1075 513 1250 571 αὐτοῦ
1280 513 1629 588 συνέστηκε.”
1666 526 1864 589 κεκλη-

257 623 342 655 ται
374 601 466 655 καὶ
496 603 636 657 θεοῦ
669 599 902 671 δύναμις
935 599 1025 655 καὶ
1057 602 1199 655 θεοῦ
1229 606 1412 671 σοφία.
1481 596 1620 656 αὐτὰ
1661 599 1728 674 δὴ
1760 595 1863 659 οὖν
1887 622 1906 654 5

161 687 426 756 (21ηταῦτα
457 683 741 756 πρόκειται
761 685 851 740 καὶ
872 686 979 741 νῦν
1002 681 1108 739 ἀπὸ
1133 687 1243 740 τῶν
1267 681 1415 754 παρα
1434 679 1704 755 Ἑβραίοις
1729 708 1866 759 προ·

260 770 509 875 φητικῶν
548 773 784 842 γραφῶν
826 771 1257 838 ἐξανθίσασθαι,
1313 766 1384 835 ὡς
1427 764 1496 824 ἂν
1539 766 1630 824 διὰ
1671 773 1764 842 τῆς
1809 774 1868 828 ἐν

263 854 537 925 ἑκατέροις
567 869 680 920 τοῖς
710 857 898 926 μέρεσι
930 859 1257 924 συμφωνίας
1281 847 1314 924 ἡ
1342 855 1440 909 τοῦ
1466 849 1712 925 αληθοῦς
1735 851 1867 912 από-
1908 863 1910 866 ’

261 941 425 1004 δειξις
469 943 868 1020 παρασταθείη
941 940 1023 993 35.
1076 935 1178 1010 χρὴ
1223 938 1285 994 δὲ
1314 937 1388 1008 μὴ
1420 935 1644 1009 ἀγνοεῖν
1693 937 1773 994 ὅτι
1816 944 1872 996 οἱ

257 1046 359 1094 μεν
389 1031 537 1079 θεῖοι
569 1025 802 1096 χρησμοὶ
843 1019 985 1078 πολυ
1027 1018 1086 1077 τὸ
1118 1024 1208 1078 και
1250 1021 1385 1094 πρὸς
1431 1024 1579 1089 λέξιν
1610 1024 1699 1078 καὶ
1733 1022 1866 1094 πρὸς
1891 1043 1931 1075 10

256 1105 511 1163 διανοιαν
553 1108 838 1179 υπερφυες
884 1108 953 1176 τῆ
988 1101 1259 1177 Εβραίων
1298 1111 1462 1178 φωνῇ
1495 1108 1863 1179 περιέχοντες,

257 1189 532 1262 διαφόρου
551 1195 644 1262 τῆς
670 1193 757 1247 ἐπὶ
782 1187 841 1247 τὸ
859 1188 1180 1290 Ελληνικόν
1205 1193 1496 1262 ερμηνείας
1519 1190 1870 1263 τετυχήκασι,

255 1279 352 1332 τοῦ
395 1274 795 1348 δυσθεωρήτου
836 1273 1010 1347 χάριν.
1095 1275 1475 1376 ἑβδομήκογτα
1521 1273 1571 1330 δ’
1632 1275 1734 1332 οὐν
1774 1272 1867 1332 ἄν·

210 1390 227 1421 ι,
259 1364 384 1431 δρες
425 1356 645 1431 αθρόως
668 1359 915 1430 Εβραῖοι
947 1357 1263 1431 συμφώνως
1316 1356 1485 1424 αὐτας
1526 1366 1726 1430 μεταβ
1710 1359 1869 1432 βλή-

255 1462 436 1515 κασιν,
469 1440 552 1510 οἷς
582 1442 817 1516 μαλιστα
847 1442 944 1500 τὸν
974 1445 1111 1499 νοῦν
1151 1445 1516 1515 προσέξομεν,
1558 1442 1641 1500 ότι
1676 1444 1743 1516 δὴ
1775 1446 1865 1500 καὶ
1893 1461 1932 1494 15

254 1533 318 1602 τῇ
349 1531 446 1584 τοῦ
478 1534 721 1601 Χριστοῦ
770 1532 1030 1602 ἐκκλησία
1069 1525 1283 1594 τούτοις
1325 1529 1630 1599 κεχρῆσθαι
1683 1534 1864 1600 φίλον.

255 1616 337 1668 36.
374 1618 424 1669 εί
455 1615 520 1669 δέ
546 1635 655 1670 που
686 1619 893 1684 γίνοιτο
919 1619 1089 1684 χρεία,
1125 1610 1258 1669 οὐδε
1281 1635 1375 1676 τας
1399 1636 1511 1668 των
1534 1635 1669 1684 μετα
1695 1618 1868 1669 ταῦτα

254 1698 542 1767 νεωτέρων
574 1721 930 1770 ερμηνευτων
959 1694 1222 1767 ἐκδόσεις,
1255 1692 1342 1763 αἷς
1373 1703 1541 1766 φίλον
1574 1698 1738 1752 εἰσέτι
1761 1702 1867 1753 νῦν

250 1777 536 1847 Ἰουδαίοις
577 1784 846 1854 χρῆσθαι,
879 1777 1359 1853 παραιτησόμεθα·
1430 1803 1502 1845 ως
1547 1775 1616 1835 ἂν
1658 1803 1869 1836 παντα-

257 1864 393 1938 χόθε
399 1890 429 1922 ν
459 1865 525 1921 τα
555 1872 650 1938 τῆς
680 1864 1013 1933 ἀποδείξεως
1046 1863 1180 1935 ἡμῖν
1211 1865 1565 1934 βεβαιοτέρας
1589 1862 1742 1936 τύχοι
1768 1887 1866 1920 πα·
1891 1883 1932 1915 20

257 1969 588 2020 ραστασεως.
648 1949 859 2006 τούτων
891 1947 1025 2020 ἡμῖν
1056 1950 1610 2019 πεπροοιμιασμένων
1643 1950 1733 2004 καὶ
1757 1971 1867 2005 των

259 2033 471 2089 ἐνθέων
502 2056 710 2103 φωνων
740 2031 846 2104 ἤδη
879 2028 1076 2088 λοιπὸν
1108 2030 1454 2131 ἐφαψόμεθα.

213 2144 235 2173 (ι
388 2116 420 2170 Ι.
448 2111 685 2186 “Ἐγω“
655 2140 688 2187 η
721 2123 889 2187 σοφία
920 2114 1311 2187 κατεσκήνωσα
1342 2114 1571 2188 βουλὴν,
1606 2118 1695 2172 καὶ
1723 2140 1869 2187 γνω-

257 2216 380 2270 σι-ν,
423 2201 513 2255 καὶ
547 2206 768 2257 ἐννοιαν
801 2199 906 2272 ἐγω
948 2199 1376 2273 ἐπεκαλεσαμην.
1447 2199 1619 2271 φόβος
1669 2206 1869 2271 κυρίου

259 2298 412 2356 μισεῖ
438 2281 691 2356 ἀδικίαν,
737 2282 905 2355 ὕβριν
935 2307 993 2340 τε
1025 2286 1115 2340 καὶ
1148 2282 1540 2357 ὑπερηφανίαν
1581 2285 1671 2340 καὶ
1703 2279 1867 2349 ὁδούς
1891 2301 1931 2333 25

257 2372 531 2442 πονηρῶν.
579 2375 851 2441 μεμίσηκα
885 2368 944 2425 δὲ
977 2367 1081 2439 ἐγω
1116 2370 1547 2441 διεστραμμένας
1578 2363 1743 2433 ὁδοὺς
1769 2390 1868 2423 κα-

259 2455 386 2509 κῶν.
459 2451 556 2526 ἐμὴ
603 2452 776 2526 βουλὴ
809 2454 899 2509 καὶ
941 2450 1240 2525 ἀσφάλεια,
1287 2451 1384 2524 ἐμὴ
1427 2449 1720 2523 φρόνησις,
1768 2453 1867 2524 ἐμὴ

261 2538 321 2592 δὲ·
356 2535 524 2608 ἰσχύς.
573 2534 641 2593 δι’
677 2540 811 2609 ἐμοῦ
840 2543 1085 2608 βασιλεῖς
1118 2536 1529 2607 βασιλεύουσιν,
1564 2537 1653 2591 καὶ
1687 2539 1742 2592 οἱ
1771 2541 1864 2591 δυ·

259 2619 452 2677 νασται
487 2621 762 2693 γράφουσι
805 2619 1180 2692 δικαιοσύνην.
1257 2618 1321 2676 δι’
1370 2623 1502 2692 ἐμοῦ
1544 2623 1867 2691 μεγιστᾶνες

261 2703 692 2776 μεγαλύνονται,
736 2707 826 2762 καὶ
859 2703 1123 2776 τύραννοι
1157 2701 1224 2760 δι’
1271 2707 1402 2776 ἐμοῦ
1443 2709 1704 2775 κρατοῦσι
1736 2705 1860 2775 γῆς·
1887 2722 1931 2754 30

375 2899 398 2936 5
442 2899 476 2936 1.
500 2897 599 2940 Cor.
628 2899 664 2946 1,
689 2899 755 2939 24.
1015 2899 1067 2937 ‘23
1102 2897 1233 2937 Prov.
1260 2898 1298 2946 8,
1335 2898 1398 2936 12.
