1946 3158
230 151 330 203 196
905 151 1156 194 EUSEBII

223 273 371 335 τείας
413 266 777 340 πεποιηκότα,
831 263 894 333 ἃς
947 263 1149 341 άρτίως
1190 266 1582 341 διεξήλθομεν,
1637 271 1696 325 ἐκ
1733 271 1835 325 τοῦ

110 375 198 418 (131)
228 351 539 426 αὐτομάτου
569 358 819 409 τοιοῦτον
848 353 1022 422 φῦναι
1040 395 1054 423 ,
1088 350 1224 424 μήτε
1253 353 1401 426 παρὰ
1424 354 1676 410 παλαιών
1707 354 1832 427 ἐρα-

226 436 524 510 νισάμενον
554 434 676 509 μήτ’
715 437 773 492 ἐκ
804 435 949 492 νέων
986 434 1340 494 διδασκάλων
1380 437 1739 510 ώφελημένον
1769 434 1834 494 τὰ

226 520 385 595 ὅμοια
416 522 508 577 καὶ
538 519 644 593 πρὸ
677 518 849 576 αὐτοῦ
880 518 1280 593 πεποιηκότων,
1311 527 1370 577 τί
1394 518 1526 578 ἄλλο
1557 518 1591 593 ἢ
1623 544 1835 595 μαρτυ-

226 604 480 681 ρούντων
512 606 626 661 ἐστὶ
657 606 748 661 καὶ
772 602 1192 677 ὁμολογούντων
1215 614 1377 662 θεῖον
1398 601 1622 677 άληθῶς
1653 607 1836 679 χρῆμα
1857 636 1878 669 5

226 691 547 762 γεγονέναι,
579 690 670 745 καὶ
702 691 887 746 πᾶσαν
918 686 1226 762 ἀνθρώπου
1257 688 1430 762 φύσιν
1458 687 1839 762 ὑπερβεβηκέ-

225 798 318 831 ναι
347 771 445 831 τὸν
470 771 843 846 δηλούμενον;
875 777 958 830 28.
992 770 1132 829 ἀλλὰ
1157 772 1509 840 διδασκάλοις
1534 772 1705 831 αὐτὸν
1728 773 1837 848 φῂς

224 860 662 932 προσεσχηκέναι
692 854 951 928 πλάνοις’,
983 859 1126 931 μηδὲ
1159 866 1362 915 λαθεῖν
1395 855 1567 915 αὐτὸν
1596 856 1662 914 τά
1692 856 1837 930 σοφοὶ

223 948 338 1000 τῶν
368 947 698 1015 Αἰγυπτίων
740 944 833 999 καὶ
870 944 983 998 τών
1013 941 1183 999 πάλαι
1214 940 1343 1014 παρ’
1383 939 1570 1008 αὐτοῖς
1611 944 1839 1015 λεγομέ-

224 1051 341 1084 νων
370 1025 437 1083 τόι
467 1025 781 1102 ἀπόρρητα,
815 1022 946 1100 παρ’
983 1017 1062 1084 ὦν
1085 1025 1492 1099 συλλεξάμενον
1514 1024 1694 1101 ἄνδρα
1723 1049 1835 1083 τοι-
1859 1057 1900 1088 10

181 1117 421 1184 bobum),
463 1107 584 1169 οἷον
623 1110 652 1168 ὁ
694 1113 854 1182 λόγος
896 1116 1257 1185 παρίστησιν,
1302 1108 1722 1184 ἀποδειχθῆναι.
1784 1116 1844 1167 τί

229 1199 366 1267 δῆτα
397 1187 528 1266 οὖν,
570 1193 781 1267 ἤτινες
822 1193 978 1251 ἄλλοι
1018 1202 1300 1268 κρείττους
1345 1192 1517 1252 αὐτοῦ
1556 1196 1838 1268 πεφήνασι

228 1282 318 1337 καὶ
349 1277 604 1354 πρότεροι
649 1283 723 1355 τῷ
770 1277 949 1355 χρόνῳ
995 1282 1088 1336 καὶ
1130 1278 1303 1336 αὐτοῦ
1338 1277 1689 1351 διδάσκαλοι,
1735 1275 1834 1336 εἴτ’

230 1360 321 1421 ἐπ’
367 1362 658 1436 Αἰγύπτου
702 1361 814 1420 εἴθ’
849 1360 957 1434 ὅπη
991 1362 1087 1435 δή;
1133 1364 1224 1419 29.
1258 1368 1316 1420 τί
1353 1354 1456 1420 οὖν
1496 1359 1621 1436 οὐχὶ
1651 1360 1840 1420 κάκεί-

228 1471 346 1505 νων
377 1447 483 1521 πρό
515 1451 610 1520 τῆς
641 1445 842 1505 τούτου
875 1454 1205 1522 κατηγορίας
1238 1452 1489 1519 ἔφθασεν
1520 1453 1597 1514 εἰς
1628 1446 1836 1514 πάντας
1861 1475 1902 1508 15

227 1529 568 1606 ἀνθρώπους
609 1530 643 1604 ἡ
684 1530 867 1604 φήμη,
914 1527 948 1603 ἢ
993 1538 1052 1588 τί
1076 1529 1150 1605 μὴ
1195 1528 1317 1604 ούχὶ
1358 1529 1633 1589 κάκείνων
1676 1533 1841 1588 εἰσέτι

227 1618 336 1674 νῦν
372 1614 433 1673 τὸ
474 1619 630 1682 κλέος
671 1614 864 1691 ᾅδεται
894 1621 970 1693 τῷ
1000 1614 1248 1692 ἡμετέρῳ
1289 1621 1713 1690 παραπλησίως;
1759 1622 1840 1682 τίς

231 1701 293 1756 δὲ
321 1703 434 1758 τών
464 1697 560 1757 ἀπ’
596 1701 795 1767 αἰῶνος
826 1698 1047 1757 πώποτε
1067 1698 1198 1773 γόης
1217 1744 1232 1772 ,
1263 1699 1543 1774 βάρβαρος
1567 1695 1839 1771 ἢ”Ἐλλην,

228 1784 494 1842 τοιούτων
543 1787 774 1857 κατέστη
820 1783 1150 1850 διδάσκαλος
1194 1787 1471 1856 φοιτητῶν
1520 1785 1612 1840 καὶ
1657 1781 1843 1840 τοιού-

179 1901 199 1923 c
229 1893 341 1926 των
369 1868 558 1942 νόμων
589 1870 681 1925 καὶ
713 1867 894 1940 λόγων
925 1865 1220 1940 αὐθέντης,
1253 1872 1388 1926 οἵων
1418 1864 1451 1940 ἡ
1475 1870 1572 1924 τοῦ
1596 1870 1838 1942 σωτῆρος
1861 1897 1902 1929 20

229 1951 386 2026 ἡμῶν
419 1955 787 2009 ἐπιδέδεικται
833 1950 1097 2024 δύναμις,
1147 1949 1319 2018 ἰάσεις
1368 1952 1428 2008 δὲ
1472 1950 1711 2010 τοσάσδε
1746 1953 1839 2008 καὶ

230 2035 577 2110 παραδόξους
610 2034 927 2107 εὐεργεσίας
958 2035 1206 2107 τοιάσδε,
1239 2041 1358 2101 οἵας
1389 2034 1416 2093 ὁ
1450 2034 1710 2110 ἡμέτερος
1741 2058 1842 2094 πε-

230 2117 473 2191 ποιηκώς
517 2118 954 2193 μνημονεύεται,
1009 2127 1091 2186 τίς
1137 2118 1356 2178 πώποτε
1402 2120 1840 2194 διαπραξάμενος

232 2207 554 2278 ἱστορεῖται;
601 2208 683 2260 30.
717 2210 864 2270 τίνος
891 2205 951 2260 δὲ
974 2209 1031 2260 οἱ
1048 2203 1314 2278 γνώριμοι
1338 2207 1429 2261 καὶ
1453 2207 1565 2262 τῶν
1588 2202 1842 2278 πραγμά-

232 2312 345 2346 των
397 2286 665 2345 αὐτόπται
714 2286 804 2344 διά
848 2286 1022 2362 πυρὸς
1067 2291 1160 2345 καὶ
1208 2286 1440 2363 σιδήρου
1482 2291 1707 2361 δοκιμῆς
1738 2287 1840 2360 τὴν
1862 2314 1903 2348 25

232 2371 373 2444 ὑπὲρ
407 2365 485 2429 ὧν
517 2371 903 2446 ἐμαρτύρησαν
943 2370 1217 2445 ἀλήθειαν
1250 2371 1621 2429 ἐπιστώσαντο
1653 2371 1839 2441 ὥσπερ

232 2449 337 2513 οὗν
367 2462 424 2513 οἱ
449 2460 548 2513 τοῦ
579 2462 821 2531 σωτῆρος
845 2455 1001 2530 ’ἡμῶν
1024 2459 1296 2529 μαθηταὶ,
1329 2455 1506 2522 πάσας
1529 2456 1630 2528 μὲν
1661 2461 1841 2522 αἰκίας

233 2538 599 2613 ἀνατλάντες,
632 2540 809 2607 πάσας
841 2542 901 2597 δὲ
942 2540 1205 2612 βασάνων
1238 2541 1388 2606 ἰδέας
1421 2538 1838 2613 ὑπομείναντες,

235 2627 327 2680 καὶ
358 2627 510 2692 τέλος
545 2623 636 2681 διά
676 2628 775 2683 τοῦ
808 2630 955 2682 ἰδίου
987 2630 1211 2698 αἵματος
1250 2623 1317 2682 τὰ
1347 2627 1473 2698 περὶ
1504 2621 1678 2681 αὐτοῦ
1706 2648 1840 2698 μαρῃ

234 2711 550 2782 τυρηθέντα
580 2706 767 2775 αὐτοῖς
791 2708 1195 2783 πιστωσάμενοι
1204 2737 1220 2778 3
1253 2713 1335 2765 31.
1370 2716 1447 2765 ε”τι
1471 2706 1608 2781 πρὸς
1630 2706 1839 2773 τούτοις
1862 2733 1903 2766 30

235 2788 264 2847 ὁ
304 2797 378 2868 τῷ
421 2790 501 2849 δι’
547 2797 798 2860 ἐναντίας
836 2793 973 2866 ἡμῖν
1012 2793 1156 2870 λόγῳ
1196 2792 1599 2866 παριστάμενος
1638 2794 1838 2864 λεγέτω

189 2898 212 2930 ιι
236 2881 316 2942 τίς
347 2879 457 2933 τῶν
499 2877 719 2936 πώποτε
758 2877 973 2951 γοήτων
1004 2874 1108 2934 κᾶν
1140 2883 1216 2943 εἰς
1246 2880 1386 2935 νοῦν
1421 2875 1677 2950 ἐβάλλετο
1708 2878 1839 2932 νέου
