1992 3186
554 119 857 161 DEMONST.
890 118 1107 159 EVANG.
1137 119 1191 161 x.
1226 121 1262 161 1.
1627 115 1728 168 627

127 244 216 306 ζεν
253 234 477 292 ἀδικίαν
522 237 718 309 ἑαυτῇ·
776 234 1128 308 ἐξερχόμενος
1172 234 1233 290 δὲ
1277 238 1378 301 ἔξω
1431 231 1727 290 κατελάλει.

127 319 492 394 ὁμοθυμαδὸν
524 319 846 391 ἐψιθύριζον
875 317 992 376 κατ’
1031 321 1162 392 ἐμοῦ
1192 316 1393 384 πάντες
1425 323 1484 375 οὗ
1507 321 1731 390 μισοῦν-

123 407 211 471 τές
251 428 346 504 με,
388 406 514 476 περὶ
546 408 680 476 ἐμοῦ
723 406 1041 469 ἐννοοῦντες
1082 401 1222 460 κακά
1263 426 1370 475 μοι.
1445 407 1522 459 17.
1571 400 1730 474 λόγος

124 489 442 562 παράνομος
468 490 731 579 -e'nus'xvto
763 493 930 545 ἔνδον
960 485 1164 559 αὐτῶν,
1211 489 1302 544 καὶ
1333 485 1520 545 πεσών
1549 483 1732 544 οὐκέτι

82 599 102 630 5
126 571 507 646 αναστήσεται.
573 571 712 628 ἀλλὰ
743 574 834 628 καὶ
866 570 1192 643 ἄνθρωπος,
1238 569 1297 637 ὃς
1340 571 1594 646 εἰρήνευέ
1619 595 1730 644 μοι,

125 683 168 714 ω
201 661 544 728 ἐπεποίθειν,
576 663 899 713 σννεσθίων
928 680 1019 728 μοι
1049 654 1217 726 ἄρτον
1249 654 1398 729 ἐμὸν,
1430 680 1732 728 κατεμεγα-

123 722 308 815 λύνθη
352 766 459 815 μου
500 738 853 808 ἀκολούθως,
908 740 979 796 σύ
1023 742 1083 797 δε
1127 739 1283 815 κύριε
1332 739 1606 812 οἰκτειρόν
1644 764 1730 813 με,

123 829 214 883 καὶ
245 823 533 898 ἀνέγειρόν
562 849 648 898 με,
681 829 774 881 ἵνα
798 820 1174 881 ἀνταποδώσω
1200 810 1402 891 αὐτοῖς.
1454 823 1546 882 διὰ
1567 829 1731 882 τοῦτο

123 909 404 983 γνώσομαι
433 908 516 966 ὅτι
545 907 832 982 θελήσεις,
866 907 963 966 ἐὰν
991 908 1066 981 μὴ
1091 908 1440 984 καταλαλήσῃ
1471 907 1500 966 5
1535 907 1730 983 ἐχθρός
1757 934 1778 966 α

59 1020 101 1051 10
123 1019 246 1068 μου.
317 998 449 1067 ἐμοῦ
481 995 542 1050 δὲ
574 993 666 1050 διὰ
705 991 806 1065 τὴν
849 991 1128 1066 ἁπλότητα
1157 991 1453 1067 ἀντέσχον,
1499 996 1592 1050 καὶ
1631 1017 1731 1050 πα·

124 1077 414 1153 ραστήσεις
444 1102 511 1151 με
543 1080 860 1150 ἔμπροσθέν
901 1097 1003 1135 σου
1046 1075 1121 1134 δι’
1166 1077 1413 1145 αι’ὦνος.”
1487 1082 1568 1135 18.
1621 1083 1731 1135 ἰσο-

124 1169 368 1235 δυναμει
396 1164 458 1220 δε
486 1176 598 1228 τοῖς
628 1165 729 1219 τοῦ
752 1161 1060 1235 Συμμάχου
1091 1165 1182 1219 καὶ
1205 1161 1271 1218 τὰ
1290 1160 1537 1220 Ἀκύλου,
1587 1164 1732 1233 πρώ-

121 1272 218 1305 τον
248 1250 350 1305 οὐν
380 1250 506 1318 περὶ
544 1250 644 1304 τοῦ
685 1253 875 1304 δοκεῖν
913 1244 1287 1320 ὑπεμφαινειν
1330 1250 1388 1303 ἐκ
1430 1245 1731 1319 προσώπου

119 1337 219 1390 τοῦ
251 1336 494 1405 σωτῆρος
524 1327 683 1404 ἡμῶν
712 1331 774 1388 τὸ
793 1333 1102 1403 εἰρημένον,
1134 1355 1193 1388 το
1225 1327 1399 1389 ἴασαι
1421 1329 1523 1403 τὴν
1546 1330 1733 1404 ψυχήν

59 1441 99 1472 15
121 1441 257 1490 μου,
300 1415 383 1474 ὅτι
422 1414 666 1490 ἥμαρτόν
705 1412 852 1487 σοι,”
894 1414 1147 1487 τηρήσεις
1185 1415 1246 1472 τὸ
1285 1415 1434 1486 παρὰ
1463 1419 1539 1492 τῷ
1572 1425 1733 1488 Συμ-

110 1499 277 1578 ’μάχῳ
322 1500 396 1574 μὴ
436 1499 610 1565 οὕτως
654 1507 808 1573 ἔχον,
856 1496 1208 1557 ἆλλά“ἰάσαι
1246 1498 1348 1572 τὴν
1389 1499 1575 1572 ψυχήν
1604 1523 1732 1572 μου,

122 1588 214 1642 καὶ
259 1591 309 1643 εί
347 1583 591 1658 ἥμαρτόν
632 1581 774 1641 σοι.”
858 1587 948 1640 καὶ
988 1581 1161 1649 οὕτως
1216 1585 1276 1640 δὲ
1327 1583 1487 1642 τοῦτό
1538 1604 1731 1657 φησιν,

124 1668 316 1742 ἐπειδὴ
348 1667 444 1735 τας
474 1667 739 1742 ἡμετέρας
769 1682 1074 1726 κοινοποιεῖ
1102 1675 1179 1735 εἰς
1212 1667 1412 1726 ἑαυτὸν
1448 1664 1729 1740 ἁμαρτίας.

126 1759 204 1811 19.
256 1752 340 1810 διὸ
382 1756 628 1810 λε’λεκται
651 1751 682 1772 “
701 1756 791 1810 καὶ
823 1752 1010 1826 κύριος
1050 1755 1374 1824 παρέδωκεν
1405 1750 1574 1809 αὐτὸν
1613 1767 1732 1818 ταῖς

57 1860 99 1892 20
122 1834 412 1911 ἁμαρτίαις
464 1834 671 1910 ἡμῶν“”
750 1839 842 1893 καὶ
874 1834 1084 1903 “αύτὸς
1124 1835 1218 1904 τὰς
1271 1833 1538 1911 ἁμαρτίας
1575 1835 1733 1911 ἡμῶν

120 1920 325 1996 φέρει.”
386 1926 470 1978 20.
505 1923 700 1994 γε’γονε
730 1925 870 2021 γοῦν
899 1920 1038 1992 ὑπὲρ
1070 1918 1228 1994 ἡμῶν
1258 1921 1467 1992 κατάρα
1496 1920 1525 1977 ὁ
1557 1919 1726 1994 ἀμνὸς
1751 1948 1841 1990 (467)

120 2010 220 2064 τοῦ
248 2010 388 2063 θεοῦ
417 2004 446 2062 5
478 2016 652 2077 αἴρων
681 2005 783 2078 τὴν
813 2002 1086 2078 αμαρτίαν
1116 2009 1217 2062 τοῦ
1246 2004 1480 2073 κόσμου·
1542 2002 1607 2062 ὃν
1637 2008 1730 2062 καὶ

120 2089 195 2164 μὴ
235 2089 440 2162 γνόντα
478 2089 752 2162 ἁμαρτίαν
795 2089 824 2147 5
873 2089 1004 2157 θεὸς
1054 2089 1198 2162 ὑπερ
1249 2087 1406 2164 ἡμῶν
1457 2086 1732 2163 ἁμαρτίαν

124 2171 442 2247 ἐποίησεν,”
481 2171 850 2248 ἄντίψνχον’
817 2177 958 2246 νπὲρ
990 2198 1216 2232 παντων
1245 2171 1402 2248 ἡμῶν
1432 2178 1731 2247 προέμενος

372 2255 433 2281 “p

57 2282 99 2316 25
124 2257 326 2329 αὑτὸν,
419 2264 511 2315 ίνα
562 2258 717 2331 ἡμεις
762 2258 1068 2368 γενώμεθα
1116 2259 1444 2332 δικαιοσύνη
1488 2263 1625 2316 θεοῦ
1673 2263 1733 2316 ἐν

123 2343 285 2418 αὐτῷ.
289 2340 316 2362 ”
381 2341 504 2400 ἄλλ
540 2346 656 2400 ἐπεὶ
687 2346 780 2400 καὶ
812 2348 872 2400 ἐν
900 2339 1199 2415 ὁμοιώματι
1230 2343 1432 2415 σαρκὸς
1463 2339 1729 2414 ἁμαρτίας

79 2427 418 2499 γενόμενος
459 2429 747 2497 κατέκρινε
788 2426 888 2498 τὴν
926 2423 1199 2498 ἁμαρτίαν
1233 2431 1291 2483 ἐν
1320 2430 1388 2500 τῇ
1418 2429 1610 2495 σαρκὶ,
1656 2431 1728 2482 εἰ-

123 2509 294 2575 κότως
326 2513 659 2582 προφέρεται
689 2508 755 2566 τὰ
788 2513 1086 2582 ἐκκείμενα.
1156 2515 1238 2566 21.
1273 2507 1355 2566 ὅτι
1388 2511 1447 2566 δὲ
1477 2510 1572 2575 τὰς
1603 2506 1728 2582 ἡμε-

122 2599 280 2662 τέρας
324 2590 590 2666 ἁμαρτίας
645 2592 1072 2665 ἐξοικειούμενος
1115 2592 1206 2650 διὰ
1253 2593 1355 2666 τὴν
1404 2594 1539 2663 πρὸς
1588 2590 1730 2666 ἡμᾶς

60 2708 101 2740 30
124 2676 345 2750 ἀγάπην
375 2680 466 2734 καὶ
506 2685 941 2752 φιλανθρωπίαν
979 2676 1153 2735 ταῦτα
1192 2697 1393 2750 φησιν,
1438 2681 1559 2750 ἑξῆς
1589 2678 1730 2735 ὑπο·
1756 2706 1776 2737 ι)

241 2873 291 2911 15
324 2873 348 2910 2
381 2871 483 2913 Cor.
515 2874 554 2922 5,
588 2873 654 2912 21.

682 2945 686 2948 ’
1334 2940 1443 2991 40*
