1992 3186
254 98 360 153 550
938 99 1185 142 EUSEBH

759 352 892 412 Ἀπό
924 357 1024 412 τοῦ
1054 361 1348 430 Ζαχαρίου.

401 479 476 528 IV.
534 464 563 485 ‘⁶
595 469 811 542 Τέρπου
861 469 954 525 καὶ
1005 464 1344 542 εὐφραίνου,
1395 467 1639 546 θύγατερ
1683 471 1859 544 Σιών,

255 550 394 609 διότι
436 551 558 608 ι’δού
606 551 711 625 ἐγώ
754 558 1006 628 ἔρχομαι,
1049 555 1140 610 καὶ
1181 552 1588 626 κατασκηνῶσω
1621 559 1682 613 ἐν
1710 558 1858 634 μέσῳ

254 656 386 710 σου,
431 637 577 708 λέγει
618 635 836 710 κύριος,
890 639 981 695 καὶ
1024 635 1464 710 καταφεύξονται
1503 645 1643 712 ἔθνη
1685 640 1860 698 πολλὰ

153 745 240 788 [254]
264 722 350 778 ἐπὶ
383 719 479 780 τὸν
509 719 705 796 κύριον
739 725 797 780 ἐν
819 728 885 796 τῇ
916 718 1092 798 ἡμέρα
1124 725 1339 797 ἐκείνῃ,
1384 724 1476 780 καὶ
1508 730 1726 782 ἔσονται
1756 721 1860 781 αὖ·
1882 748 1902 781 5

253 811 329 882 τῷ
363 811 441 872 εἰς
474 803 642 879 λαὸν,
676 808 767 864 καὶ
792 804 1320 880 κατασκηνῶσουσιν
1347 810 1406 864 ἐν
1435 808 1584 885 μέσῳ
1616 826 1738 882 σου,
1769 811 1862 866 καὶ

254 888 535 965 ἐπιγνῶσῃ
577 888 660 948 ὅτι
710 889 898 966 κύριος
941 889 1338 966 παντοκράτωρ
1391 894 1757 960 ἐξαπέσταλκέ
1793 917 1862 968 με

252 974 391 1050 πρὸς
422 972 543 1032 σε’.”

380 1063 428 1117 2.
492 1062 603 1118 Καὶ
661 1057 799 1134 μεθ’
861 1063 1020 1135 ἕτερα
1079 1068 1309 1118 πλεῖστα
1367 1059 1571 1133 μεταξύ
1625 1063 1863 1135 ἐπιλέγει

201 1139 437 1218 (ι”χαῐρε
477 1143 723 1220 σφόδρα,
764 1143 1012 1218 θύγατερ
1056 1144 1241 1217 Σιών,
1297 1143 1571 1217 κήρυσσε,
1612 1144 1859 1219 θύγατερ
1884 1171 1924 1203 10

242 1227 628 1303 Ἰερουσαλὴμ,
674 1230 802 1286 ἰδοὺ
832 1225 859 1286 ὃ
884 1227 1146 1302 βασιλεύς
1170 1248 1272 1287 σου
1297 1234 1519 1303 ἔρχεταί
1537 1248 1623 1288 σοι
1649 1235 1859 1298 δίκαιος

252 1315 343 1370 καὶ
376 1311 597 1386 σῶζων,
630 1311 796 1380 αὐτὸς
828 1312 1007 1388 πραῢς
1038 1316 1131 1371 καὶ
1163 1313 1506 1388 ἐπιβεβηκὼς
1539 1316 1627 1372 ἐπὶ
1658 1310 1860 1384 ὑποζύ-

251 1421 374 1468 γιον
415 1400 506 1454 καὶ
547 1402 735 1455 πῶλον
773 1401 928 1456 νέον·
981 1400 1072 1456 καὶ
1120 1398 1506 1472 ἐξολοθρεύσει
1547 1395 1765 1472 ἅρματα
1806 1402 1860 1468 ἐξ

247 1479 511 1556 Ἐφραῒμ,
553 1484 644 1540 καὶ
687 1487 859 1541 ἵππον
906 1486 959 1552 ἐξ
984 1481 1369 1557 Ἰερουσαλὴμ,
1413 1486 1506 1540 καὶ
1538 1486 1859 1558 έξολοθρευ·

251 1567 486 1639 θήσεται
535 1566 693 1635 τόξον
747 1567 1072 1641 πολεμικὸν,
1126 1564 1219 1625 καὶ
1269 1570 1484 1641 πλῆθος
1538 1567 1762 1643 εἰρήνης
1804 1571 1857 1636 ἐξ
1881 1591 1922 1624 15

255 1653 455 1708 ἐθνῶν.
519 1654 611 1708 καὶ
653 1651 905 1727 κατάρξει
947 1649 1054 1710 ἀπὸ
1085 1650 1371 1725 θαλάσσης
1418 1655 1519 1719 ἕως
1549 1651 1856 1726 θαλάσσης,

257 1737 349 1792 καὶ
381 1734 488 1792 ἀπὸ
521 1740 784 1810 ποταμῶν
817 1734 892 1794 δι’
931 1736 1159 1809 ἐκβολὰς
1190 1734 1343 1810 γῆς.”

377 1824 424 1877 3.
470 1824 653 1879 Ταῦτα
684 1823 812 1898 περὶ
841 1826 936 1894 τῆς
966 1828 1063 1879 τοῦ
1088 1824 1332 1895 σωτῆρος
1363 1817 1519 1893 ἡμῶν
1549 1827 1856 1894 παρουσίας

254 1910 530 1973 θεσπίσας
572 1908 664 1963 καὶ
705 1909 814 1963 νῦν
865 1902 894 1963 ὁ
948 1905 1139 1977 λόγος,
1179 1903 1307 1977 μεθ’
1375 1908 1533 1978 ἕτερα
1581 1907 1709 1978 περὶ
1762 1907 1856 1977 τῆς

258 1988 485 2062 ἐσχάτης
518 1988 842 2063 ἐρημώσεως
874 1993 967 2061 τῆς
994 1985 1366 2060 Ἰερουσαλὴμ,
1397 1989 1518 2045 τοτὲ
1545 1989 1648 2061 μὲν
1681 1992 1857 2047 ε’πικε-
1879 2013 1922 2045 20

255 2076 582 2146 κρυμμένως
613 2075 704 2130 καὶ
749 2070 824 2130 δι’
859 2071 1227 2146 αἰνιγμάτων,
1274 2073 1395 2129 τοτὲ
1428 2073 1487 2129 δὲ
1529 2069 1856 2140 άκαλύπτως

143 2179 231 2220 (408)
256 2154 569 2230 ἀναφωνεῖ·
613 2157 686 2213 δι’
732 2155 1071 2230 αἰνιγμάτων
1109 2157 1213 2230 μὲν
1245 2160 1304 2214 ἐν
1335 2153 1416 2224 οἷς
1447 2174 1584 2230 φησι
1608 2153 1858 2215 “andva-

253 2243 347 2308 ξον
377 2239 404 2298 ὁ
439 2247 683 2313 Λίβανος
714 2239 809 2308 τὰς
840 2240 1019 2308 πύλας
1051 2259 1185 2313 σου,
1229 2243 1319 2298 καὶ
1352 2245 1712 2314 καταφαγέτω
1744 2246 1855 2315 πῦρ

251 2323 346 2391 τὰς
379 2327 611 2399 κέδρους
653 2345 769 2384 σου.
833 2323 1142 2394 ὀλολυξάτω
1185 2332 1374 2398 πίτυς,
1422 2323 1562 2382 διότι
1603 2330 1856 2383 πέπτωκε

251 2411 475 2484 κέδρος,
534 2409 675 2468 διότι
712 2409 964 2485 μεγάλως
1017 2413 1339 2484 μεγιστᾶνες
1382 2408 1851 2483 ἐταλαιπώρησαν.
1877 2432 1919 2465 25

251 2492 547 2562 ὀλολύξατε
589 2494 756 2570 δρύες
800 2499 896 2568 τῆς
934 2499 1330 2567 Βασανίτιδος,
1373 2490 1455 2551 ὄτι
1495 2492 1854 2567 κατεσπάσθη

250 2576 279 2635 ὁ
313 2579 519 2653 δρυμὸς
549 2578 578 2636 ὁ
610 2579 909 2654 σύμφυτος.
971 2577 1131 2653 φωνὴ
1161 2577 1529 2652 θρηνούντων
1558 2582 1855 2652 ποιμένων,

251 2659 334 2719 ὅτι
383 2663 864 2739 τεταλαιπῶρηκεν
910 2664 942 2737 ἡ
993 2661 1360 2738 μεγαλωσύνη
1413 2663 1623 2719 αὐτῶν·
1693 2660 1854 2735 φωνὴ

365 2858 389 2895 2
420 2857 558 2898 Zach.
584 2860 623 2909 2,
650 2860 714 2900 10.
892 2861 942 2899 10
972 2859 1110 2900 Zach.
1136 2861 1175 2910 9,
1200 2859 1238 2898 9.
1412 2858 1465 2897 22
1496 2857 1632 2898 Zach.
1658 2857 1724 2908 11,
1751 2857 1788 2895 1.
