1992 3186
248 139 353 191 242
945 138 1190 180 EUSEBH

247 253 506 328 αὕτοφῶς
536 254 734 327 νοερὸν
764 256 852 312 καὶ
883 252 987 311 ὅσα
1017 251 1155 311 ἅλλα
1195 263 1672 329 προκατείλεκται,
1715 279 1862 314 παν-

247 339 338 407 τὰς
368 364 435 397 ου
471 336 523 396 δ’
557 337 628 396 ἂν
659 337 925 411 ἐφάψοιτο
957 340 1137 414 ἐνθέςο
1167 341 1260 395 καὶ
1289 337 1562 418 άσωμάτω
1599 339 1855 414 δυνάμει,

250 429 345 497 ζῆν
367 428 528 481 τοῦτο
559 422 771 495 ἀνάγκη
801 424 893 479 καὶ
920 420 1028 479 σύν
1058 400 1259 499 λογικῷ
1285 421 1498 496 διάγειν
1520 431 1678 498 φωτί,
1726 423 1855 482 ταύ-

246 533 313 583 τῃ
343 531 427 565 τοι
451 509 542 563 καὶ
561 525 809 580 σωματος
833 531 900 563 ου
926 504 975 563 δ’
1012 501 1082 563 ὂὶν
1108 504 1391 579 ἐφάψοιτο,
1415 506 1672 581 ἡγίασται
1693 512 1855 566 τοῦτο

248 594 340 649 καὶ
370 589 709 664 πεφώτισται
739 589 966 663 αὐτίκα,
998 589 1147 648 πᾶσά
1177 613 1236 647 τε
1265 589 1429 658 νόσος
1454 591 1604 669 αὐτῷΙ
1634 594 1726 650 καὶ
1756 591 1857 666 ‘3⁶9-
1879 615 1904 648 5

249 682 456 749 ρωστία
486 679 579 732 καὶ
606 673 783 732 πάνθ’
830 673 934 733 ὅσα
963 670 1336 743 ὑπεξίσταται.
1401 679 1481 733 10.
1516 674 1856 750 ἀντιλαμβά-

248 784 334 818 νει
365 761 428 817 δὲ
460 763 555 832 τῆς
580 763 633 828 ἐξ
659 757 834 817 αὐτοῦ
862 757 1197 832 πληρώσεως
1227 761 1494 832 στέρησις.
1541 759 1685 818 οὕτω
1719 765 1858 832 δῆτα

207 878 224 900 c
249 847 340 902 καὶ
369 842 430 902 τὸ
459 842 660 918 νεκρὸν
688 847 785 916 τῆς
814 847 913 901 τοῦ
943 842 1111 916 λόγου
1138 841 1429 916 δυνάμεως
1449 843 1649 918 μικρόν
1677 869 1728 902 τι
1759 841 1858 902 αὖ·

247 934 346 986 τοῦ
366 927 726 1001 ἐφαψάμενον
746 924 1069 1001 άνηγείρετο
1101 926 1433 1001 ζωούμενον,
1451 931 1543 986 καὶ
1563 928 1593 986 ὃ
1613 927 1858 996 θάνατος
1900 923 1907 926 “

246 1011 349 1086 τὴν
384 1012 527 1086 ζωὴν
558 1017 823 1086 ἔφευγεν,
858 1015 950 1069 καὶ
983 1014 1060 1089 τῷ
1088 1034 1153 1084 γε
1182 1014 1326 1085 φωτὶ
1355 1011 1416 1070 τὸ
1450 1011 1640 1080 σκότος
1673 1011 1859 1080 ἐξελύ-
1881 1035 1925 1067 10

249 1121 355 1170 ετο,
387 1096 447 1155 τό
477 1120 537 1154 τε
566 1099 824 1170 φθαρτὸν
853 1096 954 1170 τὴν
986 1095 1314 1170 ἀφθαρσίαν
1351 1095 1737 1155 ἐνεδιδύσκετο
1768 1099 1860 1154 καὶ

247 1181 307 1239 τὸ
339 1181 554 1254 θνητὸν
582 1179 685 1253 τὴν
715 1179 1051 1238 ἀθανασίαν.

200 1291 223 1323 d
369 1277 491 1326 XIV.
535 1267 646 1322 Καὶ
675 1271 735 1322 τί
757 1289 863 1338 γαρ
893 1262 1027 1322 άλλο
1050 1262 1196 1336 πλὴν
1225 1261 1254 1320 ὁ
1285 1266 1391 1330 πᾶς
1421 1262 1747 1343 ανθρωπος
1750 1261 1860 1323 ὑπὸ

248 1353 345 1422 τῆς
375 1348 638 1422 θεότητος
668 1355 988 1406 κατεπίνετο
1006 1394 1022 1422 ,
1063 1350 1155 1404 καὶ
1195 1346 1365 1406 πάλιν
1403 1348 1536 1416 θεὸς
1566 1341 1637 1421 ἦν
1666 1345 1694 1406 ὃ
1725 1349 1861 1415 θεὸς

249 1433 410 1507 λόγος
450 1430 563 1500 οἶος
604 1435 694 1490 καὶ
736 1434 870 1506 πρὶν
900 1434 1165 1505 γενέσθαι
1202 1429 1531 1507 ἄνθρωπος,
1563 1435 1656 1491 καὶ
1687 1452 1861 1491 συνα-
1882 1453 1927 1486 15

250 1520 460 1576 πεθέου
490 1542 554 1590 γε
583 1517 680 1575 τὸν
709 1515 1016 1590 ἄνθρωπον
1038 1513 1293 1588 άπαρχὴν
1315 1520 1410 1589 τῆς
1433 1514 1592 1591 ἡμῶν
1616 1521 1857 1589 ἐλπίδος,

250 1606 446 1660 τοῦτον
477 1598 647 1659 αὐτὸν
678 1605 795 1659 ἐκεῖ
819 1604 913 1674 τῆς
941 1624 1000 1659 τε
1031 1598 1166 1676 παρ’
1200 1597 1350 1678 αὐτῷ
1380 1606 1516 1674 ζωῆς
1547 1598 1735 1659 άϊδίου
1766 1603 1860 1658 καὶ

250 1690 345 1759 τῆς
378 1689 438 1744 ἐν
475 1688 545 1760 τῇ
572 1684 794 1758 θεότητι
825 1688 919 1743 καὶ
949 1683 1306 1759 μακαριότητι
1345 1692 1640 1751 κοινωνίας
1669 1682 1858 1756 άξιῶν,
1904 1705 1921 1717 *

251 1768 384 1844 ἡμῖν
413 1794 472 1827 τε
500 1766 702 1843 ὁμοίως
731 1766 904 1827 ἅπασι
933 1773 1029 1843 τῆς
1070 1768 1198 1843 παρ’
1253 1767 1403 1845 αὐτῷ
1442 1771 1534 1826 καὶ
1571 1767 1679 1826 σύν
1710 1767 1859 1845 αὐτῷ

250 1852 563 1920 ἀθανασίας
603 1877 664 1911 τε
704 1857 796 1911 καὶ
836 1859 1119 1926 βασιλείας
1157 1858 1317 1910 τοῦτο
1355 1854 1616 1925 μέγιστον
1660 1858 1859 1926 δεῖγμα
1881 1872 1923 1905 20

251 1941 537 2012 παρέχων;

137 2047 227 2087 (171)
377 2033 478 2082 XV.
530 2027 702 2078 Τοῦτο
731 2023 827 2091 τῆς
859 2026 936 2087 εἰς
966 2017 1304 2093 ἀνθρώπους
1334 2017 1574 2092 ἀφίξεως
1598 2022 1750 2087 τέλος
1767 2013 1857 2093 ἦν,

141 2130 229 2171 [109]
250 2103 347 2162 τὸν
377 2103 545 2161 πάλαι
574 2110 669 2177 τῆς
699 2107 797 2161 τοῦ
815 2103 1018 2177 πατρὸς
1040 2102 1298 2176 γνώσεως
1321 2101 1857 2176 ἀποπεπλανημένον

204 2213 225 2244 ι)
253 2195 330 2256 εἰς
368 2187 471 2261 τὴν
510 2194 722 2246 οἰκείαν
764 2190 1164 2260 ἐπαναγαγεῖν,
1209 2191 1301 2245 καὶ
1339 2186 1436 2245 τὸν
1476 2191 1719 2261 συγγενῆ
1762 2190 1855 2244 καὶ

251 2280 420 2345 φίλον
449 2278 543 2344 τῆς
573 2295 632 2329 τε
662 2270 835 2329 αὐτοῦ
857 2275 1263 2345 κατηξιωμένον
1288 2269 1498 2338 εἰκόνος
1523 2275 1619 2343 τῆς
1647 2276 1854 2339 οἰκείας
1878 2289 1920 2323 25

251 2355 564 2414 ἀπολαῦσαι
604 2359 768 2429 ζωῆς,
813 2362 979 2429 φίλον
1023 2379 1082 2413 τε
1120 2360 1212 2414 καὶ
1256 2362 1467 2414 οἰκεῖον
1508 2357 1607 2412 τοῦ
1652 2353 1856 2427 πατρὸς

250 2438 536 2514 άποφῆναι
564 2445 778 2511 τοῦτον,
812 2436 887 2496 δι’
919 2436 985 2498 ὃν
1007 2439 1170 2508 αὐτὸς
1189 2439 1218 2498 ὁ
1249 2442 1351 2497 τοῦ
1369 2441 1510 2496 θεοῦ
1535 2437 1694 2510 λόγος
1718 2436 1857 2495 ὑπέ-

251 2545 351 2598 στη
382 2527 645 2597 γενέσθαι
667 2523 978 2596 ἅνθρωπος.
1039 2529 1087 2582 2.
1121 2523 1265 2581 οὕτω
1290 2528 1446 2594 δῆτα,
1479 2518 1552 2588 ὥς
1578 2525 1637 2579 ἐν
1659 2529 1860 2596 βραχεῖ’

251 2608 453 2681 φάναι,
495 2605 529 2680 ἡ
561 2607 698 2666 κατὰ
727 2606 823 2666 τὸν
854 2614 1074 2681 σωτῆρα
1115 2609 1204 2664 καὶ
1236 2605 1430 2677 κύριον
1458 2604 1615 2679 ἡμῶν
1640 2602 1854 2678 Ἰησοῦν

251 2692 347 2749 τὸν
372 2692 611 2765 Χριστὸν
640 2689 938 2763 ὑπόθεσις,
983 2691 1254 2764 διάφορον
1283 2695 1483 2762 ἔχουσα
1511 2689 1614 2762 τὴν
1642 2695 1851 2746 οἰκονο-
1873 2706 1918 2739 30

252 2782 417 2848 μίαν,
467 2780 525 2832 ἐκ
567 2780 678 2834 τῶν
716 2772 849 2848 παρ’
885 2772 1156 2850 Εβραίοις
1195 2771 1600 2845 παραστήσεται
1641 2794 1851 2845 προφη-

203 2892 221 2914 c
252 2883 421 2917 τικων
450 2858 658 2932 λόγων,
692 2858 876 2933 ω’σπερ
900 2883 1003 2917 ουν
1023 2856 1219 2932 μικρὸν
1243 2856 1478 2932 ὕστερον
1501 2861 1563 2914 αι
1583 2859 1635 2923 ἐξ
1667 2854 1852 2912 αὐτῶν
