1992 3186
570 134 880 178 DEMONST.
914 135 1135 178 EVANG.
1170 137 1227 180 x.
1260 138 1297 180 1.
1621 135 1725 188 625

118 254 305 326 μένοις
344 259 593 324 Ψαλμοῖς
622 247 731 307 ὑπὸ
761 256 858 308 τοῦ
883 248 1087 324 Ἀσάφ·
1141 249 1208 307 τά
1251 251 1312 308 δὲ
1353 249 1587 326 δεύτερα
1617 251 1724 310 ἀπὸ

115 339 217 394 ’τοῦ
250 338 661 408 ἑβδομηκοστοῦ
691 331 894 407 ὀγδόου
940 338 1243 410 ἐπληροῦτο
1284 335 1420 393 κατὰ
1449 335 1577 403 τοῦς
1599 334 1726 395 Ἀν-

118 419 305 494 τιόχου
346 419 608 493 χρόνους,
654 425 752 477 τοῦ
790 422 1092 492 κληθέντος
1129 417 1490 494 Ἐπιφανοῦς,
1531 418 1591 488 ὃς
1629 427 1726 494 τῆς

122 510 337 578 Συρίας
390 503 724 577 βασιλεύσας
774 501 1043 575 ὑπάγεται
1093 505 1196 576 μὲν
1245 506 1311 562 τὰ
1353 504 1724 580 Ἱεροσόλυμα,

78 615 98 647 5
121 595 327 663 μιαίνει
369 591 430 646 δὲ
469 588 566 646 τὸν
603 588 742 646 ναὸν
781 590 874 644 καὶ
914 598 1180 662 καθαιρεῖ
1215 587 1275 646 τὸ
1304 589 1727 665 θυσιαστήριον,

123 679 308 732 ἔπειτα
332 672 459 739 τούς
486 671 790 739 Ἰουδαίους
817 674 1122 746 ἑλληνίζειν
1155 673 1548 747 ἐπαναγκάζων
1579 681 1730 732 πλεί-
1787 722 1791 726 .

123 776 287 824 στους
326 756 491 824 ὅσους
537 754 723 815 αὐτῶν
773 754 982 830 ἄνδρας
1033 781 1093 814 τε
1144 759 1236 814 καὶ
1278 773 1547 831 γυναῖκας
1585 758 1729 833 ὑπὲρ

121 847 220 900 τοῦ
280 849 489 900 οἰκείου
558 841 732 916 νόμου
801 844 892 898 καὶ
961 844 1057 914 τῆς
1129 841 1386 920 πατρςόας
1447 841 1731 917 εὐσεβείας

122 923 344 1002 ἀνῄρει,
386 933 660 993 ποικίλαις
689 925 1134 1001 προαικιζόμενος
1163 933 1465 1001 τιμωρίαις.
1530 933 1610 986 11.
1656 935 1733 997 εἰς

60 1037 101 1069 10
126 1015 342 1069 ἐκεῖνον
388 1014 684 1086 τοιγαροῦν
734 1008 832 1068 τὸν
872 1008 1069 1086 καιρὸν
1131 1013 1222 1068 καὶ
1276 1018 1353 1079 εἰς
1419 1010 1547 1080 τοῦς
1597 1012 1732 1086 μετὰ

105 1099 294 1153 ταῦτα
335 1119 409 1172 τῳ
458 1093 715 1172 Ἀντιόχῳ
766 1094 832 1152 τὰ
882 1104 974 1152 ἴσα
1014 1094 1326 1171 πράξαντας
1379 1093 1668 1170 άναφωνεῑ
1706 1095 1735 1155 ὁ

118 1177 294 1252 Ἀσάφ
347 1178 413 1236 τοὶ·
455 1177 564 1237 ’άπὸ
610 1184 709 1238 τοῦ
763 1181 1176 1253 ἑβδομηκοστοῦ
1226 1179 1433 1253 ὀγδόου
1483 1188 1734 1255 Ψαλμοῦ.

125 1279 398 1338 μαρτυρεῖ
425 1265 486 1321 δὲ
534 1268 613 1342 τῷ
663 1262 807 1341 λόγῳ
847 1260 880 1337 ἡ
924 1269 1037 1323 τῶν
1089 1269 1450 1339 καλουμένων
1503 1274 1736 1324 Μακκα-

127 1354 306 1420 βαίων
335 1348 556 1422 γραφὴ,
587 1353 784 1407 τοῦτον
815 1357 1016 1422 ἔχουσα
1045 1346 1141 1407 τὸν
1170 1348 1379 1422 τρόπον
1400 1347 1531 1408 “καὶ
1563 1368 1735 1426 προσ-

62 1458 104 1491 15
129 1433 588 1506 ἐπισυνήχθησαν
627 1432 762 1508 πρὸς
796 1431 1065 1507 Ἰάκειμον
1105 1437 1196 1491 καὶ
1237 1441 1521 1508 Βακχίδην
1561 1453 1737 1494 συνα-

126 1515 279 1590 γωγὴ
310 1522 676 1591 γραμματέων
708 1520 1002 1591 ἐκζητοῦσα
1046 1515 1282 1575 δίκαια.”
1355 1523 1435 1577 12.
1486 1521 1578 1576 καὶ
1614 1521 1737 1592 ἑξῆς

121 1603 361 1674 ἐπιλέγει
396 1601 528 1659 “noel
561 1600 776 1676 ὤμοσεν
822 1600 1008 1669 αὐτοῖς
1053 1605 1262 1676 λέγων,
1310 1599 1411 1660 οὐκ
1454 1602 1737 1676 ἐκζητήσο,

127 1709 230 1760 μεν
259 1684 396 1759 ὑμῖν
426 1685 597 1745 κακὸν
626 1690 718 1744 καὶ
746 1701 860 1753 τοῖς
890 1693 1072 1759 φίλοις
1093 1687 1276 1760 ὑμῶν·
1309 1689 1400 1744 καὶ
1426 1691 1739 1745 ἐνεπίστευ-

129 1789 236 1828 σαν
280 1769 454 1847 αὐτῷ·
517 1773 608 1828 καὶ
660 1773 969 1842 συνέλαβεν
1011 1774 1062 1839 ἐξ
1107 1768 1293 1828 αὐτῶν
1335 1770 1597 1844 ἐξήκοντα
1638 1771 1738 1830 ἄν·

65 1880 108 1912 20
131 1860 284 1928 δρας,
317 1857 408 1911 καὶ
439 1853 763 1913 ἀπέκτεινεν
795 1853 999 1922 αὐτοῦς
1033 1859 1091 1913 ἐν
1121 1852 1300 1931 ἡμέρᾳ
1339 1860 1436 1931 μιᾷ
1467 1856 1603 1913 κατὰ
1642 1855 1740 1914 τὸν

130 1938 295 2012 λόγον
321 1936 493 2012 Ἀσοὶφ
533 1936 599 1997 ὃν
630 1947 900 2014 ἔγραψεν,
946 1945 1162 1998 ἔδωκαν
1191 1939 1256 1997 τὰ
1287 1950 1597 2013 θνησιμαϊα
1627 1945 1741 1997 τῶν

134 2021 354 2081 δούλων
393 2041 495 2081 σου
537 2024 800 2099 βρώματα
839 2037 954 2092 τοϊς
1005 2038 1277 2091 πετεινοῖς
1329 2030 1427 2082 τοῦ
1474 2023 1738 2099 οὐρανοῦ,

131 2107 336 2180 σάρκας
367 2104 537 2166 ὁσίων
569 2127 671 2166 σου
700 2122 817 2175 τοῖς
849 2107 1001 2185 ζῴοις
1031 2112 1128 2182 τῆς
1159 2113 1288 2182 γῆς,
1322 2114 1522 2183 αι’ματα
1554 2107 1742 2167 αὐτῶν
1767 2146 1778 2163 1

134 2194 352 2266 ἐξέχεαν
383 2193 570 2270 κύκλῳ
591 2193 976 2267 Ἰερουσαλὴμ,
1019 2196 1112 2251 καὶ
1157 2192 1259 2251 οὐκ
1297 2196 1368 2266 ἠν
1397 2193 1425 2251 ὁ
1458 2191 1739 2252 θάπτων.”

70 2281 218 2333 2513.
277 2275 491 2335 τούτων
535 2275 678 2335 οῦτω
721 2280 1155 2352 προρρηθέντων
1199 2280 1290 2335 καὶ
1338 2277 1743 2335 ἀποτελεσθέν-

134 2384 247 2418 των
276 2358 343 2418 οῦ
377 2361 708 2434 θαυμαστὸν
740 2368 791 2419 εἰ
828 2360 965 2418 κατὰ
999 2361 1095 2419 τὸν
1126 2355 1296 2418 αὐτὸν
1327 2361 1532 2434 τρόπον
1563 2361 1742 2418 καὶτὰ

137 2447 543 2518 προεκτεθέντα
571 2449 670 2502 τοῦ
706 2448 1147 2518 τεσσαρακοστοῦ
1184 2448 1418 2518 Ψαλμοῦ
1458 2445 1615 2517 λόγια
1646 2464 1746 2517 ση-

138 2534 322 2600 μαίνει
352 2526 418 2583 vo}
447 2531 714 2599 μέλλοντα
747 2535 974 2586 ἔσεσθαι
1006 2528 1142 2586 κατὰ
1172 2529 1269 2586 τὸν
1299 2527 1494 2601 καιρὸν
1523 2535 1618 2600 τῆς
1648 2532 1748 2587 τοῦ

141 2614 382 2686 σωτῆρος
412 2608 569 2683 ἡμῶν
586 2615 899 2685 ἐπιβουλῆς,
926 2610 1067 2686 ἅπερ
1083 2613 1157 2686 μὴ
1178 2612 1403 2671 πάντων
1426 2611 1747 2686 ἀνθρώπων

75 2720 118 2751 30
143 2698 472 2766 συνιέντων,
505 2693 653 2762 ὅπως
688 2695 846 2769 λόγος
888 2693 966 2754 ὢν
998 2703 1136 2754 θεοῦ
1177 2700 1267 2754 καὶ
1301 2705 1470 2771 σοφία
1509 2699 1599 2754 καὶ
1640 2697 1747 2770 ζωὴ

259 2891 310 2929 14
343 2891 363 2929 1
397 2890 544 2932 Maec.
579 2891 618 2939 7,
654 2891 718 2929 12.

228 2971 460 3000 EUSEBIUS
493 2972 568 3004 111.
1427 2960 1497 3011 40
