1992 3186
271 140 376 192 690
713 142 1140 184 FRAGMENTUM
1171 142 1418 185 EUSEBH

269 250 371 331 μὲν
401 257 733 332 ἠπατημένῳ
775 259 902 329 περὶ
942 255 1046 330 τὴν
1075 259 1176 314 τοῦ
1204 264 1333 330 βίου
1374 266 1687 331 φαντασίαν
1719 266 1882 332 βασι-

271 349 358 400 λεῖ
386 344 477 399 καὶ
509 341 611 413 τὴν
640 345 754 398 τῶν
785 344 1071 414 αἰσθητῶν
1113 338 1202 398 οἶα
1232 341 1536 415 χρωμάτων
1576 342 1878 416 ὡραιότητα

274 429 361 483 ε’πὶ
404 428 621 498 γραφῆς
661 421 1025 498 ἀνακειμένης
1066 425 1407 498 θαυμάζοντι
1457 424 1629 484 εἰκόνι
1670 428 1878 503 μεγάλῃ

270 509 367 567 τὸν
397 508 623 567 πάντων
653 507 973 583 ἀνθρώπων
1004 507 1318 579 ἀπεικάζειν
1349 516 1495 582 βίον,
1526 509 1623 567 τὸν
1656 512 1714 568 δὲ
1745 536 1880 583 προ-

270 592 455 667 φήτην
495 594 591 651 τὸν
633 593 812 653 πολὺν
842 597 932 651 καὶ
973 597 1149 668 μέγαν
1179 593 1351 652 σάλον
1380 597 1478 652 τοῦ
1516 601 1643 667 βίου
1673 595 1879 670 μεγάλῃ
1903 620 1923 652 5

269 678 530 754 θαλάσσῃ
563 677 969 751 παραβάλλειν·
1017 681 1108 736 καὶ
1138 680 1215 755 τῷ
1243 678 1346 751 μὲν
1370 685 1591 751 βασιλεῖ
1611 677 1706 746 τάς
1736 677 1884 751 παρὰ

270 761 593 836 ἀνθρώποις
605 771 924 830 πολυτελεῖς
946 763 1246 836 γενομένας
1269 760 1404 830 ὕλας
1428 766 1639 837 χρυσοῦ
1667 764 1758 820 καὶ
1790 760 1883 837 άρ-

269 846 446 920 γύρου
485 852 692 921 χαλκοῦ
733 871 792 904 τε
837 849 929 904 καὶ
971 846 1203 920 σιδήρου
1244 846 1586 921 θαυμάζοντι
1623 845 1717 914 τὰς
1748 847 1882 904 κατὰ

268 930 503 1006 χρόνους
547 934 606 990 ἐν
635 934 713 1009 τῷ
742 938 847 1008 βίω
877 935 989 989 τῶν
1028 929 1349 1005 ἀνθρώπων
1382 935 1690 1006 ἐπικρατεῖς
1722 937 1884 1004 βασι-

268 1022 420 1083 λείας
449 1014 673 1083 ταύταις
704 1013 1015 1090 ἀφομοιοῦν
1043 1028 1162 1082 ταῖς
1193 1013 1380 1089 ὕλαις,
1420 1019 1498 1093 τῷ
1530 1017 1590 1073 δὲ
1621 1014 1879 1090 προφήτῃ
1906 1040 1945 1071 10

271 1105 331 1158 ἐν
361 1115 600 1175 μορφαῖς
631 1108 854 1174 θηρίων
885 1099 981 1167 τάς
1012 1098 1182 1168 αὐτάς
1214 1107 1499 1173 βασιλείας
1530 1098 1882 1173 καταλλήλως

265 1189 341 1262 τῷ
385 1188 480 1257 τῆς
521 1181 691 1259 ἀρχῆς
733 1185 917 1262 τρόπω
963 1183 1400 1258 διαγράφεσθαι·
1458 1187 1549 1242 καὶ
1596 1183 1766 1243 πάλιν
1805 1187 1884 1262 τῷ

265 1270 368 1343 μὲν
401 1276 621 1342 βασιλεῖ
650 1272 788 1343 μέγα
821 1268 892 1336 ὡς
926 1269 1068 1336 εἰκὸς
1115 1266 1209 1342 ἐφ’
1245 1272 1422 1346 ἑαυτῷ
1454 1273 1758 1344 φρονοῦντι
1790 1270 1881 1326 καὶ

266 1351 716 1430 άλαζονευομένῳ
751 1357 838 1411 ἐπὶ
868 1357 937 1428 τῇ
965 1357 1077 1411 τῶν
1107 1352 1399 1427 προγόνων
1423 1359 1676 1429 βασιλείᾳ
1707 1351 1740 1425 ἡ
1771 1355 1882 1411 τῶν

266 1437 607 1512 πραγμάτων
657 1438 932 1512 μεταβολὴ
987 1443 1302 1511 δείκνυται,
1356 1440 1447 1496 καὶ
1499 1441 1611 1495 τῶν
1655 1439 1742 1494 ἐπὶ
1783 1441 1881 1510 γῆς
1906 1457 1945 1488 15

270 1526 570 1596 βασιλειῶν
598 1523 658 1580 τὸ
690 1524 873 1596 τέλος,
907 1528 984 1589 εἰς
1016 1529 1347 1596 καθαίρεσιν
1374 1526 1473 1580 τοῦ
1515 1525 1575 1579 ἐν
1605 1519 1755 1598 αὐτῷ
1786 1521 1883 1578 τύ-

269 1631 412 1680 φου,
454 1610 547 1664 καὶ
590 1613 666 1674 εἰς
704 1606 763 1664 τὸ
810 1607 987 1681 μηδὲν
1026 1603 1287 1679 ἡγεῖσθαι
1329 1609 1559 1680 βέβαιον
1588 1606 1648 1664 τὸ
1693 1609 1753 1663 ἐν
1783 1603 1885 1664 άν-

267 1690 547 1766 θριόποις,
579 1686 613 1764 ἢ
643 1690 816 1765 μόνον
845 1691 905 1749 τὸ
939 1693 1028 1748 ἐπὶ
1058 1691 1284 1749 πάντων
1313 1694 1467 1758 τέλος
1496 1696 1591 1763 τῆς
1614 1693 1713 1748 τοῦ
1743 1692 1884 1748 θεοῦ

271 1782 580 1849 βασιλείας·
629 1782 858 1834 ἔσεσθαι
888 1775 993 1849 γὰρ
1027 1774 1161 1849 μετά
1192 1767 1293 1848 τὴν
1318 1775 1543 1849 πρώτην
1567 1773 1882 1846 Ἀσσυρίων

269 1856 475 1935 ἀρχὴν,
507 1858 579 1932 ἢν
607 1857 636 1918 ὁ
670 1859 871 1935 χρυσὸς
901 1859 1147 1935 ᾐνίξατο,
1182 1863 1448 1930 δευτέραν
1477 1857 1582 1929 τὴν
1610 1860 1723 1914 τῶν
1735 1865 1878 1929 Περ·
1902 1875 1943 1906 20

272 1948 415 2017 σῶν,
469 1943 571 2016 τὴν
623 1945 715 2001 διὰ
766 1948 866 2002 τοῦ
919 1942 1168 2017 αργύρου
1211 1944 1627 2014 δεδηλωμένην·
1694 1947 1880 1998 ε’πειτα

269 2034 462 2101 τρίτην
524 2027 627 2099 τὴν
684 2025 1037 2085 Μακεδόνων
1061 2070 1075 2098 ‚
1137 2022 1208 2097 ἣν
1268 2024 1296 2081 ὅ
1361 2025 1557 2099 χαλκὸς
1615 2023 1878 2098 ἐσήμανε·

269 2110 398 2185 μεθ’
437 2107 506 2183 ἢν
545 2110 810 2184 τετάρτην
851 2113 1214 2179 διαδέξασθαι
1253 2133 1364 2166 των
1397 2106 1704 2183 Ρωμαίων,
1746 2133 1883 2180 κρα-

268 2198 557 2267 ταιοτέραν
609 2214 786 2253 ουσαν
835 2198 948 2252 τῶν
986 2192 1090 2265 πρὸ
1134 2191 1333 2267 αὐτῆς,
1391 2192 1475 2251 διὸ
1522 2195 1614 2250 καὶ
1667 2192 1880 2271 σιδήρω

268 2278 672 2353 παρεβάλλετο
722 2289 904 2354 εἰρητο
933 2283 1074 2351 γοῦν
1103 2280 1195 2335 καὶ
1226 2280 1352 2350 περὶ
1383 2274 1571 2350 αὐτῆς,
1603 2279 1695 2333 καὶ
1726 2283 1880 2348 βασι·
1904 2295 1945 2327 25

269 2370 391 2423 λεία
435 2362 662 2437 τετάρτη
703 2369 854 2421 ἔσται
897 2360 1093 2437 ἰσχυρά
1136 2358 1208 2429 ὡς
1248 2367 1499 2435 σίδηρος·
1568 2359 1634 2419 ὃν
1674 2358 1880 2434 τρόπον

267 2447 296 2505 ὁ
328 2453 554 2522 σίδηρος
585 2447 843 2506 λεπτύνει
875 2450 966 2504 καὶ
1000 2445 1223 2520 δαμάζει
1254 2444 1465 2519 πάντα,
1497 2444 1671 2511 οὕτως
1701 2443 1879 2502 πάντα

266 2540 533 2591 λεπτυνεῖ
558 2535 649 2589 καὶ
683 2531 941 2606 δαμάσει·
1000 2533 1091 2588 καὶ
1123 2530 1257 2604 μετὰ
1287 2530 1384 2596 τὰς
1417 2531 1705 2604 εἰρημένας
1737 2524 1881 2586 άπά-

267 2636 365 2682 σας
405 2616 508 2688 τὴν
549 2620 652 2674 τοῦ
695 2620 836 2674 θεοῦ
875 2621 1166 2688 βασιλείαν
1210 2614 1300 2672 διὰ
1340 2618 1439 2672 τοῦ
1486 2619 1879 2687 συντρίβοντος

268 2701 372 2771 τὴν
403 2705 589 2758 πᾶσαν
621 2699 809 2758 εἰκόνα
839 2706 1006 2757 λίθου
1046 2700 1485 2773 παρισταμένην·
1545 2699 1637 2754 καὶ
1678 2695 1707 2754 ὁ
1739 2718 1877 2770 προ-
1899 2718 1940 2751 30

269 2783 443 2856 φήτης
465 2783 679 2842 τούτων
702 2781 1027 2851 ἀκολούθως
1050 2781 1152 2856 τὴν
1178 2785 1265 2840 ἐπὶ
1290 2785 1432 2840 τέλει
1462 2786 1560 2839 τοῦ
1591 2784 1702 2839 τῶν
1732 2777 1878 2838 ὅλων

268 2869 410 2925 θεοῦ
439 2873 727 2939 βασιλείαν
758 2867 824 2926 οὐ
855 2867 1122 2942 πρότερον
1152 2877 1362 2941 θεωρεῖ
1389 2861 1421 2939 ἢ
1458 2864 1553 2933 τὰς
1589 2868 1878 2941 εἰρημένας
