1992 3186
562 101 870 144 DEMONST.
901 99 1122 143 EVANG.
1155 101 1234 143 1x.
1269 101 1336 144 15.
1641 99 1743 152 611

132 235 250 287 νος·
298 221 390 276 καὶ
419 215 485 275 οῦ
515 215 687 291 μόνον
719 215 966 290 κάλαμον
996 216 1462 291 συντετριμμένον
1487 212 1554 272 οὐ
1586 218 1742 274 κατέ-
1770 242 1792 276 b

133 307 290 376 αξεν,
329 300 486 374 ἄλλα,
531 307 581 358 εί
610 308 761 358 ἔστιν
794 307 1000 374 εἰπεῖν,
1043 303 1381 372 συνέδησεν,
1413 297 1743 374 ἀνορθώσας

132 391 224 446 καὶ
256 384 514 460 ἰσχυρούς
546 384 997 460 ἀπεργασάμενος
1027 384 1159 452 τούς
1200 383 1461 452 ἀσθενεῖς
1493 386 1584 442 καὶ
1614 384 1743 452 τοῦς

131 473 630 545 συντετριμμένους
682 469 784 542 τὴν
836 474 1088 542 καρδίαν.
1175 474 1220 526 7.
1264 466 1448 542 ὥσπερ
1503 469 1565 526 δὲ
1615 469 1744 538 τοὺς

88 582 108 614 5
129 553 392 622 ἀσθενεῖς
424 557 515 612 καὶ
546 554 792 629 σαθροὺς
835 556 926 610 καὶ
956 557 1051 626 τῆς
1082 551 1258 610 αὐτοῦ
1287 559 1591 627 θεραπείας
1625 559 1744 612 δεο-

130 643 330 715 μένους
361 638 428 697 οὐ
460 637 748 714 παρεώρα,
797 634 929 695 οὐδὲ
959 640 1363 710 μετανοοῦντας
1395 644 1745 712 κατακρίνων

130 728 475 797 συνέτριβεν,
507 721 680 789 οὕτως
710 721 842 780 οὐδὲ
872 719 1001 788 τοῦς
1030 735 1143 787 τοῖς
1175 735 1363 787 κακοῖς
1389 724 1745 795 ἐπιμένοντας

129 812 219 866 καὶ
249 808 359 867 ὑπὸ
400 812 512 866 τῶν
554 813 758 865 παθῶν
787 808 1136 879 τυφομένους
1169 809 1464 882 ἐσβέννυε,
1512 805 1746 865 κωλύων

128 892 277 965 παρα
307 893 411 966 τὴν
441 889 626 950 αὐτῶν
649 898 974 966 προαίρεσιν
1001 893 1268 964 ἐνεργεῖν,
1300 889 1432 947 οὐδὲ
1462 889 1574 964 μὴν
1597 892 1745 966 παρὰ

66 1005 106 1036 10
129 978 324 1052 καιρὸν
356 975 671 1050 ἐτιμωρεῖτό
700 1000 826 1033 τινα
857 974 1099 1047 τούτων,
1143 973 1246 1047 τὴν
1285 972 1405 1032 κατ’
1441 972 1602 1043 αξίαν
1641 975 1739 1034 αὗ-

127 1067 239 1120 τῶν
262 1061 491 1119 κόλασιν
511 1067 587 1127 εἰς
611 1059 707 1119 τόν
730 1063 824 1132 τῆς
848 1057 1096 1118 καθόλου
1110 1066 1344 1134 κρίσεως
1360 1058 1555 1161 καιρὸν
1575 1060 1743 1134 ὑπερ-

125 1149 440 1250 τιθέμενοςη·
489 1151 536 1202 8.
573 1143 659 1202 διὸ
694 1144 991 1202 λέλεκται
998 1139 1110 1201 καὶ
1141 1150 1299 1202 λινον
1329 1142 1646 1218 τυφόμενον
1676 1142 1743 1202 οῦ

127 1227 362 1304 σβέσει.”
405 1254 666 1304 αντικρυς
693 1230 754 1286 δε
777 1231 946 1302 πέρας
973 1237 1166 1302 εἴληφε
1189 1225 1302 1286 τὸ“
1311 1231 1402 1285 καὶ
1427 1233 1494 1286 ἐν
1511 1253 1586 1285 τω
1616 1228 1745 1286 ὀνό-

126 1341 254 1390 ματι
285 1315 458 1372 αὐτοῦ
491 1323 631 1387 ἔθνη
665 1311 1006 1372 ἐλπιοῦσιν.”
1067 1315 1154 1370 ἐπὶ
1185 1311 1338 1390 μόνω
1370 1319 1511 1386 γοῦν
1540 1317 1617 1390 τῷ
1646 1318 1747 1371 τοῦ

62 1427 103 1458 15
127 1405 370 1474 σωτῆρος
422 1395 580 1472 ἡμῶν
623 1398 803 1471 Ἰησοῦ
857 1401 1100 1473 Χριστοῦ
1152 1394 1380 1470 ὀνόματι
1432 1395 1629 1470 ἤλπισε
1679 1397 1746 1455 τοὶ

126 1487 478 1557 Χριστιανῶν
518 1491 689 1556 ἔθνη,
734 1481 837 1555 τὴν
868 1486 1190 1556 ἐπωνυμίαν
1229 1481 1404 1540 αὐτοῦ
1436 1478 1509 1548 ὦς
1540 1482 1744 1556 πατρὸς

127 1561 190 1641 ἧς
213 1566 623 1643 παρειλήφασιν
649 1565 936 1639 εὐσεβείας
960 1566 1389 1640 ἐπιγραφόμενα.
1433 1571 1481 1623 9.
1516 1569 1608 1623 καὶ
1639 1566 1743 1640 γαρ

128 1659 206 1720 εἰς
246 1655 365 1724 φῶς
406 1650 508 1710 οὐκ
549 1650 734 1719 ἄλλοις
774 1648 952 1724 ἢτοῖς
995 1659 1186 1708 ἔθνεσι
1235 1649 1505 1707 δεδόσθαι
1536 1673 1745 1726 προπε-

126 1735 395 1811 φώνηται,
415 1737 487 1793 δι’
505 1734 677 1794 αὐτοῦ
701 1759 759 1793 τε
783 1740 848 1810 τῇ
873 1735 1173 1809 προρρήσει
1191 1732 1516 1801 ἀκολούθως
1530 1731 1742 1808 ὀφθαλ-

62 1849 104 1880 20
126 1824 218 1895 μοὶ
247 1826 477 1893 τυφλῶν
514 1824 626 1877 τῶν
667 1819 836 1877 πάλαι
875 1820 977 1892 τὴν
1024 1819 1278 1877 διάνοιαν
1308 1821 1742 1894 πεπηρωμένων,

127 1909 219 1963 καὶ
263 1905 329 1962 οὐ
372 1905 544 1979 μόνον
585 1904 824 1976 τούτων,
867 1901 1006 1961 ἄλλα
1046 1907 1135 1961 καὶ
1177 1906 1288 1961 τῶν
1333 1901 1465 1961 αὐτὸ
1495 1903 1555 1961 τὸ
1587 1908 1743 1978 σῶμα
1767 1930 1789 1961 d

126 1987 542 2063 ἠφανισμένων,
568 1992 659 2046 καὶ
683 1993 740 2046 οἱ
762 1994 984 2062 δεσμοῖς
1009 2013 1067 2046 τε
1090 1991 1181 2045 καὶ
1205 2003 1415 2063 σειραῖς
1440 1987 1740 2062 ἁμαρτιῶν,

128 2078 189 2132 ἐν
219 2073 400 2131 σκότει
431 2076 523 2131 καὶ
553 2071 752 2148 ἄγνοία
782 2078 877 2146 τῆς
908 2073 1156 2146 ἀληθοῦς
1189 2069 1477 2145 εὐσεβείας
1517 2071 1577 2130 τὸ
1610 2077 1745 2147 πρὶν

125 2161 611 2232 κεκαλινδημένοι,
655 2157 727 2215 δι’
765 2156 937 2215 αὐτοῦ
980 2163 1092 2216 τῶν
1134 2157 1418 2231 ἁμαρτιῶν
1456 2160 1744 2230 λυθέντες,

61 2268 103 2301 25
125 2246 226 2300 τοῦ
255 2242 436 2316 φωτὸς
466 2247 561 2315 τῆς
602 2242 858 2316 γνώσεως
900 2245 990 2300 καὶ
1021 2247 1116 2315 τῆς
1148 2241 1297 2316 παρὰ
1327 2246 1403 2318 τῷ
1435 2245 1555 2319 θεῷ
1585 2246 1742 2299 ε’λευ-

126 2334 321 2400 θερίας
351 2324 627 2400 ἠξίωνται.
691 2332 772 2384 10.
807 2329 898 2384 καὶ
930 2325 1000 2384 σύ
1031 2328 1090 2384 δὲ
1124 2329 1211 2383 ἐπὶ
1238 2329 1437 2399 σχολῆς
1466 2340 1579 2392 τοῖς
1611 2325 1743 2382 ἄπο-

130 2413 446 2483 δεδομένοις
476 2410 801 2477 ἀκολούθως
832 2418 1137 2483 βασανίσας
1168 2410 1270 2482 τὴν
1293 2411 1441 2476 λέξιν
1473 2411 1562 2466 ἐπὶ
1592 2407 1743 2486 μόνω

127 2490 198 2551 ἂν
229 2493 410 2567 εὕροις
441 2499 515 2570 τῷ
557 2502 733 2570 κυρίῳ
766 2497 858 2551 καὶ
890 2498 1094 2567 σωτῆρι
1133 2493 1291 2566 ἡμῶν
1322 2496 1552 2550 ἕκαστον
1583 2491 1738 2568 ἄκρι-

129 2581 241 2651 βιός
271 2582 384 2636 τῶν
415 2577 486 2634 δι’
525 2575 694 2651 αὐτῆς
728 2581 1087 2651 δηλουμένων
1118 2579 1566 2651 πεπληρωμένον.

1350 2924 1459 2976 39*
