1992 3186
598 124 1149 167 DEMONST.·EVANG.
1182 124 1237 166 x.
1271 126 1309 166 1.
1629 122 1734 174 629

130 238 232 299 σόν
268 262 363 313 με,
419 248 570 297 ἰάσαι
610 239 711 312 τὴν
751 239 936 313 ψυχήν
986 264 1122 313 μου,
1174 236 1257 297 ὅτι
1298 237 1542 314 ἤμαρτόν
1595 237 1730 297 σοι,”

128 329 212 382 24.
258 322 502 398 ὁρῶντας
535 325 594 382 δὲ
627 323 846 392 εἰκότως
876 324 1003 392 τοὺς
1037 323 1498 396 ἐπιβουλεύοντας
1537 321 1603 381 ού
1633 323 1734 398 μό-

129 433 230 467 νον
241 405 596 482 ἀνθρώπους,
620 407 759 466 ἀλλὰ
773 412 862 467 καὶ
875 407 1141 482 άοράτους
1162 407 1424 482 δυνάμεις
1443 406 1544 482 τὴν
1560 404 1733 484 ὖπερ-
1758 431 1845 473 (468)

129 491 450 566 βάλλουσαν
463 491 625 567 ἰσχύν
636 492 811 551 αὐτοῦ
832 500 927 566 τῆς
949 499 1109 562 θείας
1127 499 1497 568 προσηγορίας
1514 495 1607 551 καὶ
1635 497 1735 551 τοῦ

87 605 107 638 5
129 575 415 651 ὀνόματος,
436 577 508 634 δι’
532 570 600 635 οὗ
610 576 808 651 μικρὸν
823 577 1057 653 ὕστερον
1071 583 1422 681 Χριστιανῶν
1438 578 1540 651 τὴν
1551 581 1735 637 πᾶσαν

128 663 470 735 κατέπλησεν
484 665 833 736 οἰκουμένην,
847 665 1071 735 σβέσειν
1083 661 1256 736 αὐτὴν
1272 672 1492 720 οἰέσθαι
1507 659 1732 737 ὑπειλη-
1757 687 1848 730 [291]

129 748 314 824 φέναι,
349 752 400 803 εἰ
420 771 486 830 t-oc
516 744 652 849 πρὸς
682 745 932 804 θάνατον
964 745 1422 819 ἐπιβουλεύσαιεν
1453 744 1735 825 011319325.

127 836 290 889 τοῦτο
309 830 377 903 δὴ
395 822 498 889 οὖν
514 829 648 888 αὐτὸ
669 833 933 905 διελέγχει
955 830 1222 905 φάσκων
1229 827 1307 888 ‘oc
1322 835 1519 905 ἐχθροί
1525 857 1640 934 μου
1658 833 1739 891 εἶ-

130 938 241 972 παν
258 914 400 972 κακά
417 940 527 988 μοι,
545 914 675 974 πότε
690 917 1056 974 ἀποθανεῖται
1074 917 1166 973 καὶ
1185 915 1470 974 ἀπολειται
1485 916 1544 974 τὸ
1562 915 1736 991 ὄνομα

68 1029 107 1061 10
131 997 371 1070 αὐτοῦ;”
422 1003 540 1058 ἐπεὶ
584 1002 646 1058 δὲ
685 1000 1227 1076 καθυποκρινόμενοι
1267 1000 1585 1075 προσῄεσαν
1615 1024 1737 1060 πει-

130 1082 382 1158 ράζοντες
411 1081 559 1151 όπως
584 1083 754 1143 αὐτὸν
778 1084 1212 1158 παγιδεύσωσιν,
1238 1081 1312 1151 ὡς
1337 1084 1370 1158 ἡ
1394 1091 1524 1143 θεία
1548 1084 1736 1160 γραφὴ

128 1179 426 1242 μαρτυρεῖ,
458 1167 652 1226 ἄλλοτε
683 1170 849 1237 ἄλλας
880 1167 1080 1238 αὐτούς
1110 1168 1415 1244 προφάσεις
1446 1173 1539 1228 καὶ
1569 1194 1738 1243 κατη-

128 1260 318 1326 γορίας
349 1251 472 1310 κατ’
509 1251 681 1311 αὐτοῦ
712 1254 1152 1325 συσκευάζεσθαι
1182 1261 1493 1328 ίστοροῦσα,
1525 1254 1736 1313 τούτων
1760 1278 1783 1310 b

129 1341 292 1395 ε’νεκα
325 1335 614 1411 ἐπιλέγει“
623 1341 715 1396 καὶ
749 1345 800 1396 εἰ
829 1338 1209 1441 εἰσεπορεύετο
1238 1342 1339 1396 τοῦ
1363 1344 1526 1413 ἰδεῖν,
1558 1338 1739 1414 μάτην

68 1449 107 1483 15
134 1420 312 1480 ἐλάλει
354 1421 387 1495 ἡ
420 1429 622 1497 καρδία
654 1421 854 1496 αυτοῦ,
897 1424 1214 1498 συνήγαγεν
1253 1421 1493 1498 ἀνομίαν
1537 1427 1737 1501 εαυτςὸ,

134 1507 482 1579 ἐξεπορεύετο
515 1513 615 1576 ἐξω
647 1511 739 1565 καὶ
781 1507 960 1566 ἐλάλει
1003 1511 1090 1566 ἐπὶ
1130 1509 1190 1566 τὸ
1223 1505 1356 1566 αὐτὸ
1388 1507 1507 1566 κατ’
1557 1506 1717 1581 ἐμοῦ.’

129 1596 213 1648 26.
266 1593 387 1664 ἑξῆς
421 1593 482 1648 δε
511 1591 726 1659 τούτοις
768 1591 876 1665 ἤδη
917 1597 1109 1666 σαφῶς
1152 1596 1407 1666 ἐμφαίνει
1446 1595 1538 1650 καὶ
1569 1590 1739 1651 αὐτὸν

133 1679 347 1733 ἐκεῖνον
375 1676 472 1733 τὸν
505 1679 946 1750 δυσσεβέστατον
992 1677 1298 1751 προδότην,
1341 1666 1530 1750 ἐπειδὴ
1569 1678 1739 1734 συνέ-

131 1767 327 1832 βαινεν
356 1757 488 1834 μεθ’
521 1785 585 1828 ας
615 1769 879 1835 πεποίητο
910 1761 1197 1836 συνθήκας
1228 1776 1341 1828 τοῖς
1364 1759 1596 1836 άρχουσι
1625 1785 1739 1819 των

66 1873 108 1905 20
123 1843 411 1903 Ἰουδαίων
441 1848 569 1919 περὶ
601 1852 698 1919 τῆς
727 1850 826 1904 τοῦ
852 1846 1191 1904 διδασκάλου
1215 1851 1515 1919 προδοσίας
1546 1843 1732 1920 μηκέτ’

129 1926 382 1987 ἀπαντᾶν
413 1928 583 1988 αὐτὸν
613 1930 876 2004 συνήθως
921 1934 1006 1989 ἐπὶ
1052 1930 1154 2004 τὴν
1198 1934 1308 1989 τῶν
1346 1937 1524 1989 θείων
1553 1940 1739 2004 μαθη-
1760 1959 1779 1982 e

130 2013 320 2087 μάτων
353 2019 738 2088 διδασκαλιάν,
770 2013 904 2089 μηδ’
949 2013 1022 2084 ὥς
1063 2014 1212 2090 παρὰ
1245 2014 1581 2073 διδάσκαλον
1611 2039 1739 2088 φοι-

130 2102 264 2170 τᾶν,
306 2095 439 2189 μηδ’
481 2095 681 2173 ὁμοίως
711 2114 824 2168 τοῖς
871 2103 1074 2176 ετέροις
1115 2099 1495 2174 παραβάλλειν
1533 2103 1599 2173 τῇ
1639 2105 1738 2157 τοῦ

131 2186 375 2257 σωτῆρος
408 2184 682 2259 διατριβῇ,
715 2181 837 2241 ἀλλ’
877 2188 966 2243 ἐπὶ
997 2191 1074 2263 τῷ
1115 2183 1474 2243 κατοπτεύειν
1506 2187 1598 2242 καὶ
1629 2194 1740 2256 θη-

67 2295 108 2327 25
131 2265 317 2339 ρεύειν
347 2262 560 2341 καιρὸν,
592 2293 682 2327 οτε
714 2270 830 2327 δέοι
862 2250 1159 2328 ἐπιθέσθαι
1191 2293 1340 2327 αυτω
1435 2274 1520 2326 27.
1576 2272 1739 2325 τοῦτο

133 2348 187 2408 δ’
241 2345 346 2409 οὖν
395 2355 488 2410 καὶ
530 2367 913 2460 κατηγορειται
952 2353 1209 2427 πράττων
1261 2351 1370 2410 ὑπὸ
1407 2377 1519 2410 των
1571 2354 1740 2424 ίερων

134 2431 568 2509 εὐαγγελιστων,
613 2461 693 2494 ων
729 2433 758 2493 6
798 2461 901 2510 μεν
943 2436 1238 2503 Ματθαῖός
1277 2435 1456 2509 φησιθ
1460 2432 1603 2492 τότε
1642 2457 1737 2493 πο·

132 2522 356 2592 ρευθεὶς
397 2517 475 2585 εἷς
514 2524 627 2577 τῶν
668 2519 912 2594 δώδεκα,
952 2517 981 2578 ὁ
1013 2520 1303 2594 λεγόμενος
1325 2519 1539 2585 Ἰούδας
1562 2518 1741 2577 Ἰσκα-

133 2601 352 2677 ριώτης,
385 2602 520 2678 πρὸς
549 2602 676 2671 τούς
706 2603 996 2678 ἀρχιερεῖς,
1031 2605 1185 2662 εἶπεν
1217 2603 1432 2677 αὐτοῖς,
1464 2610 1521 2661 τί
1546 2604 1742 2661 θέλετέ

69 2714 110 2747 30
135 2711 226 2760 μοι
258 2690 474 2760 δοῦναι,
507 2687 658 2761 κάγώ
686 2687 821 2762 ὑμῖν
851 2688 1165 2764 παραδώσω
1191 2686 1388 2759 αὖτόν;
1419 2692 1477 2746 oc
1496 2690 1557 2745 δὲ
1582 2694 1737 2761 ἔστη-

250 2882 301 2920 14
331 2881 493 2921 Matth.
519 2883 585 2932 22,
610 2884 676 2922 15.
881 2885 932 2924 27
965 2884 1128 2924 Matth.
1150 2885 1216 2935 26,
1243 2885 1306 2926 14.
