1992 3186
248 119 351 170 616
930 120 1176 162 EUSEBII

139 262 227 303 (457)
252 239 525 311 φέρεσθαι
555 233 652 292 τὸν
691 232 894 306 αὐτὸν,
934 236 1027 292 καὶ
1068 237 1158 292 ἐπὶ
1197 233 1499 309 ὑποζυγίου
1540 232 1632 294 καὶ
1672 235 1862 296 πωλου

247 324 379 380 νέου
409 321 685 394 ὀχεῖσθαι
737 321 825 376 ἐπὶ
855 316 998 377 πολῦ
1028 317 1134 392 γάρ
1169 324 1341 377 ταῦτα
1374 322 1659 394 διέστηκεν
1689 319 1860 396 αλλή-

249 414 374 463 λων.
446 410 492 462 8.
547 409 748 477 μυρίας
781 400 833 460 δ’
867 395 969 461 οὖν
998 402 1252 471 τοιαύτας
1282 406 1374 462 καὶ
1404 403 1572 473 ἄλλας
1602 408 1727 479 περὶ
1756 410 1856 466 τοῦ

247 494 489 561 Χριστοῦ
534 496 872 562 προφητείας
916 488 1279 561 συναγαγών,
1333 497 1606 564 παραθείς
1656 514 1715 548 τε
1766 494 1857 549 καὶ

247 572 595 646 συγκρούσας
624 573 690 630 τὰ
722 572 1002 646 διαφόρως
1034 572 1440 647 σημαινόμενα,
1490 577 1858 646 ἐναργέστατα
1879 601 1903 634 5

246 656 533 732 καταλήψῃ
574 657 727 725 τινας
767 659 869 731 μὲν
915 664 1011 730 τῆς
1061 657 1279 731 πρώτης
1330 655 1503 716 αὐτοῦ
1552 665 1858 731 παρουσίας

247 742 542 815 δηλώματα
567 740 944 816 περιεχούσας,
970 746 1405 816 πεπληρωμένας
1429 741 1565 800 κατὰ
1587 742 1690 816 τὴν
1713 743 1859 817 πριό-

244 851 348 900 την
380 826 710 900 ἐπιφάνειαν
741 824 930 898 αὐτοῦ,
961 825 1114 894 τινὰς
1146 828 1208 884 δὲ
1239 834 1316 894 εἰς
1337 828 1440 899 τὴν
1466 830 1734 900 δευτέραν
1758 826 1862 885 αὐ-

244 915 343 968 τοῦ
395 914 488 969 καὶ
530 915 757 980 ἔνδοξον
807 910 996 985 ἄφιξιν
1047 909 1482 986 ἀναφερομένας.
1560 917 1608 969 9.
1661 911 1860 981 ἐξωλό-

245 1007 455 1070 θρευσε
474 994 578 1069 γὰρ
596 997 909 1069 λεληθότως
940 995 1155 1070 ἅρματα
1185 999 1273 1054 καὶ
1307 1002 1480 1055 ἵππον
1504 999 1596 1054 καὶ
1627 1001 1740 1055 πᾶν
1767 995 1861 1055 τό-
1882 1021 1926 1055 ιο

246 1085 341 1148 ξον
372 1082 671 1154 πολεμικὸν
710 1077 743 1152 ἡ
784 1086 883 1138 τοῦ
923 1086 1167 1155 σωτῆρος
1195 1077 1355 1154 ἡμων
1396 1087 1588 1149 ἔνθεος
1622 1080 1859 1155 δύναμις

199 1189 222 1221 b
248 1189 384 1222 κατα
414 1163 514 1238 τὴν
555 1163 782 1238 πρωτην
822 1164 993 1222 αὐτοῦ
1033 1172 1347 1239 παρουσίαν
1391 1168 1448 1222 ἐκ
1486 1170 1582 1238 τῆς
1623 1184 1859 1238 σωματι-

246 1251 488 1322 κωτέρας
533 1245 889 1322 Ἰερουσαλὴμ
943 1252 1035 1307 καὶ
1085 1253 1186 1308 τοῦ
1236 1253 1583 1323 καλουμένου
1623 1249 1861 1324 Ἐφραῒμ

246 1336 408 1390 λαοῦ·
458 1332 544 1391 διὸ
588 1337 641 1401 ἐξ
683 1337 899 1391 ἐκείνου
940 1337 1033 1391 καὶ
1066 1341 1143 1401 εἰς
1188 1340 1355 1408 δεῦρο
1397 1333 1580 1392 οὐκέτι
1619 1339 1858 1408 συνέστη

246 1417 432 1475 αὐτῶν
461 1417 520 1475 τὸ
548 1425 863 1490 βασίλειον,
900 1415 1034 1476 οὐδὲ
1064 1418 1098 1492 ἡ
1130 1417 1299 1476 πάλαι
1331 1423 1391 1476 ἐν
1421 1422 1676 1493 πολέμοις
1708 1417 1858 1493 ίσχύ-
1880 1444 1925 1478 15

246 1520 389 1559 σασα
439 1501 764 1575 παρασκευή
814 1526 873 1560 τε
925 1503 1111 1561 αὐτῶν
1162 1506 1253 1561 καὶ
1305 1501 1555 1577 ὁπλιτικὴ
1603 1502 1853 1577 δύναμις.

246 1591 327 1643 10.
384 1590 563 1654 καλῶς
607 1588 669 1644 δὲ
712 1591 771 1644 ἐν
811 1586 1023 1655 τούτοις
1067 1586 1164 1645 τὸν
1206 1586 1385 1645 πάντα
1423 1591 1537 1645 τῶν
1569 1586 1858 1646 Ἰουδαίων

243 1669 378 1728 λαὸν
402 1670 636 1746 Ἐφραῒμ
668 1669 983 1746 ὠνόμασεν,
1025 1670 1142 1730 ἀλλ’
1179 1671 1303 1746 οὐχὶ
1328 1669 1542 1746 Ἰσραὴλ
1571 1669 1703 1730 οὐδὲ
1728 1669 1858 1731 Ἰού-

244 1762 368 1828 δαν,
401 1761 494 1814 ἵνα
523 1755 597 1830 μὴ
628 1755 724 1823 τάς
755 1759 1089 1830 σεμνοτέρας
1133 1755 1423 1830 διαβάλλοι
1463 1762 1849 1829 προσηγορίας.

246 1845 327 1897 11.
377 1837 556 1913 εῦροις
588 1840 638 1898 δ’
686 1838 756 1898 ἂν
787 1843 878 1898 καὶ
921 1844 981 1899 ἐν
1010 1856 1128 1908 ταῖς
1168 1839 1358 1908 ἄλλαις
1396 1846 1757 1912 προφητείαις
1787 1837 1849 1898 τὸ
1877 1866 1920 1898 20

204 1961 221 1983 c
245 1929 357 1981 πᾶν
389 1931 554 1992 ἔθνος
577 1924 811 1998 Ἐφραῒμ
841 1925 976 1998 μετὰ
1007 1928 1212 1996 πολλῆς
1256 1927 1517 1996 διαβολῆς
1555 1926 1646 1980 καὶ
1689 1948 1858 1997 κατη-

243 2015 434 2083 γορίας
466 2006 878 2082 ὠνομασμένον,
910 2007 1093 2082 ὥσπερ
1125 2011 1215 2064 καὶ
1246 2011 1367 2066 νῦν.
1421 2007 1555 2081 μετὰ
1585 2011 1725 2081 γοῦν
1754 2007 1856 2081 τὴν

244 2090 351 2149 ἀπὸ
390 2097 718 2164 Βαβυλῶνος
745 2092 1038 2164 ἐπάνοδον,
1071 2089 1274 2166 μηκέθ’
1308 2089 1508 2165 ὁμοίως
1541 2088 1613 2159 ὥς
1635 2091 1695 2150 τὸ
1721 2094 1856 2165 πρὶν

246 2180 585 2251 διῃρημένου
616 2180 716 2234 τοῦ
744 2180 910 2249 λαοῦ,
950 2185 1103 2244 τίνας
1137 2168 1206 2249 ἦν
1247 2176 1389 2243 εἰκὸς
1422 2182 1731 2250 δηλοῦσθαι
1765 2174 1856 2234 δια

243 2265 341 2318 τοῦ
368 2258 600 2363 Ἐφραὶμ
630 2285 664 2333 η
695 2258 899 2329 αὐτους
937 2260 1064 2328 τοῦς
1107 2286 1209 2333 την
1245 2260 1605 2334 Ιερουσαλὴμ
1636 2264 1854 2318 οἰκοῦν·
1875 2285 1921 2318 25

243 2369 366 2415 τας;
410 2347 488 2403 ὠν
518 2345 620 2418 τὴν
651 2347 955 2419 πολεμικὴν
984 2349 1076 2403 καὶ
1107 2344 1396 2418 ὁπλιτικὴν
1427 2343 1668 2418 δύναμιν
1698 2347 1856 2419 μέχρι

243 2433 356 2487 τῶν
378 2428 692 2503 Ρωμαϊκων
731 2429 947 2503 χρόνων
980 2432 1352 2503 διαρκέσασαν
1400 2428 1430 2502 ἡ
1470 2433 1568 2487 τοῦ
1609 2432 1855 2503 σωτῆρος

244 2513 403 2586 ἡμῶν
433 2521 710 2590 παρουσία
743 2518 921 2592 ἐνθέω
953 2517 1043 2572 καὶ
1075 2512 1368 2590 ἀπορρήτῳ
1395 2513 1629 2587 δυνάμει
1654 2524 1855 2571 καθεῖ-

244 2605 341 2655 λεν
369 2596 570 2671 ὁμοίως
599 2603 665 2672 τῇ
690 2606 1013 2675 προφητεία.
1065 2604 1144 2656 12.
1178 2602 1350 2656 ταῦτα
1377 2599 1438 2655 δὲ
1460 2597 1563 2670 τὴν
1587 2600 1639 2666 ἐξ
1666 2601 1854 2654 ἐθνῶν

243 2685 541 2755 ἐκκλησίαν
571 2685 975 2756 εὐαγγελίζεται
1004 2687 1033 2741 6
1063 2681 1242 2756 λόγος,
1273 2680 1375 2756 οὐχ
1404 2678 1589 2748 απλως
1619 2687 1852 2755 χαίρειν,
1873 2705 1918 2738 ³0

199 2788 222 2820 d
244 2762 383 2822 αλλα
412 2769 505 2823 καὶ
536 2767 755 2839 σφόδρα
785 2775 999 2841 χαίρειν
1029 2766 1167 2841 αὐτῇ
1198 2765 1728 2839 παρακελευόμενος,
1761 2764 1852 2822 δια

243 2848 345 2921 τὴν
383 2856 482 2906 τοῦ
522 2855 663 2907 θεοῦ
708 2849 876 2931 λόγου
924 2858 1000 2919 εἰς
1040 2849 1215 2924 αὐτὴν
1253 2857 1595 2925 παρουσίαν,
1648 2847 1719 2922 ἣν
1757 2850 1849 2906 καὶ
