1992 3186
235 126 339 179 606
918 123 1164 166 EUSEBII

238 246 318 299 11.
354 239 439 298 διὸ
480 243 571 298 καὶ
610 238 707 296 τὸν
737 236 931 314 καιρὸν
970 243 1064 312 τῆς
1095 246 1400 313 παρουσίας
1445 240 1620 299 αὐτοῦ
1649 243 1842 319 καιρὸν

234 323 654 391 ἀνταποδόσεως
698 319 727 380 ὁ
770 333 925 390 θεῖος
964 321 1236 381 ἀποκαλεῖ
1281 323 1468 398 λόγος,
1525 329 1584 384 ἐν
1635 329 1842 437 ἑτέροις

234 409 467 483 φάσκων
489 407 755 465 “καλε’σαι
802 405 1060 466 ἐνιαυτὸν
1100 414 1299 483 κυρίου
1340 409 1536 467 ὃεκτόν
1579 414 1673 468 καὶ
1715 408 1841 486 ἡμέ·

189 523 209 555 d
234 519 339 569 ραν
361 488 839 561 ἀνταποδόσεως.”
885 497 965 550 12.
984 516 1145 560 ουτος
1174 493 1284 550 δὲ’
1257 517 1328 565 ην
1351 492 1538 568 καιρὸς
1562 498 1656 568 τῆς
1678 495 1841 555 ἆντα-

231 578 512 645 ποδόσεως
563 575 693 635 καθ’
741 573 808 635 ὃν
853 580 965 636 πᾶν
1004 575 1140 651 αἷμα
1194 579 1431 652 ἐκχυθὲν
1469 577 1577 636 ἀπὸ
1617 586 1842 654 αἵματος
1865 607 1885 640 5

215 660 384 735 ’Ἅβελ
415 665 517 729 ἕως
547 667 773 736 αἵματος
787 669 1086 736 Ζαχαρίου,
1119 664 1210 719 καὶ
1243 660 1416 721 αὐτοῦ
1445 687 1508 736 γε
1538 665 1639 720 τοῦ
1661 672 1843 738 τιμίου

231 751 457 821 αἵματος
479 745 690 820 Ἰησοῦ,
737 750 1085 821 ἐκδεδίκηται
1125 746 1232 805 ἀπὸ
1264 750 1358 820 τῆς
1399 752 1593 820 γενεᾶς
1623 752 1735 805 τῶν
1767 755 1867 816 εἰς,

230 829 401 889 αὐτὸν
431 831 1002 906 πεπλημμεληκότων,
1047 828 1119 900 ὥς
1152 836 1205 901 ἐξ
1239 835 1455 890 ἐκείνου
1485 832 1582 891 τὸν
1613 839 1844 907 ἔσχατον

117 943 204 987 [280]
231 912 435 984 αὐτοὺς
475 912 772 990 ὑπομεῖναι
812 915 1052 987 ὄλεθρον
1092 918 1184 974 καὶ
1213 915 1317 990 τὴν
1362 915 1595 991 ἐσχάτην
1624 925 1844 993 πολιορ-

230 1006 372 1059 κίαν.
437 1005 518 1059 13.
553 1000 707 1074 καὶὴ
753 1002 856 1075 μὲν
902 1000 1020 1059 κατ’
1067 1005 1315 1070 ἐκείνους
1360 1008 1540 1077 κρίσις
1581 1001 1844 1076 τοιαύτην
1866 1029 1905 1061 10

232 1084 523 1158 ἐποιήσατο
556 1083 678 1144 κατ’
714 1084 901 1144 αὐτῶν
930 1084 1035 1159 τὴν
1066 1083 1440 1145 ανταπόδοσιν
1501 1085 1588 1144 διό
1610 1104 1784 1160 φησιν
1808 1083 1841 1160 ἡ

230 1176 537 1244 προφητεία
560 1166 726 1228 “ἰδου
765 1166 794 1228 5
826 1168 958 1238 θεὸς
1003 1167 1162 1245 ἡμῶν
1203 1177 1388 1258 κρίσιν
1427 1167 1841 1229 ανταποδίὸωσι

230 1257 322 1311 καὶ
352 1252 791 1313 ανταποδώσειῗ
852 1253 885 1327 ἡ
919 1257 979 1312 δε
1019 1258 1147 1329 περὶ
1186 1260 1298 1313 τῶν
1341 1249 1413 1312 δι’
1451 1252 1624 1312 αυτοῦ
1656 1266 1841 1356 σωθη-

230 1341 482 1442 σομένων
515 1342 637 1412 ἑξῆς
669 1344 934 1412 δηλοῦται
968 1338 1059 1397 δια
1088 1345 1187 1397 τοῦ
1212 1337 1414 1406 “αυτός
1454 1339 1568 1413 ἥξει
1608 1341 1700 1397 καὶ
1731 1338 1842 1397 σω’-

230 1443 314 1480 σει
347 1422 511 1497 ἡμᾶς
559 1422 681 1480 τότε
711 1422 1144 1498 ανοιχθήσονται
1174 1422 1458 1499 ὀφθαλμοὶ
1487 1430 1718 1498 τυφλῶν
1747 1427 1838 1482 καὶ
1863 1451 1904 1483 15

230 1509 340 1565 ὦτα
372 1512 580 1582 κωφῶν
609 1507 980 1566 ἀκούσονται”
1016 1511 1107 1568 καὶ
1137 1534 1203 1566 τα
1237 1512 1373 1582 ἑξῆς.
1427 1513 1506 1566 14.
1540 1533 1748 1582 ταυτην
1781 1510 1840 1567 δὲ

228 1590 331 1664 τὴν
361 1591 635 1667 σωτήριον
659 1599 846 1667 κρίσιν
869 1596 960 1650 καὶ
984 1592 1123 1667 ἄλλη
1154 1600 1463 1697 προφητεία
1489 1596 1720 1662 ἐξοίσειν
1744 1591 1841 1651 τὸν

117 1707 205 1747 (450)
230 1676 469 1750 Χριστὸν
516 1680 906 1751 ἐπαγγέλλεται
945 1679 1238 1752 φάσκουσα
1271 1674 1437 1736 “mov
1476 1677 1504 1735 5
1544 1693 1673 1745 παῖς
1711 1703 1838 1752 μου,

229 1758 596 1835 αντιλήψομαι
650 1761 851 1834 αὐτου,
905 1760 933 1820 5
983 1763 1233 1831 ἐκλεκτός
1284 1788 1419 1836 μου,
1473 1765 1838 1837 προσεδέξατο

229 1843 402 1903 αὐτὸν
434 1845 464 1918 ἡ
497 1845 646 1919 ψυχή
676 1871 814 1920 μου,
846 1854 1033 1922 κρίσιν
1062 1862 1175 1914 τοῖς
1207 1854 1435 1905 ε’θνεσιν
1467 1850 1675 1914 ἐξοίσει.
1683 1843 1715 1864 ”
1751 1851 1833 1904 13.
1860 1871 1901 1903 20

231 1930 315 1986 διὸ
346 1932 438 1987 καὶ
469 1933 595 2004 περὶ
627 1936 726 1988 τοῦ
756 1930 924 2004 λόγου
954 1937 1048 2004 τῆς
1079 1934 1272 2004 καινῆς
1320 1928 1592 2003 διαθήκης
1626 1939 1837 2005 εἴρηται

219 2010 319 2070 “ἐκ
349 2013 453 2087 γὰρ
486 2013 641 2072 Σιων
674 2014 1012 2083 ἐξελεύσεται
1042 2013 1207 2088 νόμος
1238 2017 1330 2071 καὶ
1360 2013 1519 2087 λόγος
1551 2021 1750 2088 κυρίου
1783 2018 1835 2084 ἐξ

220 2094 603 2171 Ιερουσαλὴμ,
636 2101 728 2155 καὶ
758 2113 939 2171 κρινεῖ
965 2098 1072 2156 ἀνα
1100 2102 1271 2172 μέσον
1301 2102 1412 2157 τῶν
1437 2095 1676 2157 ἐθνῶνΫ
1719 2107 1836 2173 κρί-

228 2199 312 2238 σει
353 2180 456 2256 γὰρ
497 2188 628 2239 θεία
669 2185 759 2239 καὶ
800 2182 982 2256 λόγοις
1024 2180 1157 2256 ἡμῖν
1199 2181 1457 2283 ἀρρήτοις
1499 2186 1591 2240 καὶ
1630 2208 1695 2239 τα
1740 2190 1836 2256 τῆς

227 2263 471 2339 κλήσεως
512 2272 623 2324 τῶν
664 2273 741 2334 εἰς
783 2266 952 2325 αὐτὸν
995 2259 1440 2340 ἐπιστρεφόντων
1481 2265 1624 2334 εἰκὸς
1665 2264 1836 2325 αυτὸν
1857 2290 1898 2322 25

231 2353 490 2425 ἐνεργεῖν.
553 2349 692 2408 ἄλλα
722 2354 814 2409 καὶ
845 2350 945 2425 τὴν
968 2358 1134 2410 θείαν
1153 2350 1435 2409 διδασκων
1465 2348 1606 2425 ἡμᾶς
1629 2358 1832 2425 κρίσιν,

227 2437 318 2492 καὶ
350 2434 528 2493 πάντα
559 2439 891 2510 κεκριμένως
922 2436 1062 2511 ἡμᾶς
1091 2435 1353 2510 πράττειν
1383 2435 1687 2509 παιδεύων,
1720 2442 1836 2511 κρί-

227 2540 319 2577 σιν
349 2534 461 2587 τοῖς
494 2526 723 2579 ἔθνεσιν
756 2524 990 2590 ἐξοίσειν
1021 2524 1248 2595 λέγεται.

341 2718 364 2755 3
397 2717 471 2755 Es.
498 2716 564 2766 61,
589 2717 627 2757 2.
805 2716 857 2756 18
889 2716 1056 2763 Es.41‚
1082 2716 1120 2755 1.
1296 2716 1349 2753 22
1382 2714 1488 2754 Mic.
1511 2716 1552 2764 4,
1574 2715 1610 2753 2.
