1946 3158
560 113 869 156 DEMONST.
902 112 1124 158 EVANG
1156 113 1290 168 11.3‚
1643 111 1740 162 127

915 223 1055 254 ..ee

136 246 287 286 σκων
346 225 482 303 πρὸς
540 227 671 295 τούς
741 225 962 302 ἄσεβεις
1070 227 1572 301 καταλειφθήσεται
1631 228 1739 304 γαρ
1775 261 1801 293 „1

133 310 192 371 τὸ
234 310 407 386 όνομα
445 307 606 386 ὑμῶν
647 318 724 380 εἰς
770 305 1095 387 πλησμονὴν
1134 325 1247 380 τοῖς
1294 315 1567 380 ἐκλεκτοῖς
1617 338 1746 387 μου,

130 393 273 470 ’ὑμᾶς
319 402 353 454 δ
365 394 378 415 ’
437 396 628 455 ἆνελεῖ
671 396 874 472 κύριος.
945 411 1058 465 τοῖς
1102 397 1164 455 δὲ
1206 394 1612 456 δουλεύσουσίν
1655 423 1744 473 μοι

130 479 468 556 κληθήσεται
488 479 662 555 ὄνομα
691 479 933 541 καινόν.”

89 590 110 623 5
271 565 340 623 T6
389 563 458 639 δὴ
488 558 592 624 οῦν
636 564 808 641 ὄνομα
840 565 1066 639 καινὸν,
1107 564 1137 623 ὃ
1180 565 1255 640 μὴ
1288 563 1437 640 παρὰ
1479 580 1593 632 τοῖς
1635 589 1741 624 πα-

134 658 310 718 λαιοῖς
335 657 597 724 ἔγνωστο,
629 665 791 710 ποῖον
821 648 892 710 ἂν
926 661 1012 723 εἴη
1051 646 1084 724 ἢ
1116 648 1176 708 τό
1216 648 1322 708 ἀπὸ
1362 652 1458 723 τῆς
1497 654 1596 708 τοῦ
1634 669 1745 708 σω-

131 739 295 809 τῆρος
334 731 492 808 ἡμῶν
525 733 706 809 Ἰησοῦ
746 738 846 793 τοῦ
886 738 1133 808 Χριστοῦ
1174 741 1566 810 προσωνυμίας
1606 733 1740 793 καθ’

133 818 262 893 ὅλης
287 823 382 893 τῆς
412 823 740 894 οἰκουμένης
766 817 1138 893 εὐλογημένον
1161 823 1515 893 Χριστιανῶν
1538 818 1743 894 ὅνομα;

598 959 662 1019 ν’.
706 957 836 1018 Ἀπὸ
866 962 965 1018 τοῦ
994 966 1258 1034 Μιχαίου.

67 1098 108 1131 10
263 1076 380 1130 145.
422 1070 453 1091 “
470 1074 582 1130 Καὶ
614 1078 765 1130 ἔσται
798 1075 858 1130 ἐκ
879 1075 975 1146 τῆς
1006 1070 1272 1146 σταγόνος
1313 1077 1411 1129 τοῦ
1452 1079 1589 1129 λαοῦ
1619 1072 1742 1130 τοῦ-

130 1181 229 1215 του
271 1155 666 1231 συναγόμενος,
709 1155 1122 1232 συναχθήσεται
1169 1153 1363 1229 Ἰακωβ
1405 1155 1515 1214 σὺν
1553 1163 1738 1215 πᾶσιν.

132 1239 488 1315 ἐκδεχόμενος
520 1243 805 1316 ἐκδέξομαι
835 1267 962 1309 τους
981 1247 1350 1308 καταλοίπους
1374 1243 1472 1298 τοῦ
1496 1239 1738 1314 Ἰσραήλ

133 1326 222 1382 ἐπὶ
253 1323 312 1382 τὸ
344 1323 480 1383 αὐτὸ
504 1325 751 1400 θήσομαι
781 1326 883 1400 τὴν
913 1325 1276 1402 ἀποστροφὴν
1307 1321 1547 1384 αῦτι”ν.”
1773 1362 1859 1406 [531

261 1413 376 1467 146.
445 1408 779 1484 Συμφωνως
838 1425 952 1477 τοῖς
1019 1421 1441 1485 προεκτεθεῐσιν
1512 1413 1571 1467 ἐκ
1638 1414 1738 1468 τοῦ

66 1519 106 1552 15
123 1491 353 1551 Ἡσαΐου
405 1495 496 1551 καὶ
555 1493 584 1552 ὁ
645 1501 891 1569 Μιχαίας
939 1498 1268 1563 ἐκδέξασθαι
1312 1494 1409 1552 τὸν
1453 1493 1592 1552 θεὸν
1639 1492 1739 1569 οῦχ
1763 1529 1834 1570 (81).

129 1575 317 1645 ἁπλῶς
360 1576 590 1651 πάντας,
625 1577 764 1636 ἀλλὰ
802 1577 1007 1653 μόνους
1036 1578 1166 1647 τούς
1207 1585 1575 1645 καταλοίπους
1615 1577 1736 1636 ὀνο-

128 1659 294 1735 μάζει.
348 1659 545 1735 Ιὥσπερ
579 1663 641 1720 δὲ
671 1663 820 1737 παρὰ
851 1666 929 1740 τῷ
951 1662 1150 1740 Ἡσαΐᾳ
1181 1665 1396 1736 σπέρμα
1429 1659 1736 1736 ὠνομάζετο

127 1745 186 1803 τὸ
212 1749 266 1815 ἐξ
291 1742 476 1804 αὐτῶν
505 1755 726 1822 λεῖμμα,
758 1746 936 1815 οὕτως
976 1751 1068 1805 καὶ
1108 1750 1216 1806 νῦν
1253 1745 1496 1820 σταγόνα
1537 1743 1735 1821 ὀνομά-

129 1837 202 1900 ζει
233 1829 360 1898 τοῦς
393 1834 446 1899 ἐξ
486 1830 670 1889 αὐτῶν
701 1834 1148 1906 σωθησομένους.
1224 1835 1339 1888 147.
1379 1836 1642 1904 δηλοῦται
1675 1831 1737 1889 δὲ

64 1941 106 1974 20
128 1916 219 1972 καὶ
268 1915 359 1973 διὰ
399 1914 611 1974 τούτων
650 1912 678 1974 ὁ
720 1919 833 1975 τῶν
881 1914 1205 1975 ἀποστόλων
1244 1916 1431 1991 χορὸς,
1488 1912 1561 1983 ὥς
1605 1935 1738 1974 στα-

127 1998 244 2072 γω’ν
266 2023 346 2068 τις
377 2002 470 2058 καὶ
500 2004 716 2076 σπέρμα
747 2004 844 2059 τοῦ
862 1999 1150 2059 Ἰουδαίων
1196 2007 1399 2068 ἔθνους
1440 2000 1736 2074 γεγενημέ-

127 2108 240 2158 νος,
276 2087 328 2153 ἐξ
359 2076 422 2157 ἦς
445 2084 710 2159 σταγόνος
740 2084 944 2154 πάντες
975 2090 1031 2144 οί
1058 2083 1193 2144 καθ’
1235 2082 1364 2159 ὅλης
1403 2089 1499 2158 τῆς
1546 2091 1735 2143 οἰκου-

127 2172 295 2242 μένης
325 2168 422 2227 τὸν
452 2169 692 2245 Χριστὸν
723 2170 1094 2244 ἐπεγνωκότες
1134 2175 1231 2228 τοῦ
1271 2175 1442 2243 θεοῦ,
1501 2171 1595 2227 καὶ
1634 2169 1737 2242 τὴν

132 2258 500 2311 διδασκαλίαν
531 2253 703 2313 αὐτοῦ
733 2257 1236 2330 παραδεδεγμένοι,
1277 2258 1372 2328 τῆς
1403 2256 1734 2328 θεσπιζομέ-

65 2363 107 2397 25
129 2362 227 2411 νης
269 2341 686 2414 ἐπισυναγωγῆς
709 2339 1163 2414 κατηξιώθησαν,
1205 2339 1308 2413 τὴν
1338 2336 1445 2396 ἆπὸ
1478 2343 1590 2396 τῶν
1634 2360 1736 2395 πο-

131 2428 336 2496 λεμίων
360 2421 639 2498 λύτρωσιν
670 2423 981 2499 εὑράμενοι.

259 2512 371 2564 148.
410 2503 559 2565 “Kal
601 2507 672 2567 σὺ
702 2510 959 2583 Βηθλεὲμ
1000 2509 1148 2575 οἶκος
1178 2510 1278 2566 τοῦ
1303 2504 1585 2582 Ἐφραθά,
1618 2502 1733 2564 ὀλι-
1759 2540 1787 2573 b

129 2589 322 2661 γοστὸς
356 2591 404 2647 εἷ
435 2595 494 2649 ἐν
523 2592 762 2667 χιλιάσιν
788 2590 983 2652 Ἰούδα.
1047 2597 1107 2651 ἐκ
1138 2596 1238 2650 σοῦ
1269 2616 1361 2665 μοι
1394 2589 1734 2660 ἐξελεύσεται

133 2672 450 2748 ἡγούμενος,
481 2680 580 2735 τοῦ
610 2677 752 2736 εἶναι
774 2684 850 2746 εἰς
874 2676 1110 2753 ἄρχοντα
1133 2679 1210 2754 τῷ
1233 2675 1469 2751 Ἰσραὴλ,
1501 2678 1592 2733 καὶ
1618 2677 1734 2744 ἔξο-

248 2872 267 2908 1
301 2870 377 2910 ES.
401 2872 470 2922 65,
496 2873 558 2911 15.
736 2874 787 2913 10
808 2872 915 2915 Mic.
939 2874 978 2921 2,
1003 2874 1068 2916 11.
1148 2872 1200 2912 28
1222 2871 1327 2911 Mic.
1352 2874 1391 2923 5,
1414 2873 1454 2913 2.
