1946 3158
565 149 872 192 DEMONST.
907 148 1129 193 EVANG.
1159 150 1220 190 11.
1251 151 1291 193 2.
1464 208 1466 211 ⁸
1663 147 1728 200 81

122 266 152 326 ὁ
184 266 418 343 Χριστὸς
456 269 557 325 τοῦ
584 269 758 339 θεοῦ,
804 263 871 323 οὐ
913 264 1086 340 μόνον
1119 263 1427 337 Ἰουδαίοις,
1459 254 1599 320 ἀλλὰ
1639 267 1730 320 καὶ

125 356 258 409 πᾶσι
288 365 403 420 τοῖς
435 357 625 409 ἔθνεσι
650 350 833 425 σωτὴρ
878 348 1370 424 ἐπιφανησόμενος.
1461 348 1730 422 χρήσομαι

127 438 187 494 δὲ
209 435 276 494 τα
299 441 404 495 νῦν
434 444 620 505 ψιλαῖς
650 439 762 492 τῶν
792 437 1094 508 προφητῶν
1116 440 1444 508 μαρτυρίαις
1477 438 1604 506 δίχα
1634 456 1731 490 πα-

126 541 224 595 σης
259 523 571 596 ἑρμηνείας,
606 521 694 577 ἐπὶ
727 524 926 594 σχολῆς
957 521 1176 593 μέλλων
1209 517 1446 591 ἑκάστην
1478 525 1554 584 εἰς
1586 516 1722 574 πλά-

81 630 103 663 5
125 630 215 674 τος
248 604 654 680 διερμηνεύειν,
688 603 827 662 ε’ποὶν
851 603 958 662 σὺν
987 606 1106 680 θεῷ
1134 602 1228 672 τας
1260 605 1386 678 περὶ
1410 606 1520 660 τῶν
1547 605 1732 660 ἐθνῶν

125 689 459 765 προρρήσεις
522 687 857 763 συναγαγών
918 686 1058 761 ὁμοῦ
1110 687 1288 755 πάσας
1344 685 1733 763 διερμηνεύειν

124 780 389 850 μέλλοιμι.

251 886 309 935 ΙΙ.
657 871 746 944 ιβ’.
817 875 1050 945 Ψαλμοῦ
1081 869 1146 943 β’

126 982 341 1039 Δήλωσις
363 977 620 1048 ἐπιβουλῆς
643 982 727 1023 τοῦ
748 980 957 1050 Χριστοῦ
979 978 1061 1022 καὶ
1084 973 1231 1029 αὐτὸς
1254 975 1358 1029 υἷός
1380 973 1730 1045 ἀναγορευόμε-
1799 990 1814 1012 0

63 1054 104 1086 10
182 1054 262 1088 νος
283 1038 423 1092 θεοῦ,
446 1034 625 1094 κλῆρόν
656 1051 707 1080 τε
728 1034 786 1079 τὰ
818 1034 940 1092 ἔθνη
962 1051 1094 1089 παρα
1113 1036 1196 1079 τοῦ
1218 1031 1396 1089 πατρὸς
1422 1032 1690 1091 λαμβάνων.

243 1124 296 1147 (Ν

292 1133 455 1187 Ινατί
511 1125 793 1201 ἐφρύαξαν
854 1131 994 1199 ἔθνη
1058 1128 1151 1182 καὶ
1219 1128 1341 1183 λαοὶ
1401 1126 1733 1199 ἐμελέτησαν

127 1236 288 1283 κενα;
329 1213 685 1287 παρέστησαν
715 1216 772 1268 οι
806 1218 1053 1284 βασιλεῖς
1092 1234 1188 1283 της
1230 1213 1360 1283 γῆς,
1405 1212 1496 1267 καὶ
1537 1234 1585 1266 οι
1633 1207 1734 1282 ἅρ-

128 1320 315 1371 χοντες
340 1296 706 1371 συνήχθησαν
738 1299 826 1353 ἐπὶ
857 1294 916 1352 τὸ
948 1293 1102 1367 αὐτὸ,
1129 1319 1266 1352 κατα
1295 1299 1392 1353 τοῦ
1412 1300 1610 1368 κυρίου
1642 1296 1734 1351 καὶ

129 1405 265 1438 κατα
293 1405 392 1439 του
373 1384 646 1454 Χριστοῦ
670 1376 893 1453 αὐτοῦ,”
925 1382 1016 1437 καὶ
1047 1380 1114 1437 τὰ·
1145 1381 1294 1453 εξῆς
1326 1385 1374 1437 2.
1391 1377 1472 1446 οἷς
1499 1382 1735 1479 ἐπιλέγει

66 1494 105 1525 15
125 1461 360 1541 “κυ’ριος
403 1465 558 1523 εἶπεν
599 1463 734 1538 πρός
778 1489 875 1538 με,
916 1463 1036 1532 υἱός
1076 1489 1184 1538 μου
1216 1464 1267 1521 εἴ
1294 1464 1386 1537 σὺ,
1421 1464 1525 1536 ἐγώ
1568 1463 1738 1536 σήμε-

130 1575 228 1623 ρον
280 1548 587 1623 γεγέννηκα
627 1567 704 1607 σε.
777 1558 996 1622 αἴτησαι
1038 1546 1172 1620 παρ’
1231 1551 1395 1622 ἐμοῦ,
1436 1550 1528 1606 καὶ
1573 1546 1734 1605 δώσω

129 1653 214 1692 σοι
247 1641 387 1707 ἑθνη
418 1635 521 1707 τὴν
551 1640 924 1707 κληρονομίαν
964 1652 1066 1691 σου
1134 1634 1226 1690 καὶ
1266 1658 1368 1706 την
1408 1630 1737 1706 κατασχεσίν

129 1738 230 1777 σου
254 1718 319 1776 τὰ
350 1721 559 1792 πέρατα
589 1724 682 1791 τῆς
712 1716 860 1791 γῆς.”
1806 1737 1828 1769 d

691 1859 774 1932 ιγ’.
837 1862 1072 1932 Ψαλμοῦ
1102 1857 1181 1916 οοὲ.

66 1983 107 2016 20
132 1963 349 2024 Δήλωσις
373 1967 582 2024 Χριστοῦ
616 1967 862 2022 βασιλείας
899 1965 980 2009 καὶ
1011 1961 1220 2032 κλήσεως
1260 1961 1420 2009 ἐθνῶν
1457 1966 1537 2007 καὶ
1569 1965 1732 2008 πασῶν
1760 1971 1824 2012 [33]

566 2025 660 2067 τῶν
683 2024 849 2079 φυλῶν
870 2024 956 2079 τῆς
978 2023 1064 2079 γῆς
1088 2017 1304 2078 εὐλογία.

255 2133 304 2186 3.
347 2122 448 2185 “‘0
478 2126 610 2194 θεὸς
650 2125 709 2184 τὸ
750 2132 918 2200 κρίμα
963 2145 1066 2184 σου
1106 2131 1182 2204 τῷ
1223 2133 1441 2199 βασιλεῖ
1485 2123 1606 2197 δὸς,
1647 2127 1736 2182 καὶ

85 2265 88 2268 ,
130 2211 230 2287 τὴν
264 2210 626 2285 δικαιοσυνην
666 2229 768 2270 σου
809 2215 887 2288 τῷ
925 2215 1032 2288 υἱῷ
1061 2216 1159 2269 τοῦ
1184 2213 1484 2283 βασιλέως,
1525 2216 1739 2282 κρίνειν

129 2296 226 2356 τὸν
250 2295 386 2355 λαόν
417 2293 550 2355 σου.’
632 2298 723 2353 καὶ
746 2295 812 2354 τὰ
842 2299 982 2402 εξης,
1004 2293 1086 2362 οἷς
1119 2292 1404 2368 ἐπιλέγει
1408 2292 1527 2352 καὶ
1572 2320 1739 2352 κατα-

31 2386 34 2389 ’
68 2406 110 2439 25
133 2382 414 2457 κυριεύσει
444 2378 552 2439 απὸ
585 2380 871 2454 θαλασσης
907 2385 1009 2448 ἓως
1038 2379 1345 2454 θαλασσης,
1378 2383 1467 2438 καὶ
1500 2377 1606 2437 ἀπὸ
1638 2403 1739 2436 πο-

131 2471 321 2541 ταμών
373 2469 474 2534 ἕως
534 2464 791 2541 περάτων
850 2469 944 2538 τῆς
989 2463 1347 2539 οἰκουμένης.
1418 2467 1511 2522 καὶ
1571 2456 1736 2530 αὖθις

124 2548 341 2609 “noima
372 2549 438 2608 τοὶ
471 2558 612 2624 ἔθνη
646 2549 1052 2608 δουλεύσουσιν
1083 2549 1248 2626 αὐτῷ.
1253 2547 1282 2567 ”
1353 2553 1400 2606 4.
1433 2551 1525 2606 καὶ
1570 2547 1737 2605 παλιν

124 2635 155 2656 “
178 2633 654 2708 εὐλογηθήσονται
686 2639 747 2693 ἐν
777 2632 925 2693 αὐτω
967 2637 1137 2692 πᾶσαι
1168 2659 1224 2691 αι
1270 2636 1443 2707 φυλαὶ
1480 2657 1578 2741 της
1619 2657 1736 2706 γης,

132 2744 312 2778 παντα
349 2745 414 2778 τα
449 2727 589 2794 ἔθνη
623 2726 991 2795 μακαριοῦσιν
1032 2715 1248 2776 αὐτόν.”
1331 2720 1422 2775 καὶ
1465 2719 1551 2775 ἐπὶ
1596 2719 1737 2775 τέλει

246 2917 300 2956 23
331 2916 406 2958 Ps.
433 2917 499 2965 71,
530 2917 561 2956 1.

217 2997 444 3026 musra-mus
478 2997 552 3025 111.
1398 2981 1431 3033 6
