1992 3186
267 109 371 160 445
947 106 1193 147 EUSEBII

268 229 428 296 τολῆς
462 220 799 295 ἐληλυθότας
829 219 1038 294 μάγους
1070 222 1161 277 καὶ
1181 225 1256 297 τῷ
1280 228 1498 298 Χριστῷ
1523 228 1727 299 παιδίῳ
1758 220 1878 280 ὅντι

268 305 810 383 προσκεκυνηκότας,
843 303 1071 371 τούτους
1104 305 1247 362 εἶναι
1277 304 1378 378 τὴν
1411 305 1653 379 δύναμιν
1684 318 1877 380 Δαμα-

269 399 430 450 σκοῦ·
489 399 660 456 εἴποις
704 389 755 446 δ’
793 385 863 446 ἂν
893 388 1338 463 καθολικώτερον
1379 389 1585 456 πάντας
1617 390 1743 456 τοὺς
1775 389 1876 464 τὴν

267 479 369 550 μὲν
400 474 575 532 ἄθεον
608 477 698 531 καὶ
731 473 1012 532 πολύθεον
1045 479 1474 549 εἰδωλολατρίαν
1497 473 1875 549 ἀποστραφέν-

266 585 380 633 τας,
412 563 489 636 τῷ
514 561 574 616 δὲ
598 562 696 616 τοῦ
708 562 951 634 Χριστοῦ
971 559 1119 635 λόγῳ
1144 561 1689 631 καταδουλωθέντας,
1721 558 1875 633 μάλι-
1900 582 1921 614 5

266 664 366 702 στα
424 650 474 701 εί
518 650 752 702 δυνατοί
790 667 935 711 τινες
983 644 1095 702 εἷεν
1143 648 1202 701 ἐν
1247 642 1391 720 λόγῳ
1437 646 1529 700 καὶ
1570 650 1739 719 σοφίᾳ
1779 647 1879 702 τοῦ

265 733 463 795 αἰῶνος
495 728 725 801 τούτου,
758 727 959 796 αὐτοῦς
992 728 1134 786 εἶναι
1158 727 1284 794 τοὺς
1314 725 1744 804 ὀνομαζομένους
1779 728 1879 784 δύ-

266 839 435 887 ναμιν
467 817 787 886 Δαμασκοῦ.
863 819 977 871 107.
1013 813 1149 870 κατὰ
1188 811 1359 870 ταυτα
1394 814 1453 870 δὲ
1485 816 1576 869 καὶ
1606 811 1671 868 τὰ
1702 817 1879 870 σκῦλα

266 906 586 973 Σαμαρείας
632 897 852 970 νοήσεις
897 898 1023 965 τοὺς
1069 896 1176 955 ἀπὸ
1221 902 1318 955 τοῦ
1344 896 1629 956 Ἰουδαίων
1675 903 1880 963 ἔθνους

217 1011 240 1042 b
265 987 360 1040 τοῦ
409 987 651 1055 σωτῆρος
703 982 859 1056 ἡμῶν
910 983 1161 1055 μαθητὰς
1213 985 1306 1039 καὶ
1357 980 1729 1055 ἀποστόλους,
1783 979 1879 1049 οὓς
1902 1004 1946 1035 10

266 1067 450 1141 ὥσπερ
500 1071 558 1124 ἐκ
602 1075 882 1140 πολεμίων
927 1073 1037 1124 τῷν
1091 1070 1149 1124 ἐκ
1201 1070 1496 1141 περιτομῆς
1541 1065 1659 1123 κατ’
1708 1063 1882 1123 αὐτοῦ

267 1154 762 1225 στρατευσαμένων
793 1155 968 1209 σκῦλα
999 1149 1100 1224 ὑφ’
1138 1147 1308 1208 αὑτὸν
1332 1151 1522 1224 λαβὼν
1548 1154 1600 1218 ἐξ
1627 1154 1880 1216 ἐναντίας

266 1235 590 1293 καθώπλισε
621 1240 722 1292 τοῦ
743 1241 854 1293 τῷν
880 1235 1191 1307 Ἀσσυρίων
1222 1239 1512 1308 βασιλέως,
1544 1233 1687 1291 οὕτω
1713 1233 1880 1292 πάλιν

266 1324 537 1394 τροπικῶς
584 1323 929 1393 δηλουμένου
959 1325 1057 1376 τοῦ
1098 1318 1360 1393 ἄρχοντος
1391 1323 1489 1376 τοῦ
1521 1324 1721 1385 αἰῷνος
1751 1317 1883 1375 τού-

265 1429 379 1461 του.
444 1410 556 1460 108.
594 1407 710 1461 ἐπεὶ
742 1406 802 1461 δὲ
833 1403 891 1461 τὸ
917 1401 945 1424 “
957 1408 1210 1462 ἐναντίον
1234 1406 1505 1476 βασιλέως
1531 1400 1876 1477 Ἀσσυρίων”
1903 1424 1944 1457 15

266 1491 608 1562 σαφέστερον
639 1485 667 1545 ὃ
692 1487 922 1555 Ἀκύλας
956 1491 1220 1556 ἐξέδωκεν
1246 1486 1418 1545 εἰπών
1441 1484 1558 1553 “ει’ς
1582 1488 1880 1560 πρόσωπον

266 1574 536 1645 βασιλέως
563 1570 929 1646 Ἀσσυρίων,”
966 1577 1262 1645 ἐπίστησον
1290 1572 1365 1646 μή
1396 1596 1527 1629 ποτε
1558 1569 1664 1646 ἄρα
1695 1574 1787 1628 καὶ
1821 1575 1881 1628 ἐν

265 1655 476 1722 τούτοις
489 1653 882 1730 τὴνῬωμαίων
896 1656 1072 1730 ἀρχὴν
1099 1662 1273 1730 δηλοῖ,
1290 1666 1416 1729 εἴγε
1438 1654 1881 1721 κατευθύνοντες

267 1738 300 1812 ἢ
325 1741 799 1814 κατευθυνόμενοι
820 1739 1098 1813 Ἀσσύριοι
1121 1739 1631 1815 μεθερμηνεύονται
1655 1738 1790 1796 κατὰ
1814 1737 1880 1796 τὰ

225 1861 241 1882 e
264 1831 442 1902 μικρῷ
465 1824 715 1900 πρόσθεν
738 1823 1136 1899 ἀποδεδομένα.
1182 1828 1298 1882 ἐπεὶ
1324 1832 1518 1882 τοίνυν
1540 1828 1605 1898 τῇ
1630 1825 1754 1898 περὶ
1779 1827 1879 1881 τοῦ
1900 1845 1944 1877 20

265 1914 508 1981 σωτῆρος
549 1906 705 1983 ἡμῶν
747 1908 1047 1982 προρρήσει
1081 1911 1172 1965 καὶ
1212 1912 1319 1966 νῦν
1351 1907 1380 1964 ὁ
1421 1913 1534 1965 τῷν
1565 1906 1879 1981 Ἀσσυρίων

265 1996 675 2064 συμπέπλεκται
725 1990 1012 2064 βασιλεὺς,
1061 1991 1280 2058 εἰκότως
1329 1989 1461 2066 ἡμῖν
1510 1989 1801 2049 κάνταῦθα
1843 1991 1877 2064 ἡ

257 2075 536 2148 Ῥωμαίων
557 2074 693 2149 ἀρχὴ
715 2081 1099 2148 παρείληπται,
1135 2074 1226 2133 διὰ
1256 2075 1315 2133 τὸ
1336 2075 1469 2150 πρὸς
1499 2080 1599 2134 τοῦ
1627 2082 1767 2133 θεοῦ
1800 2082 1878 2143 εἰς

265 2158 366 2232 τὴν
395 2163 507 2216 τῷν
540 2163 726 2216 ἐθνῷν
770 2156 1057 2232 ὑποταγὴν
1088 2159 1556 2218 κατευθύνεσθαι.
1632 2165 1748 2216 109.
1783 2158 1876 2232 λή-

265 2254 475 2311 ψεσθαι
498 2247 794 2315 τοιγαροῦν
815 2242 875 2300 τό
897 2242 1218 2317 τικτόμενον
1249 2251 1475 2301 παιδίον
1498 2242 1599 2315 τὴν
1634 2243 1876 2316 δύναμιν
1898 2261 1941 2293 25

265 2331 573 2401 Δαμασκοῦ
603 2331 694 2384 καὶ
723 2327 790 2385 τὰ
819 2331 996 2385 σκῦλα
1027 2336 1364 2401 Σαμαρείας,
1397 2331 1489 2384 καὶ
1519 2327 1877 2400 παραδώσειν

267 2419 343 2478 εἰς
385 2411 682 2486 πρόσωπον
707 2410 1017 2487 Ἀσσυρίων
1055 2415 1148 2469 καὶ
1191 2416 1250 2469 ἐν
1278 2410 1592 2485 ὀφθαλμοῖς
1624 2414 1736 2468 τῷν
1765 2410 1875 2468 ὑπὸ

264 2500 361 2553 τοῦ
416 2501 557 2554 θεοῦ
612 2499 1117 2570 κατευθυνομένων
1160 2504 1507 2565 θεσπίζεται,
1565 2498 1657 2552 καὶ
1701 2500 1875 2552 ταῦτα

264 2579 518 2652 ποιήσειν
563 2579 674 2654 ἅμα
703 2585 774 2655 τῇ
803 2580 975 2638 αὐτοῦ
1013 2584 1258 2653 γενέσει,
1298 2577 1518 2657 ἀρρήτῳ
1561 2583 1654 2637 καὶ
1695 2580 1872 2655 ἐνθέῷ

218 2689 238 2720 «1
266 2664 526 2737 δυνάμει,
570 2672 646 2722 ἔτι
678 2664 995 2738 νηπιάζοντι
1035 2663 1242 2737 σώματι
1273 2669 1512 2721 τοσαῦτα
1555 2669 1615 2721 ἐν
1644 2661 1873 2738 ἄνθροό-
1896 2681 1938 2712 30

265 2771 385 2814 ποις
416 2748 895 2822 οἰκονομούμενον.
956 2755 1068 2806 110.
1103 2748 1281 2805 πάντα
1307 2749 1367 2805 δὲ
1397 2752 1569 2806 ταῦτα
1599 2746 1627 2804 ὁ
1659 2745 1871 2821 προφή-

263 2857 356 2902 της
404 2836 463 2888 ἐν
503 2833 648 2908 τόμῷ
690 2837 862 2910 καινῷ
909 2836 998 2890 καὶ
1040 2832 1258 2909 μεγάλῳ
1304 2836 1492 2907 γραφῇ
1520 2835 1871 2906 παραδοῦναι
