1946 3158
239 136 272 187 6
923 137 1168 180 EUSEBII

236 276 355 325 τητι
386 251 595 325 λόγων,
629 250 660 326 ἢ
692 254 1037 325 κακοτέχνοις
1067 250 1301 319 ἀπάταις
1331 258 1744 326 συλλογισμῶν,
1781 259 1842 312 ἐν

235 333 382 410 ἁπλῇ
427 338 488 393 δὲ
528 339 619 394 καὶ
650 335 984 413 ἀπανούργῳ
1019 341 1376 414 διδασκαλίᾳ,
1418 330 1481 411 ἧς
1521 336 1578 395 τὸ
1609 336 1842 410 γνήσιον

236 423 327 479 καὶ
359 421 648 494 εἰλικρινὲς
677 426 774 493 τῆς
803 419 1070 493 ἀληθείας
1101 420 1134 493 ἡ
1166 425 1277 478 τῶν
1302 429 1622 480 θεσπεσίων
1653 421 1841 480 αὐτῶν

236 508 466 563 ἐκείνων
497 503 720 579 ἀνδρῶν
750 503 916 577 ἀρετή
938 528 995 562 τε
1018 507 1108 562 καὶ
1135 512 1450 578 θεογνωσία
1481 511 1838 580 παρίστησιν;

238 594 315 646 10.
349 594 403 647 oc
432 592 569 662 γοῦν
609 588 675 646 τὰ
716 602 945 663 μακροῖς
986 593 1185 647 αἰῶσιν
1223 588 1458 663 ὕστερον
1491 597 1568 657 εἰς
1599 595 1718 663 φῶς
1751 594 1838 648 ἐλ-
1861 614 1882 647 5

231 671 407 731 θόντα
439 673 736 748 πόρρωθεν
757 680 973 748 μυρίοις
1005 672 1229 732 ἄνωθεν
1254 673 1469 748 χρόνοις
1493 671 1594 731 οὐκ
1619 673 1839 749 ἀνθρω-

160 781 207 820 (8)
234 763 405 834 πίνῳ,
448 764 587 834 θείῳ
629 758 691 814 δὲ
730 757 1000 831 πνεύματι
1049 763 1413 816 κατοπτεῦσαι
1454 762 1839 831 δεδυνημένοι,

230 845 344 909 πῶς
397 839 499 899 οὐκ
550 841 689 910 ἄξιοι
730 839 801 899 ἂν
843 842 955 900 εἶεν
996 845 1087 899 καὶ
1128 844 1253 915 περὶ
1296 834 1375 899 οἷν
1417 842 1541 909 τούς
1577 843 1838 916 φοιτητὰς

231 930 588 994 ἐξεπαίδευον
619 925 908 1000 δογμάτων
939 925 1331 996 πιστεύεσθαι;
1366 920 1427 984 εὖ
1457 927 1561 1000 μὲν
1586 919 1688 985 οῦν
1711 927 1837 984 οἶδα

228 1009 468 1086 ἀκριβῶς
507 1008 590 1068 ὅτι
628 1010 922 1086 πρόχειρον
959 1008 1130 1068 ἅπασι
1173 1025 1286 1078 τοῖς
1338 1010 1433 1068 τὸν
1476 1015 1695 1084 σωτῆρα
1746 1014 1836 1068 καὶ
1862 1036 1901 1068 ιο

228 1094 423 1169 κύριον
454 1094 611 1169 ἡμῶν
647 1092 862 1168 Ἰησοῦν
905 1092 976 1162 ὡς
1007 1093 1077 1152 ἂν
1109 1094 1277 1153 αὐτὸν
1316 1093 1539 1167 άληθῶς
1579 1093 1711 1154 ὅντα
1741 1095 1838 1153 τὸν

228 1179 469 1252 Χριστὸν
499 1183 598 1237 τοῦ
627 1184 766 1237 θεοῦ
790 1185 1028 1252 γνησίως
1060 1183 1582 1253 παραδεδεγμένοις,
1615 1183 1836 1254 πρῶτον

225 1264 328 1337 μὲν
368 1271 591 1322 πείθειν
630 1263 831 1331 αὐτοὺς
874 1270 1061 1322 δοκεῖν
1100 1261 1183 1321 ὅτι
1222 1262 1296 1337 μὴ
1338 1262 1515 1330 ἄλλως
1559 1269 1636 1329 εἰς
1667 1262 1837 1322 αὐτὸν

226 1347 660 1406 πεπιστεύκασιν
702 1345 735 1421 ἢ
775 1363 892 1415 ταῖς
936 1350 1063 1421 περὶ
1095 1345 1269 1405 αὐτοῦ
1302 1363 1665 1421 προφητικαῖς
1695 1372 1836 1421 μαρ-

225 1439 441 1507 τυρίαις
471 1432 819 1499 ἀκολούθως·
868 1439 1057 1490 ἔπειτα
1081 1431 1226 1490 τοῦτ’
1258 1429 1390 1490 αὐτὸ
1415 1434 1507 1488 καὶ
1531 1436 1718 1505 πᾶσιν,
1751 1429 1831 1498 οἷς
1861 1455 1899 1488 15

225 1514 294 1574 ἂν
327 1527 404 1584 εἰς
446 1516 641 1590 λόγους
673 1523 1088 1588 καταβαίνοιεν,
1132 1515 1576 1590 προβάλλεσθαι,
1621 1514 1694 1589 μὴ
1724 1514 1835 1589 μὴν

226 1606 432 1677 ῥᾳδίως
481 1601 539 1658 τὸ
590 1600 904 1675 ἐπάγγελμα
947 1607 1283 1658 πιστοῦσθαι
1335 1615 1452 1666 ταῖς
1517 1599 1833 1667 ἀποδείξεσι

227 1684 522 1744 δύνασθαι.
603 1691 682 1743 11.
719 1684 856 1743 ὅθεν
887 1684 1202 1758 ἀναγκαίως
1235 1687 1324 1742 ἐπὶ
1354 1681 1503 1742 τοῦτ’
1537 1681 1701 1751 αὐτὸς
1733 1706 1832 1740 πα-

225 1769 473 1844 ρελθών,
541 1769 646 1827 σῦν
696 1772 815 1846 θεῷ
866 1772 1088 1845 βοηθῷ,
1153 1767 1288 1825 κατὰ
1341 1767 1404 1824 τὰ
1457 1770 1833 1841 ἐπηγγελμένα

223 1854 325 1927 τὴν
386 1857 573 1924 ἐντελῆ
644 1852 821 1926 πάσης
889 1855 984 1924 τῆς
1047 1850 1425 1924 Εὖαγγελικῆς
1479 1848 1833 1920 Ἀποδείξεως
1857 1876 1897 1909 20

224 1944 603 2010 πραγματείαν
643 1940 699 2004 ἐξ
740 1934 923 1993 αὐτῶν
963 1940 1191 1994 ἐκείνων
1236 1960 1346 1993 των
1392 1935 1521 2009 παρ’
1562 1932 1832 2010 Ἑβραίοις

224 2020 510 2094 θεολόγων
551 2020 1015 2093 παραστήσασθαι
1058 2019 1398 2093 πειράσομαι.
1463 2026 1830 2078 σπουδαιολο-

223 2120 398 2178 γεῖται
434 2107 499 2162 δέ
532 2130 622 2179 μοι
663 2131 694 2178 η
747 2103 931 2179 γραφὴ
985 2102 1115 2177 οὐχ,
1149 2128 1221 2170 ως
1253 2102 1322 2162 άν
1361 2130 1442 2171 τις
1482 2112 1652 2178 φαίη,
1695 2105 1831 2162 κατὰ·

219 2189 531 2261 Ἰουδαίων,
573 2188 778 2262 άπαγε,
821 2193 1029 2246 πολλοῦ
1073 2213 1134 2260 γε
1175 2191 1266 2244 καὶ
1309 2195 1420 2260 δεῖ,
1479 2188 1613 2262 πρὸς
1646 2214 1829 2246 αυτων

223 2275 324 2347 μὲν
354 2266 485 2347 οῦν,
522 2280 571 2330 εἰ
601 2271 1036 2346 εὐγνωμονοῖεν,
1069 2271 1353 2344 τυγχάνει·
1402 2279 1691 2345 συνίστησι
1723 2272 1827 2345 γὰρ
1852 2297 1893 2330 25

223 2359 288 2415 τὰ
339 2360 438 2432 μὲν
481 2361 830 2430 Χριστιανῶν
879 2356 969 2414 διὰ
1021 2362 1113 2429 τῆς
1154 2354 1432 2415 ἀνέκαθεν
1475 2357 1830 2430 προρρήσεως

227 2446 649 2517 ἐπιμαρτυρίας,
693 2440 758 2498 τὰ
802 2440 854 2499 δ’
894 2444 1121 2498 ἐκείνων
1163 2440 1253 2497 διὰ
1285 2445 1376 2513 τῆς
1419 2445 1531 2498 τῶν
1561 2438 1694 2512 παρ’
1729 2439 1826 2498 αῦ-

222 2542 335 2594 τοῖς
394 2529 745 2601 προφητειῶν
807 2523 1300 2598 άποτελεσματικῆς
1364 2523 1825 2599 συμπληρώσεως.

230 2617 308 2669 12.
343 2610 601 2685 ἁρμόσειε
632 2607 690 2668 δ’
732 2607 801 2667 ἂν
842 2613 932 2667 καὶ
974 2611 1167 2667 παισὶν
1190 2605 1493 2682 Ἐλλήνων,
1538 2614 1587 2666 εἰ
1618 2607 1830 2681 εὐγνω-

223 2710 475 2768 μονοῖεν,
510 2693 601 2752 διὰ
630 2698 724 2767 τῆς
755 2693 1071 2768 παραδόξου
1092 2695 1202 2750 τοῖν
1232 2691 1546 2765 μελλόντων
1576 2691 1823 2767 προγνώ-
1850 2716 1891 2748 30

224 2799 393 2851 σεως,
439 2783 532 2852 τῆς
573 2803 630 2836 τε
668 2783 779 2836 τῶν
819 2777 1155 2852 πραγμάτων
1196 2776 1331 2834 κατὰ
1373 2777 1468 2844 τὰς
1499 2775 1827 2852 προρρήσεις

154 2893 199 2932 (ει)
229 2862 519 2936 ἐκβάσεως,
551 2862 688 2937 ὁμοῦ
721 2863 822 2936 μὲν
851 2861 909 2920 τὸ
943 2869 1142 2921 ἔνθεον
1173 2863 1264 2919 καὶ
1294 2861 1532 2931 ἀψευδὲς
1562 2866 1657 2934 τῆς
1689 2858 1823 2919 καθ’
