1992 3186
581 129 884 171 DEMONST.
922 93 1140 172 EVANG.
1171 130 1296 172 VIII.
1327 131 1368 169 2.
1660 126 1763 180 533

155 244 290 306 καθ’
333 243 428 313 οὓς
459 244 492 318 ἡ
525 248 623 303 τοῦ
655 250 900 319 σωτῆρος
930 243 1087 319 ἡμῶν
1122 242 1305 317 Ἰησοῦ
1335 248 1576 325 Χριστοῦ
1606 247 1765 317 γένε-

155 350 239 400 σις
272 336 568 406 ἱστορεῖται
599 332 1077 405 περιγραφομένη,
1112 335 1164 386 εἰ
1191 326 1492 403 ἀρξάμενος
1523 326 1631 386 ἀπὸ
1643 339 1764 386 Δα-

157 421 311 490 ρείου
351 418 445 473 καὶ
482 418 577 487 τῆς
617 413 1063 489 συμπληρωσεως
1103 418 1200 471 τοῦ
1243 420 1384 471 ναοῦ
1424 413 1522 471 τὸν
1562 413 1766 486 δηλού-

153 525 324 575 μενον
353 498 596 575 ἀριθμὸν
625 496 944 574 ἄναλογίσῃ.
1007 503 1089 556 81.
1123 504 1372 572 Δαρείου
1402 498 1507 572 γὰρ
1539 496 1674 556 ’κατὰ
1704 498 1764 556 τὸ

110 613 130 645 5
155 585 420 658 δεύτερον
462 590 579 651 ἔτος
620 583 716 641 τὸν
759 586 1236 657 ἑβδομηκονταετῆ
1278 582 1479 658 χρόνον
1511 586 1605 656 τῆς
1638 586 1763 657 ε’ρη-

153 666 743 743 μώσεωςἹερουσαλὴμ
764 666 1268 742 συμπεπεροὲνθαιὸ
1291 666 1577 742 προφήτης
1589 677 1765 741 Ζαχα-

155 762 278 828 ρίας
324 759 487 827 δηλοῖ
511 750 701 825 ’λέγων
732 749 836 827 “τῇ
876 751 1096 826 τετράδι
1127 755 1219 809 καὶ
1261 751 1466 825 εἰκάδι,
1507 755 1584 830 τῷ
1615 755 1766 810 ἑνδε-

154 837 300 916 κάτῳ
345 840 509 912 μηνὶ,
552 836 717 904 αὐτός
759 840 871 894 ἐστι
903 835 1126 909 Σαβάτ,
1166 840 1227 894 ἐν
1265 840 1342 914 τῷ
1386 838 1628 914 δευτέρῳ
1660 843 1768 894 ἔτει

156 929 430 999 Δαρείου,
474 923 688 995 ἐγένετο
729 920 890 994 λόγος
930 928 1130 996 κυρίου
1172 920 1308 996 πρὸς
1351 930 1633 995 Ζαχαρίαν
1672 919 1768 978 τὸν

92 1038 132 1070 10
154 1011 252 1065 τοῦ
296 1002 634 1082 Βαραχίου.”
709 1010 792 1063 82.
841 1003 949 1063 εἷθ’
999 1008 1121 1078 ἑξῆς
1163 1008 1403 1079 ἐπιλέγει
1447 1002 1766 1063 “zabdas-

155 1098 326 1164 κρίθη
355 1090 384 1148 ὁ
415 1089 645 1164 ἅγγελος
675 1096 904 1164 κυρίου,
936 1092 1029 1147 καὶ
1061 1090 1235 1163 εἶπεν,
1268 1089 1426 1165 κύριε
1456 1089 1768 1165 παντοκρά-

152 1200 291 1250 τωρ,
336 1179 437 1242 ἕως
475 1181 624 1241 τίνος
662 1173 729 1232 ού
775 1172 848 1248 μὴ
892 1173 1119 1249 ἐλεήσῃς
1149 1173 1250 1248 τὴν
1272 1172 1634 1249 Ἰερουσαλὴμ
1675 1177 1767 1231 καὶ

153 1259 248 1326 τὰς
271 1259 459 1327 πόλεις
483 1258 696 1332 Ἰούδα,
740 1256 804 1326 ἃς
843 1258 1135 1332 ὑπερεῖδες
1164 1265 1326 1318 τοῦτο
1358 1257 1768 1333 ἑβδομηκοστὸν

156 1343 338 1415 ε”τος;”
388 1350 587 1402 τοῦτον
618 1343 687 1416 δὴ
718 1336 822 1402 οὖν
852 1341 1023 1401 αὐτὸν
1051 1348 1130 1421 τῷ
1150 1350 1291 1422 θείῳ
1323 1343 1595 1417 πνεύματι
1625 1355 1767 1402 θεω-

91 1459 132 1490 15
155 1427 327 1503 ρήσας
368 1428 397 1486 6
429 1426 648 1500 Δανιὴλ
686 1429 782 1485 τὸν
826 1427 1029 1502 χρόνον
1069 1432 1390 1502 σημειοῦται
1419 1431 1599 1501 λε’γων
1620 1425 1767 1500 “ε’γω

154 1511 374 1586 Δανιὴλ
394 1517 612 1586 συνῆκα
635 1517 695 1571 ἐν
718 1527 836 1579 ταῖς
857 1519 1072 1585 βίβλοις
1091 1513 1188 1571 τὸν
1210 1511 1454 1586 ἀριθμὸν
1474 1519 1588 1570 τῶν
1610 1516 1766 1582 ἐτῶν,

151 1595 212 1664 ὃς
245 1597 488 1671 ἐγενήθη
529 1597 689 1670 λόγος
730 1603 928 1670 κυρίου
959 1596 1095 1670 πρὸς
1119 1594 1391 1671 Ἱερεμίαν
1429 1595 1525 1654 τὸν
1554 1595 1767 1671 προφή-

151 1705 283 1755 την,
317 1689 394 1749 εἰς
425 1680 826 1755 συμπλήρωσιν
857 1681 1180 1757 ἐρημώσεως
1202 1678 1579 1755 Ἰερουσαλὴμ,
1612 1684 1768 1753 ἑβδο-

154 1764 400 1840 μήκοντα
433 1771 552 1839 ἔτη,
597 1768 688 1822 καὶ
723 1772 903 1824 ἔδωκα
933 1766 992 1824 τὸ
1025 1765 1324 1840 πρόσωπόν
1364 1790 1471 1839 μου
1501 1765 1637 1839 πρὸς
1669 1765 1769 1822 κύ-

90 1879 133 1910 20
157 1875 280 1923 ριον
317 1851 415 1908 τὸν
463 1849 604 1918 θεόν
642 1875 778 1924 μου,
827 1855 927 1908 τοῦ
979 1854 1262 1924 ἐκζητῆσαι
1310 1850 1626 1925 προσευχὴν
1675 1852 1767 1907 καὶ

158 1938 364 2008 δέησιν.
435 1940 517 1992 83
553 1935 669 1993 εἶτα
709 1933 844 2009 μετὰ
883 1934 985 2008 τὴν
1029 1934 1197 2009 εὐχὴν
1238 1937 1526 2007 ἐπιφανεὶς
1558 1933 1708 2011 αὐτῷ
1738 1931 1766 1990 6

153 2018 384 2092 αγγελος
414 2026 665 2088 θεσπιζει
705 2044 772 2077 τα
802 2022 930 2094 περὶ
962 2044 1074 2078 των
1115 2018 1495 2093 ἑβδομήκοντα
1530 2017 1769 2092 ἑβδομα-
1821 2050 1833 2056 -

159 2111 301 2175 δων,
351 2107 443 2161 καὶ
497 2102 594 2162 τὸν
643 2102 846 2178 χρόνον
884 2102 1025 2162 ὅθεν
1067 2110 1158 2162 δεῖ
1193 2103 1464 2179 ἄρχεσθαι
1505 2101 1798 2176 ἀριθμεῖν«

156 2195 413 2290 σημαίνει
445 2185 656 2259 λέγων“
661 2187 777 2246 καὶ
807 2187 996 2264 γνώσῃ
1028 2192 1121 2247 καὶ
1141 2187 1403 2262 συνήσεις
1437 2188 1544 2245 ἀπὸ
1571 2186 1766 2256 ἐξόδου

90 2299 131 2330 25
156 2271 325 2340 λόγου
363 2277 463 2331 τοῦ
504 2269 882 2347 ἀποκριθῆναι
911 2276 1004 2330 καὶ
1043 2278 1142 2331 τοῦ
1181 2277 1540 2346 οἰκοδομῆσαι
1561 2271 1767 2372 Ἰερου-

156 2356 340 2430 σαλημ
373 2360 473 2423 ἕως
502 2361 729 2432 χριστοῦ
758 2354 1106 2432 ἡγουμένουῖ
1169 2360 1363 2430 γέγονε
1383 2359 1485 2430 μὲν
1507 2358 1608 2414 οὐν
1628 2354 1766 2411 από-

157 2458 333 2510 κρισις
363 2463 551 2514 πρωτη
575 2440 768 2514 Κύρου
798 2446 1237 2515 οἰκοδομηθηναι
1266 2440 1368 2513 τὴν
1390 2437 1766 2514 Ιερουσαλὴμ,

157 2520 224 2580 οὐ
255 2523 365 2596 μὴν
409 2530 486 2590 εἰς
529 2531 690 2598 ἔργον
722 2525 995 2600 ἐχώρησε,
1039 2530 1151 2583 τῶν
1195 2530 1493 2599 περιοίκων
1523 2531 1768 2581 κεκωλυ-

159 2605 355 2665 κότων.
417 2612 499 2665 84.
532 2615 780 2682 Δαρείου
814 2611 875 2666 δὲ
905 2608 1040 2683 μετὰ
1075 2613 1248 2666 ταῦτα
1282 2607 1644 2674 κελεύσαντος
1675 2609 1766 2663 καὶ

7 2704 11 2717 ³
94 2717 135 2748 30
158 2695 254 2763 τῆς
285 2696 576 2765 οἰκοδομῆς
606 2697 704 2750 τοῦ
751 2697 905 2764 ἱεροῦ
938 2692 1054 2750 κατ’
1093 2692 1264 2750 αὐτὸν
1304 2698 1766 2763 συντελεσθείσης

272 2886 295 2925 7
326 2884 461 2927 Zach.
488 2886 524 2935 l,
551 2887 590 2927 7.
767 2888 818 2927 10
850 2887 988 2929 Zaeh.
1014 2890 1051 2939 1,
1079 2890 1142 2930 12.
1322 2890 1373 2929 15
1403 2890 1522 2930 Dan.
1547 2890 1587 2939 9,
1610 2889 1651 2929 2.
