1946 3158
190 95 296 147 206
859 94 1110 136 EUSEBII

194 215 247 279 ἐξ
279 208 521 284 άνάγκης
551 208 872 284 ἀνατρέχειν
904 208 1216 282 ἐκβιάζομαι
1242 211 1331 266 ἐπὶ
1360 208 1460 281 τὴν
1491 214 1590 266 τοῦ
1620 215 1804 267 αἰτίου

194 294 443 368 ζήτησιν,
476 297 567 351 καὶ
599 302 999 366 συνομολογεῖν
1038 292 1111 366 μὴ
1151 292 1330 361 ἄλλως
1370 290 1571 359 αὐτοὺς
1603 317 1802 367 κεκρα-

191 382 415 452 τηκέναι
444 384 542 435 τοῦ
568 376 908 451 τολμήματος
938 374 972 450 ἢ
995 379 1250 453 θειοτέρα
1286 375 1431 434 καὶ“
1403 378 1542 451 υπερ
1574 375 1802 450 ἄνθρω-

192 486 299 521 πον
362 461 596 534 δυνάμει
656 464 748 518 καὶ
800 469 1066 537 συνεργίᾳ
1126 466 1224 519 τοῦ
1282 460 1562 534 φήσαντος
1616 457 1801 528 αὐτοῖς

183 543 607 620 “μαθητεῦσατε
646 544 827 603 πάντα
866 545 931 602 τὰ
972 553 1112 619 ε’θνη
1154 550 1214 603 ἐν
1253 549 1328 622 τῷ
1367 543 1598 618 ὀνόματί
1625 570 1748 619 μου.
1782 544 1846 601 '5

191 635 275 687 23.
309 634 470 688 τοῦτο
504 627 553 686 δ’
601 621 704 687 οῦν
737 627 908 687 εἰπών
940 633 1285 702 ἐπισυνῆψεν
1326 631 1686 702 ἐπαγγελίαν,
1720 628 1791 686 δι’

191 707 253 787 ἧς
279 721 508 788 ἔμελλον
527 717 856 789 ἐπιθαρρεϊν
877 716 968 771 καὶ
991 712 1297 788 προθύμως
1324 712 1635 771 ἐπιδιδόναι
1658 719 1801 786 σφᾶς

191 795 394 865 αὐτοὺς
424 812 537 866 τοῖς
568 800 1054 873 παρηγγελμένοις.
1117 800 1255 872 φησὶ
1287 802 1427 870 γοῦν
1458 794 1645 865 αὐτοῖς
1684 795 1800 854 ‘mxl

146 907 166 938 d
192 882 316 940 ἰδοῦ
349 881 454 955 ἐγώ
485 879 621 956 μεθ’
653 879 814 956 ὑμῶν
846 889 955 955 εἰμι
986 881 1165 951 πάσας
1195 906 1289 948 τας
1320 877 1544 955 ἡμέρας,
1575 885 1675 948 ἕως
1705 885 1800 954 τῆς

191 973 510 1033 συντελείας
540 970 641 1025 τοῦ
670 963 916 1034 aestivos?
978 966 1117 1025 ἄλλα
1147 969 1238 1024 καὶ
1269 965 1580 1039 πνεύματος
1612 965 1799 1032 αὐτοῖς
1823 993 1867 1024 10

193 1055 493 1124 ἐμπνεῦσαι
523 1055 739 1124 λέγεται
782 1058 976 1123 θείου,
1023 1049 1160 1108 αλλα
1202 1052 1294 1108 καὶ
1338 1049 1579 1122 δύναμιν
1612 1048 1803 1116 αὐτοῖς

191 1142 392 1193 ἔνθεον
422 1138 513 1192 καὶ
545 1133 985 1206 παραδοξοποιὸν
1009 1137 1384 1208 πεποιηκέναι,
1416 1134 1536 1191 τοτὲ
1561 1134 1663 1206 μὲν
1694 1133 1799 1207 φή-

192 1237 291 1286 σας
313 1218 548 1292 “λάβετε
587 1222 807 1292 πνεῦμα
847 1217 1073 1293 ἅγιον,”
1135 1220 1255 1277 τοτὲ
1301 1220 1360 1275 δὲ
1393 1214 1800 1276 εἰπών“άσθε-

189 1306 425 1369 νοῦντας
455 1302 823 1377 θεραπεύετε,
866 1302 1103 1378 λεπροῦς
1135 1310 1488 1377 καθαρίζετε,
1534 1308 1798 1374 δαίμονας

100 1405 166 1447 [90]
195 1386 510 1459 ἐκβάλλετε·
545 1386 762 1461 δωρεάν
794 1386 1036 1459 ἐλάβετε,
1070 1385 1290 1461 δωρεάν
1323 1385 1462 1444 δότε.
1475 1384 1503 1405 ”
1547 1390 1630 1443 24.
1666 1405 1796 1444 συν·
1820 1413 1862 1444 15

189 1475 319 1546 ορᾷς
363 1477 656 1546 τοιγαροῦν
701 1474 793 1528 καὶ
838 1469 1001 1539 αὐτὸς
1046 1471 1194 1539 ὅπως
1238 1470 1575 1546 κεκράτηκεν
1627 1466 1655 1527 ὁ
1713 1466 1795 1528 δι’

190 1554 376 1613 αὐτῶν
406 1555 595 1629 λόγος,
629 1558 747 1613 ἐπεὶ
776 1558 868 1612 καὶ
900 1555 1140 1629 αῦτῶνὴ
1173 1561 1364 1629 βίβλος
1394 1561 1506 1613 τῶν
1528 1553 1798 1629 Πράξεων

190 1638 418 1717 συνῳδὰ
447 1639 658 1708 τούτοις
700 1642 791 1697 καὶ
825 1639 1100 1714 σύμφωνα
1138 1654 1428 1714 μαρτυρεῖ·
1476 1644 1616 1697 ἔνθα
1649 1644 1797 1696 ἱστο-

190 1728 415 1796 ροῦνται
458 1727 549 1782 καὶ
591 1725 751 1782 αὐτοὶ
789 1727 857 1799 τῇ
894 1728 1005 1782 τῶν
1044 1723 1375 1798 παραδόξων
1426 1727 1674 1798 ἐνεργείᾳ
1718 1721 1790 1779 δι’

187 1807 452 1882 ὀνόματος
482 1813 580 1867 τοῦ
603 1808 782 1882 Ἰησοῦ
827 1807 962 1882 πρὸς
1008 1806 1193 1865 αὐτῶν
1242 1809 1633 1880 ἐπιτελουμένη
1664 1807 1794 1873 τούς
1817 1835 1858 1867 20

75 1917 164 1959 (139)
189 1891 464 1968 παρόντας
495 1895 586 1950 καὶ
616 1893 744 1958 τοὺς
761 1894 1081 1964 θεωμένους
1107 1894 1380 1964 ἐκπλῆξαι.
1427 1896 1510 1948 25.
1547 1893 1794 1963 ἐξέπλητ-

187 2000 283 2034 τον
322 1977 454 2051 γὰρ,
499 2001 571 2043 ως
613 1978 785 2046 εἰκὸς,
828 1974 919 2032 διά
957 1999 1069 2032 των
1100 1981 1278 2050 ἔργων
1316 1974 1443 2042 τοῦς
1474 1979 1795 2049 θεωμένους

188 2059 482 2134 πρότερον·
543 2058 657 2118 εἷθ’
701 2058 875 2126 οὕτως
914 2059 1241 2163 προθύμους
1278 2060 1428 2134 εἶχον
1470 2057 1672 2126 αυτοῦς
1704 2061 1793 2116 ἐπὶ

187 2144 247 2202 τὸ
295 2153 690 2215 φιλοπευστεῖν
733 2149 814 2210 τίς
860 2142 978 2201 ποτ’
1029 2168 1099 2246 ην
1143 2145 1302 2211 οὗτος
1343 2145 1410 2202 οῦ
1451 2147 1521 2218 τῇ
1561 2141 1794 2217 δυνάμει

187 2230 280 2286 καὶ
311 2235 653 2305 προσηγορία
683 2227 742 2286 τὸ
772 2232 965 2301 θαῦμα
994 2230 1244 2301 γέγονεν·
1295 2228 1412 2286 εἶτα
1437 2226 1792 2294 διδάσκοντες
1814 2256 1859 2288 25

188 2311 454 2388 ηὕρισκον
482 2317 550 2388 τῇ
579 2321 760 2371 πίστει
791 2311 1112 2384 φθάνοντας
1136 2312 1238 2384 τὴν
1260 2310 1392 2387 παρ’
1427 2310 1614 2369 αὐτῶν
1638 2317 1791 2368 διδα-

188 2405 436 2456 σκαλίαν.
506 2403 591 2456 26.
625 2397 692 2456 οὐ
732 2397 836 2471 γὰρ
881 2411 992 2464 τοῖς
1033 2395 1215 2468 λόγοις
1257 2398 1609 2467 πεισθέντες,
1651 2393 1791 2452 ἄλλα

187 2496 299 2550 τοῖς
331 2488 510 2558 ἔργοις
541 2484 1098 2558 προκαταληφθέντες
1139 2480 1335 2557 ῥᾴδιον
1375 2483 1661 2537 ἐποιοῦντο
1691 2479 1791 2552 τὴν

190 2571 250 2623 ἐν
288 2582 401 2634 τοῖς
453 2566 634 2640 λόγοις
687 2566 960 2624 διάθεσιν.
1042 2569 1292 2637 λέγονται
1331 2567 1469 2637 γοῦν
1510 2562 1617 2636 ἤδη
1648 2565 1791 2630 τινὲς

191 2846 241 2883 10
279 2789 325 2882 85
357 2788 522 2832 Matth.
546 2791 613 2840 -28,
638 2791 703 2830 19.
849 2790 873 2828 9
903 2788 970 2828 Ib.
994 2789 1061 2828 20.
1218 2789 1269 2827 13
1300 2787 1371 2827 Jo.
1395 2788 1464 2838 20,
1490 2787 1557 2828 22.
1617 2785 1782 2824 Matth.

244 2874 253 2894 ‚
310 2874 318 2883 .
