1992 3186
251 119 355 172 660
935 119 1181 160 EUsEssn

250 261 318 310 με
361 234 495 306 πρὸς
528 232 699 293 αὐτὸν
741 233 1035 306 εἰσήκουσέ
1061 257 1184 307 μου.
1258 233 1407 307 παρὰ
1438 240 1539 292 σοῦ
1577 233 1603 291 ὁ
1637 235 1861 303 ἔπαινός

251 345 359 394 μου
401 323 461 377 ἐν
502 323 763 394 ἐκκλησίᾳ
804 316 1044 393 μεγάλῃ·
1100 317 1196 385 τὰς
1238 315 1402 392 εὐχάς
1439 343 1547 391 μου
1585 316 1861 377 ἀποδώσω

212 440 231 462 e
255 404 491 464 ἐνώπιον
521 407 633 461 τῶν
662 404 1035 476 φοβουμένων
1065 399 1251 460 αὐτόν.
1313 407 1361 459 6.
1395 401 1667 476 φάγονται
1696 406 1862 477 πένη-

251 515 339 556 τες
388 490 480 545 καὶ
533 486 1053 561 ἐμπλησθήσονται,
1107 489 1199 544 καὶ
1252 489 1538 544 αἰνέσουσι
1577 487 1774 562 κύριον
1811 494 1870 546 οἱ

253 577 601 645 ἐκζητοῦντες
632 569 817 630 αυτόν.
883 577 927 629 7.
962 570 1217 644 ζήσονται
1241 596 1298 629 αι
1286 577 1542 644 “καρδίαι
1571 568 1758 630 αὐτῶν
1787 580 1866 640 εἰς
1888 596 1907 628 5

252 661 430 715 αἰῶνα
460 659 560 714 τοῦ
591 660 821 729 αἰῶνος,
852 655 1274 730 μνησθήσονται
1304 658 1395 713 καὶ
1429 657 1867 730 ἐπιστραφήσον-

251 767 340 799 ται
371 741 507 816 πρὸς
538 740 735 815 κύριον
765 740 945 799 πάντα
975 765 1043 799 τα
1072 742 1281 813 πέρατα
1310 745 1407 814 τῆς
1437 744 1557 814 γῆς,
1589 743 1682 798 καὶ
1701 761 1868 816 προσ-

252 825 599 898 κυνήσουσιν
650 824 889 884 ἐντόπιον
938 823 1112 883 αὐτοῦ
1154 845 1326 883 πασαι
1378 831 1440 882 αἱ
1487 828 1711 898 πατριαὶ
1759 831 1870 884 τῶν

256 914 471 984 ἐθνῶν,
502 908 586 968 ὅτι
609 913 707 968 τοῦ
738 916 937 985 κυρίου
969 906 1003 983 ἡ
1028 917 1284 983 βασιλεία
1315 913 1408 967 καὶ
1432 906 1595 977 αὐτὸς
1621 910 1872 980 δεσπόζει

207 1018 229 1050 d
254 998 367 1054 τῶν
411 999 613 1054 ἐθνῶν.
693 1001 907 1068 ἔφαγον
955 998 1047 1052 καὶ
1096 993 1524 1070 προσεκύνησαν
1573 994 1776 1062 πάντες
1818 999 1876 1053 οἱ
1895 1018 1934 1050 10

253 1087 445 1147 πίονες
475 1083 572 1153 τῆς
602 1083 734 1152 γῆς,
769 1078 1009 1138 ἐνώπιον
1041 1077 1215 1138 αὐτοῦ
1247 1085 1695 1155 προσπεσοῦνται
1727 1079 1872 1137 πάν-

255 1188 343 1232 τες
373 1169 431 1222 οἱ
456 1171 887 1237 καταβαίνοντες
929 1170 1007 1232 εἰς
1045 1163 1147 1237 τὴν
1186 1168 1308 1237 γῆν.
1381 1166 1473 1221 καὶ
1516 1159 1549 1236 ἡ
1583 1163 1734 1238 ψυχή
1763 1187 1871 1238 μου

256 1248 412 1326 αὐτῶ
442 1255 524 1324 ζῇ,
558 1251 650 1306 καὶ
680 1248 746 1306 τὸ
777 1252 993 1322 σπέρμα
1016 1273 1124 1322 μου
1150 1247 1443 1306 δουλεύσει
1474 1245 1638 1323 αὐτῷ.
1700 1246 1873 1321 ἄναγ-
1906 1278 1913 1284 ·

255 1332 545 1406 γελήσεται
582 1336 660 1410 τῷ
700 1339 876 1410 κυρίῳ
907 1332 1071 1406 γενεὰ
1111 1331 1143 1404 ἡ
1178 1335 1472 1407 ἐρχομένη,
1514 1335 1606 1389 καὶ
1636 1329 1875 1406 ἀναγγε-

254 1422 413 1476 λοῦσι
455 1417 558 1490 τὴν
602 1417 965 1490 δικαιοσύνην
995 1416 1169 1475 αὐτοῦ
1202 1422 1315 1495 λαῷ
1356 1421 1435 1494 τῷ
1464 1420 1872 1494 τεχθησομένῳ,
1898 1438 1938 1471 15

257 1500 325 1560 ὃν
358 1506 617 1575 ἐποίησεν
649 1498 678 1560 ὁ
711 1501 915 1576 κύριος.

385 1593 431 1644 8.
475 1586 546 1644 Τὸ
570 1583 636 1644 “ὁ
667 1587 800 1655 θεός
830 1612 938 1661 μου
969 1586 1241 1660 πρόσσχες
1271 1611 1383 1660 μοι,
1418 1592 1572 1645 ι’νατί
1599 1589 1877 1659 ἐγκατέλι-

258 1673 355 1739 πές
385 1668 489 1745 με”
526 1674 587 1728 ἐν
616 1668 813 1747 ἀρχαῖς
853 1675 951 1729 τοῦ
989 1675 1226 1745 Ψαλμοῦ
1266 1670 1566 1746 λεγόμενον
1605 1671 1742 1729 κατὰ
1780 1671 1877 1729 τὸν

258 1765 568 1814 Ματθαῖον
597 1755 708 1814 ὑπὸ
740 1760 840 1814 τοῦ
874 1759 1120 1831 σωτῆρος
1151 1752 1311 1829 ἡμῶν
1341 1756 1490 1830 παρὰ
1522 1755 1619 1813 τὸν
1647 1760 1745 1813 τοῦ
1775 1753 1877 1812 πά-

258 1851 401 1908 θους
425 1840 620 1915 καιρὸν
643 1837 819 1908 οὕτως
844 1850 1055 1914 εἴρηται
1076 1839 1416 1914 “γενομε’νης
1442 1841 1504 1897 δὲ
1541 1837 1686 1912 ῶρας
1719 1842 1877 1912 ἕκτης
1899 1861 1939 1893 20

260 1924 453 1991 σκότος
496 1926 710 1998 ἐγένετο
753 1922 844 1999 ἐφ’
876 1924 1014 1998 ὅλην
1052 1924 1155 1996 τὴν
1192 1927 1300 1996 γῆν
1341 1927 1442 1991 ἕως
1485 1920 1631 1996 ῶρας
1663 1922 1876 1998 ἐνάτης,

262 2011 354 2066 καὶ
406 2015 472 2084 τῇ
531 2008 697 2082 ἐνάτῃ
751 2008 868 2084 ὥρα
920 2007 1151 2079 ἐβόησεν
1194 2006 1404 2080 Ἰησοῦς
1455 2012 1617 2082 φωνῇ
1668 2007 1877 2084 μεγάλη

264 2095 463 2165 ε’λωεὶμ
516 2095 714 2165 ε’λωεὶμ
763 2096 909 2165 λαμα
959 2095 1306 2165 σαβαχθανὶ,
1359 2091 1389 2150 ό
1431 2096 1544 2149 ε’στι
1595 2103 1881 2167 μεθερμη-

261 2175 587 2250 νευόμενον,
619 2172 647 2233 ὃ
679 2174 812 2243 θεὸς
842 2172 871 2233 6
902 2174 1034 2242 θεός
1063 2200 1171 2249 μου
1197 2182 1348 2234 ινατί
1374 2179 1720 2250 ἐγκατέλιπές
1749 2201 1847 2251 με;

266 2269 518 2333 εἴληπται
554 2261 612 2318 δε
639 2286 672 2334 η
697 2257 958 2335 Ἐβραϊκὴ
983 2257 1179 2329 λέξις’
1147 2258 1254 2317 απὸ
1278 2265 1372 2333 τῆς
1397 2265 1458 2318 ἐν
1481 2264 1636 2335 χερσὶ
1666 2284 1879 2335 προφη-
1903 2291 1945 2323 25

263 2351 429 2413 τείας.
492 2350 539 2402 9.
574 2343 770 2413 αὐταῖς
798 2347 939 2446 γοῦν
971 2351 1279 2417 συλλαβαῖς
1309 2343 1369 2402 τὸ
1391 2341 1551 2418 “ἠλεὶ
1585 2342 1706 2417 ἦλεὶ
1736 2352 1882 2419 λαμᾶ

265 2427 620 2504 σαβαχθανί”
655 2426 689 2502 ἡ
720 2434 819 2487 τοῦ
857 2436 1094 2504 Ψαλμοῦ
1123 2429 1365 2504 καταρχὴ
1397 2432 1654 2535 περιέχει,
1684 2452 1822 2501 οπερ
1853 2426 1880 2487 ὃ

263 2511 497 2580 Ἀκύλας
528 2518 725 2572 τοῦτον
766 2510 1084 2588 ἡρμήνευσε
1122 2512 1218 2571 τὸν
1248 2514 1455 2586 τρόπον
1478 2513 1716 2589 “ἰσχυρε’
1751 2539 1879 2588 μου,

164 2627 255 2669 (491)
286 2602 484 2674 ἰσχυρέ
499 2623 627 2672 μου,
660 2603 813 2656 ίνατί
830 2601 1177 2672 ἐγκατέλιπές
1205 2597 1333 2671 με;”
1368 2602 1543 2656 ταῦτα
1575 2600 1636 2656 δὲ
1658 2596 1740 2656 ὅτι
1769 2610 1885 2665 τοῖς

268 2682 380 2740 ὑπὸ
411 2687 511 2741 τοῦ
542 2687 785 2757 σωτῆρος
830 2680 987 2757 ἡμῶν
1016 2682 1153 2740 κατὰ
1181 2681 1278 2740 τὸν
1306 2686 1407 2740 τοῦ
1435 2682 1655 2749 πάθους
1686 2682 1882 2757 καιρὸν
1904 2711 1945 2743 30

385 2877 439 2916 20
470 2877 635 2920 Matth.
657 2878 725 2928 27,
748 2877 818 2918 46.
