1992 3186
578 103 885 145 DEMONST.
913 103 1135 146 EVANG.
1166 104 1267 146 VII.
1301 106 1339 143 1.
1648 103 1748 156 457

144 219 330 293 ῶσπερ
361 216 469 276 ἀπὸ
499 222 597 291 γῆς
622 221 714 276 καὶ
739 217 1025 291 πτώματος
1050 216 1392 286 ἀνανεωθεὶς
1419 216 1582 286 αὐτὸς
1617 222 1750 279 ἐκεῖ·

143 329 235 371 νος
266 300 294 360 ὁ
326 302 530 376 θρόνος
561 305 752 375 Δαβὶδ
795 301 885 359 διά
925 307 1019 375 τῆς
1058 306 1157 360 τοῦ
1196 307 1438 377 σωτῆρος
1478 301 1635 378 ἡμῶν
1669 308 1750 362 ε’ν-

141 391 281 446 θέου
312 394 596 460 βασιλείας
629 384 990 460 ἀνῶρθωται,
1023 390 1114 444 καὶ
1149 392 1402 460 διαμενεῖ
1428 394 1506 455 εἰς
1536 387 1633 445 τὸν
1664 396 1751 446 αί-
1776 411 1796 443 b

142 479 288 546 ῶνα,
322 474 412 529 καὶ
448 473 612 530 εἰσέτι
643 495 707 545 γε
737 467 808 538 ῶς
839 471 866 529 ὁ
898 470 1050 544 ἥλιος
1083 475 1336 530 ἐναντίον
1353 475 1452 530 τοῦ
1480 478 1621 530 θεοῦ
1652 472 1754 547 τὴν

99 582 118 614 5
142 561 327 615 πᾶσαν
357 556 730 630 καταλάμπων
770 561 1104 630 οἰκουμένην
1143 572 1262 623 ταῖς
1293 555 1472 616 ἀκτῖσι
1504 559 1604 616 τοῦ
1633 583 1753 631 φω-

139 641 228 709 τὸς
268 646 363 716 τῆς
407 648 766 708 διδασκαλίας
810 639 1012 714 αὐτοῦ,
1060 638 1383 708 ἀκολούθως
1427 649 1492 717 τῇ
1537 665 1596 699 τε
1647 640 1753 700 ἀπὸ

139 732 237 784 τοῦ
286 733 520 800 Ψαλμοῦ
560 731 835 801 μαρτυρία
875 728 968 782 καὶ
1006 732 1105 782 τοῦ
1145 724 1279 798 μετὰ
1319 739 1502 800 χεῖρας
1535 726 1754 800 προφή-

140 835 258 883 του,
290 813 417 883 περὶ
448 815 547 868 τοῦ
577 812 1069 883 γεννηθησομένου
1088 815 1316 867 παιδίου
1347 812 1600 882 λέγοντος
1624 806 1752 868 “ε’πὶ

139 893 236 952 τὸν
265 894 478 969 θρόνον
497 891 734 967 Δαβίδ,”
780 892 991 966 δηλαδὴ
1015 893 1113 951 τὸν
1143 892 1373 952 αἰώνιον
1409 897 1500 951 καὶ
1534 900 1751 969 διαρκῆ,

76 1002 118 1034 10
140 978 237 1037 τόν
269 979 337 1052 δὴ
371 982 463 1036 καὶ
495 980 905 1052 ἐπηγγελμένον
926 983 1002 1055 τῷ
1015 980 1223 1050 Δαβὶδ,
1249 977 1752 1051 “καθεσθήσεσθαι

142 1061 312 1121 αὐτὸν
345 1065 434 1121 ἐπὶ
463 1062 566 1135 τὴν
609 1069 899 1135 βασιλείαν
939 1059 1136 1134 αὐτοῦ,
1182 1067 1536 1136 κατορθῶσαι
1580 1061 1754 1137 αὐτὴν

141 1150 232 1204 καὶ
263 1146 662 1220 ἀντιλαβέσθαι
698 1150 757 1204 ἐν
788 1151 1007 1220 κρίματι
1039 1149 1128 1204 καὶ
1155 1146 1485 1221 δικαιοσύνῃ
1517 1146 1624 1204 ἀπὸ
1655 1152 1753 1206 τοῦ

141 1235 251 1289 νῦν
280 1234 372 1289 καὶ
406 1238 482 1299 εἰς
512 1230 610 1289 τὸν
641 1229 872 1289 αἰῶνα.”
954 1235 1068 1288 149.
1102 1230 1250 1299 ὅπως
1294 1233 1354 1288 δὲ
1384 1235 1555 1289 ταῦτα
1588 1235 1756 1306 ἐπλη-

143 1322 307 1388 ροῦτο
349 1315 680 1383 διδάσκαλος
729 1312 930 1388 γένοιτ’
975 1340 1046 1373 αν
1097 1313 1392 1390 ἀξιόχρεως
1431 1316 1754 1389 Γαβριὴλο
1784 1345 1801 1368 e

80 1423 120 1455 15
143 1398 374 1473 άγγελος
418 1403 477 1458 έν
518 1406 594 1476 τῶ
636 1398 771 1474 πρὸς
801 1399 903 1472 τὴν
934 1402 1224 1471 παρθένον
1264 1404 1621 1478 χρηματισμῷ
1650 1401 1754 1474 φά-

143 1506 293 1542 σκων
318 1480 428 1558 “μὴ
458 1459 639 1558 φοβοῦ
679 1482 941 1557 Μαριάμ,
977 1507 1134 1558 ευρες
1167 1482 1272 1556 γὰρ
1303 1484 1465 1557 χάριν
1500 1484 1648 1557 παρὰ
1677 1490 1754 1562 τῶ

143 1574 285 1626 θεῶ
333 1571 426 1626 καὶ
461 1567 584 1625 ἰδού
615 1567 871 1672 συλληψῃ
891 1571 951 1625 έν
969 1571 1182 1642 γαστρὶ,
1214 1570 1306 1624 καὶ
1336 1570 1460 1643 τέξῃ
1485 1568 1631 1640 υιὸν,
1663 1573 1755 1627 καὶ

143 1629 393 1720 καλέσεις
423 1652 483 1710 τὸ
514 1651 687 1726 ὄνομα
719 1651 889 1710 αυτοῦ
914 1648 1143 1724 Ἰησοῦν.
1197 1676 1355 1718 ουτος
1386 1658 1536 1709 ἔσται
1566 1654 1753 1726 μέγας,

143 1739 236 1794 καὶ
268 1737 388 1803 υιὸς
418 1733 658 1805 υψίστου
681 1735 1041 1809 κληθήσεται,
1074 1739 1166 1793 καὶ
1193 1734 1356 1794 δῶσει
1394 1735 1541 1814 αὐτῷ
1566 1736 1757 1810 κύριος

81 1844 121 1876 20
143 1820 171 1878 ὁ
203 1821 335 1889 θεὸς
365 1819 462 1879 τὸν
491 1820 704 1892 θρόνον
735 1823 924 1892 Δαβὶδ
953 1824 1052 1878 τοῦ
1085 1818 1289 1893 πατρὸς
1312 1819 1502 1892 αὐτοῦ,
1535 1823 1627 1877 καὶ
1659 1828 1757 1893 βα-

71 1965 76 1973 ,
145 1905 391 1962 σιλεύσει
423 1908 512 1963 ε’πὶ
542 1903 640 1962 τὸν
671 1905 824 1962 οἶκον
848 1904 1045 1977 Ἰακῶβ
1079 1911 1156 1972 εἰς
1183 1902 1283 1962 τὸν
1314 1907 1508 1977 αἰῶνα,
1540 1907 1633 1962 καὶ
1662 1912 1757 1979 τῆς

145 1995 428 2061 βασιλείας
471 1986 644 2047 αὐτοῦ
685 1986 788 2046 οὐκ
828 1996 979 2046 ἔσται
1018 1986 1225 2056 τέλος.”
1299 1994 1416 2046 150.
1448 1987 1656 2062 ταύτην
1699 1994 1759 2048 ἐν

145 2078 220 2149 τῶ
251 2076 632 2151 προειρημένῳ
670 2077 883 2150 Ψαλμῶ
922 2076 1013 2131 καὶ
1043 2072 1071 2130 ὁ
1113 2071 1398 2148 προφήτης
1429 2079 1757 2147 προσδοκῶν
1779 2088 1800 2121 d

144 2156 246 2230 τὴν
290 2161 389 2216 τοῦ
431 2161 675 2230 Χριστοῦ
713 2161 963 2229 γένεσιν,
1007 2156 1110 2230 τήν
1148 2182 1208 2215 τε
1249 2157 1557 2229 ὑπέρθεσιν
1587 2156 1757 2231 αὐτῆς

83 2264 124 2295 25
147 2244 239 2299 καὶ
270 2239 554 2314 ἀναβολὴν
586 2241 770 2314 ῶσπερ
802 2248 986 2300 αἰτίαν
1016 2246 1274 2316 συνορῶν
1298 2248 1392 2314 τῆς
1423 2247 1521 2299 τοῦ
1543 2241 1756 2314 θρόνου

146 2328 335 2398 Δαβὶδ
358 2325 727 2394 ἀποπτῶσεως
752 2325 1132 2384 ἀποδυσπετεῖ
1150 2329 1329 2399 λέγων
1343 2323 1454 2383 “σῦ
1474 2326 1534 2382 δὲ
1549 2325 1755 2382 ἀπῶσω

148 2412 239 2466 καὶ
273 2412 672 2483 ἐξουδένωσας,
705 2409 983 2483 ἀνεβάλου
1012 2408 1109 2468 τὸν
1140 2410 1381 2484 Χριστόν
1420 2406 1581 2466 σου.”
1640 2413 1752 2466 151,

151 2490 368 2565 εὔχεται
402 2495 462 2551 δε
493 2493 679 2568 ῶσπερ
713 2499 992 2552 δυσωπῶν
1022 2494 1082 2550 τὸ
1106 2504 1267 2551 θεῖον
1290 2486 1328 2566 ᾗ
1355 2492 1515 2566 τάχος
1539 2500 1755 2565 πληρω·

149 2581 322 2648 θῆναι
350 2576 415 2634 τὰ
446 2602 541 2650 της
574 2581 929 2651 ἐπαγγελίας,
961 2575 1227 2650 φάσκων
1232 2576 1362 2634 ‘noi'
1396 2579 1506 2633 ἐστι
1537 2574 1600 2633 τά
1635 2578 1756 2650 έλέη

87 2681 128 2712 30
152 2678 254 2716 σου
296 2658 362 2717 τὰ
402 2657 630 2734 ἀρχαῖα,
682 2662 870 2735 κύριε,
923 2658 958 2718 ἃ
998 2659 1214 2734 ῶμοσας
1253 2666 1330 2718 τῶ
1361 2661 1550 2733 Δαβὶδ
1591 2663 1652 2717 ἐν
1690 2664 1755 2735 τῇ

267 2854 317 2893 16
349 2853 458 2895 Luc.
485 2856 523 2906 1,
546 2855 614 2896 30.
