1946 3158
229 131 293 183 16
898 129 1144 171 EUSEBII

225 255 402 324 οἰκία,
434 254 537 314 πᾶς
570 244 1026 318 εἰσπορευόμενος
1060 250 1135 311 εἰς
1176 243 1277 317 τὴν
1307 251 1490 302 οἰκίαν
1520 247 1611 302 καὶ
1650 245 1831 304 πάντα

225 331 328 390 ὅσα
361 334 510 390 ἐστὶν
542 335 601 389 ἐν
639 333 706 404 τῇ
744 335 892 405 οἰκία
927 326 1216 403 ἀκάθαρτά
1259 332 1406 386 ἐστιν
1445 329 1578 387 ἑπτὰ
1609 329 1826 404 ἡμέρας.

228 419 320 474 καὶ
363 419 474 473 πᾶν
523 418 718 482 σκεῦος
748 415 1130 490 ἀνεῳγμένον,
1159 411 1262 471 ὅσα
1291 411 1412 487 οὐχὶ
1449 418 1634 491 δεσμῷ
1663 439 1831 472 κατα-

231 502 474 573 δέδεται,
507 499 799 572 ἀκάθαρτα
835 505 1015 570 ἔσται,
1057 501 1150 555 καὶ
1179 501 1286 564 ποῖς
1315 493 1374 564 ὃς
1405 493 1475 555 ἂν
1505 496 1709 571 ἅψηται
1743 501 1829 556 ἐπὶ

228 583 526 659 πρόσωπον
565 587 663 641 τοῦ
701 589 899 640 πεδίου
939 589 1278 657 τραυματίου
1319 586 1621 656 ῥομφαίας,
1662 579 1696 655 ἢ
1737 607 1875 642 ‘vs-5

229 673 384 743 κροῦ,
416 664 450 740 ἢ
481 667 675 726 ὀστέου
706 670 1091 742 ἀνθρωπίνου,
1123 663 1157 739 ἢ
1187 664 1485 740 μνήματος,
1519 665 1832 740 ἀκάθαρτός

231 757 381 810 ἐστιν
411 752 545 810 ἑπτὰ
584 751 816 826 ἡμέρας,
860 755 951 810 καὶ
992 750 1261 823 λήψονται
1290 754 1367 828 τῷ
1397 748 1696 826 ἀκαθάρτῳ
1725 747 1832 808 ἀπὸ

228 841 322 908 τῆς
354 840 586 903 σποδιάς
627 842 722 908 τῆς
762 838 1239 909 κατακεκαυμένης
1281 812 1379 892 τόῦ
1409 835 1708 908 ἁγνισμοῦ,
1741 837 1832 892 καὶ

231 925 515 995 ε’κχεοῦσιν
546 918 722 994 αὐτὴν
754 927 831 988 είς
855 923 1080 992 σκεῦος,
1122 923 1213 977 καὶ
1245 919 1513 992 λήψονται
1543 917 1832 978 ὕσσωπον·

231 1008 321 1062 καὶ
352 1005 519 1078 βάψει
550 1004 691 1080 ἀνὴρ
723 1003 994 1079 καθαρὸς,
1026 1006 1118 1061 καὶ
1151 1018 1477 1078 περιρρανεῐ
1506 1007 1593 1061 ἐπὶ
1623 1004 1720 1062 τὸν
1749 1003 1834 1061 οἷ-
1857 1030 1897 1062 10

231 1114 329 1148 κον
360 1092 451 1146 καὶ
481 1089 547 1147 τά
578 1088 747 1162 σκεύη
778 1093 870 1147 καὶ
898 1089 992 1156 τὰς
1023 1087 1229 1162 ψυχὰς,
1261 1087 1378 1146 ὅσοι
1407 1088 1503 1146 ἐὰν
1535 1080 1672 1146 αἷσιν
1704 1091 1834 1160 ἐκεῖ,

231 1177 321 1231 καὶ
355 1177 442 1230 ἐπὶ
471 1172 568 1231 τὸν
598 1171 844 1248 ἡμμένον
872 1178 970 1231 τοῦ
999 1172 1193 1230 ὀστέου
1236 1177 1335 1231 τοῦ
1364 1172 1760 1246 ἀνθρωπίνου,
1803 1169 1836 1245 ἢ

230 1262 330 1316 τοῦ
358 1267 726 1331 τραυματίου,
758 1254 791 1332 ἢ
823 1263 920 1316 τοῦ
950 1256 1312 1330 τεθνηκότος,
1345 1255 1378 1330 ἢ
1408 1263 1507 1315 τοῦ
1539 1255 1833 1331 μνήματος.

234 1348 314 1400 10.
349 1345 439 1399 καὶ
471 1357 798 1417 περιρρανεῖ
824 1342 852 1400 ὁ
885 1341 1134 1415 καθαρὸς
1168 1345 1256 1399 ε’πὶ
1296 1340 1393 1399 τὸν
1424 1338 1746 1415 ἀκάθαρτον
1777 1345 1838 1399 ἐν

231 1430 299 1500 τῇ
329 1426 506 1502 ἡμέρᾳ
536 1434 602 1501 τῇ
643 1434 796 1502 τρίτῃ
838 1430 930 1484 καὶ
974 1430 1033 1485 ἐν
1062 1430 1128 1500 τῇ
1167 1425 1343 1501 ἡμέρᾳ
1373 1430 1438 1501 τῇ
1473 1424 1711 1500 ἑβδόμῃ,
1743 1427 1835 1483 καὶ
1859 1450 1900 1482 15

233 1520 434 1569 πλυνεῖ
454 1509 518 1568 τά
545 1510 730 1584 ἱμάτια
753 1515 971 1583 ἑαυτοῦ,
1004 1514 1095 1568 καὶ
1120 1509 1377 1569 λούσεται
1395 1508 1455 1568 τὸ
1477 1514 1635 1583 σῶμα,
1654 1507 1835 1581 ὕδατι,

147 1625 215 1664 (ει)
233 1598 322 1652 καὶ
355 1594 667 1670 ἀκάθαρτος
698 1603 847 1653 ἔσται
871 1600 971 1663 ἕως
1003 1599 1249 1670 ἑσπέρας.
1292 1597 1384 1652 καὶ
1414 1592 1711 1669 ἅνθρωπος
1744 1594 1839 1651 ἐὰν

233 1683 449 1754 μιανθῇ
478 1683 570 1737 καὶ
595 1679 668 1753 μὴ
693 1678 1019 1754 ἀφαγνισθῇ
1034 1725 1049 1753 ,
1074 1677 1608 1753 ἐξολοθρευθήσεται
1630 1677 1664 1751 ἡ
1689 1679 1838 1752 ψυχὴ

183 1818 187 1821 «
235 1769 417 1836 ἐκείνη
461 1768 519 1821 ἐκ
559 1768 654 1836 τῆς
700 1768 1054 1837 συναγωγῆς,
1106 1762 1189 1820 ὅτι
1226 1761 1380 1835 ὕδωρ
1422 1767 1724 1836 ῥαντισμοῦ
1770 1760 1838 1820 οὗ

235 1855 703 1921 περιερραντίσθη
737 1845 822 1904 ἐπ’
857 1844 1042 1905 αὐτόν.
1115 1849 1207 1904 καὶ
1240 1853 1390 1903 ἔσται
1430 1845 1566 1920 ὑμῖν
1605 1846 1838 1920 νόμιμον
1860 1871 1902 1903 20

234 1929 517 1989 αἰώνιον.”

365 2022 444 2072 11.
487 2020 670 2074 Ταῦτα
702 2021 949 2088 Μωυσῆς
972 2014 1351 2088 νομοθετήσας
1380 2015 1476 2074 τὸν
1505 2015 1711 2090 τρόπον
1741 2020 1839 2074 τοῦ

234 2099 435 2166 ὕδατος
465 2124 563 2157 του
595 2104 897 2174 ραντισμοῦ
923 2098 1324 2172 ἐπεκδιδάσκει,
1359 2099 1595 2174 δάμαλιν
1618 2101 1839 2175 πυρρὰν

235 2183 463 2257 ἀμωμον
510 2183 951 2243 ὁλοκαυτοῦσθαι
1003 2183 1385 2258 προστάττων,
1441 2187 1533 2242 καὶ
1585 2182 1690 2242 ἀπὸ
1742 2189 1838 2258 τῆς

237 2272 469 2334 σποδιᾶς
510 2266 677 2341 αυτῆς
720 2267 1092 2342 ἐμβάλλεσθαι
1130 2271 1208 2345 τῷ
1245 2266 1408 2326 ὕδατι
1451 2272 1503 2337 ἐξ
1543 2261 1611 2327 οὑ
1640 2273 1837 2343 χρῆναι
1860 2291 1902 2324 25

237 2359 610 2426 καθαίρεσθαι
641 2378 767 2421 τους
801 2355 887 2410 ε’πὶ
912 2377 1090 2430 νεκρω
1112 2356 1573 2426 μεμολυσμένους.
1634 2375 1744 2410 που
1780 2355 1840 2411 δε

238 2436 338 2511 χρὴ
368 2411 809 2495 ὃλοκαυτοῦσθαι
841 2437 941 2510 τὴν
975 2436 1242 2511 δάμαλιν,
1289 2441 1395 2494 ποῦ
1437 2438 1497 2494 δὲ
1527 2436 1628 2509 τὴν
1659 2441 1720 2495 ἐν
1749 2439 1840 2493 λέ-

237 2545 317 2594 χει
348 2524 685 2623 προσφέρειν
714 2521 808 2589 τὰς
839 2529 1071 2594 θυσίας,
1116 2524 1224 2578 ποῦ
1257 2522 1317 2578 δε
1347 2546 1411 2578 τα
1443 2520 1605 2578 λοιπά
1636 2520 1840 2595 νόμιμα

238 2614 545 2680 συντελεῖν,
577 2606 660 2664 ὅτι
690 2605 762 2680 μὴ
794 2603 1111 2680 ἀδιαφόρως
1141 2609 1200 2663 ἐν
1224 2608 1388 2663 παντὶ
1419 2605 1587 2690 τόπῳ,
1619 2603 1740 2662 ἀλλ’
1780 2609 1839 2664 ἐν

235 2688 386 2766 μόνω
417 2693 499 2748 ἑνὶ
532 2715 573 2747 ω
607 2690 769 2758 αυτὸς
800 2689 1072 2765 ἀφορίζει,
1109 2693 1277 2763 δῆλον
1308 2687 1403 2762 ἀφ’
1442 2691 1520 2747 ὠν
1550 2701 1846 2763 νομοθετεῖ
1863 2710 1902 2743 30

350 2887 404 2924 24
434 2885 562 2926 Num.
591 2888 653 2935 19,
680 2887 719 2926 2.
