1992 3186
559 119 870 164 DEMONST.
902 119 1124 164 EVANG.
1158 120 1261 165 vn.
1290 124 1329 164 3.
1643 120 1746 172 477

134 239 211 312 τῷ
242 237 431 307 Δαβὶδ
461 232 691 292 αἰώνιον
719 233 936 310 θρόνον
964 231 993 292 ὁ
1025 236 1208 308 σωτὴρ
1239 237 1332 293 καὶ
1368 234 1559 311 κύριος
1588 234 1748 310 ἡμῶν

127 318 336 392 Ἰησοῦς
373 315 402 376 ὁ
434 317 667 393 Χριστὸς
706 322 807 376 τοῦ
844 321 988 377 θεοῦ
1023 321 1117 377 καὶ
1148 318 1282 378 οὐδὲ
1323 318 1487 387 ἄλλος
1518 319 1747 394 ἀνθρώ-
1769 358 1786 379 c

135 425 258 461 πων
286 401 624 476 ἀπείληφεν,
659 405 845 460 ἱκαναὶ
875 403 1265 462 πιστώσασθαι
1307 409 1370 461 αἱ
1395 426 1746 479 προπαρατε-

133 498 323 546 θεῖσαι
352 493 670 562 μαρτυρίαι,
701 486 738 560 ἥ
767 511 826 545 τε
854 491 956 545 τοῦ
976 486 1227 561 Γαβριὴλ
1257 487 1408 560 καὶὴ
1437 492 1537 546 τοῦ
1569 497 1745 562 Ζαχα-

88 592 112 625 5
135 577 294 646 ρίου,
336 569 412 629 δι’
458 563 538 628 ὧν
575 574 668 629 καὶ
708 578 1034 630 συνίσταται
1076 575 1136 630 ἐκ
1166 575 1475 646 σπέρματος
1504 571 1746 645 γεγονώς

134 658 322 728 Δαβὶδ
373 655 512 714 κατὰ
563 655 757 729 σάρκα.
843 661 923 714 18.
956 662 1068 714 τίνι
1120 657 1182 714 δὲ
1223 654 1370 734 λόγῳ
1409 655 1506 715 τὸν
1543 655 1745 729 Ἰωσὴφ

132 742 562 812 γενεαλογοῦσιν
584 745 642 796 οἱ
662 742 799 814 ἱεροὶ
823 739 1228 813 εὐαγγελισταὶ,
1259 746 1460 815 καίπερ
1493 739 1567 815 μὴ
1590 739 1746 808 ὄντος

132 826 234 880 τοῦ
263 827 508 897 σωτῆρος
530 820 688 897 ἡμῶν
712 827 766 891 ἐξ
791 822 982 896 αὐτοῦ,
1015 822 1134 880 ἀλλ’
1174 827 1227 892 ἐξ
1249 823 1414 897 ἁγίου
1435 823 1746 899 πνεύματος

133 909 226 964 καὶ
264 913 360 980 τῆς
399 907 558 981 ἁγίας
598 910 918 981 παρθένου,
968 906 1118 974 ὅπως
1156 931 1216 965 τε
1258 910 1348 965 καὶ
1392 908 1531 981 αὕτη
1573 905 1607 980 ἡ
1646 912 1747 967 τοῦ

69 1013 111 1043 10
135 997 335 1065 κυρίου
364 990 542 1066 μήτηρ
573 988 680 1048 ἀπὸ
710 994 908 1063 γένους
938 994 1030 1048 καὶ
1061 995 1367 1066 σπέρματος
1407 990 1746 1050 ἀποδείκνυ-

131 1099 220 1132 ται
251 1076 394 1133 εἷναι
423 1077 616 1148 Δαβὶδ
632 1119 647 1147 ,
680 1078 741 1132 ἐν
769 1078 848 1152 τῷ
877 1074 1077 1153 πρώτω
1106 1080 1219 1134 τῶν
1250 1082 1328 1144 εἰς
1357 1074 1460 1149 τὴν
1490 1085 1743 1148 γενεαλο-
1768 1103 1789 1134 d

130 1165 262 1231 γίαν
290 1163 390 1217 τοῦ
421 1163 670 1234 σωτῆρος
699 1158 859 1233 ἡμῶν
889 1159 1208 1233 ζητημάτων
1237 1162 1331 1217 καὶ
1361 1159 1580 1218 λύσεων
1612 1165 1743 1218 διει-

132 1242 400 1317 ληφότος,
443 1242 526 1301 ἐπ’
576 1246 763 1302 ἐκεῖνα
791 1241 921 1310 τούς
959 1252 1294 1318 φιλομαθεῖς
1325 1243 1740 1318 ἄναπέμπομεν,

133 1325 221 1399 ἐφ’
259 1330 452 1401 ἑτέραν
481 1327 622 1402 ἡμᾶς
650 1324 928 1386 ὑπόθεσιν
958 1335 1379 1402 κατεπείγοντος
1409 1332 1508 1386 τοῦ
1538 1327 1743 1401 παρόν-

71 1429 109 1461 15
133 1435 224 1477 τος
255 1435 468 1483 καιρου.

663 1618 792 1678 'And
832 1627 1062 1694 Ψαλμοῦ
1093 1645 1158 1677 oa
1172 1620 1201 1678 '.

252 1741 349 1803 “‘0
380 1746 511 1812 θεὸς
549 1746 611 1803 τὸ
652 1752 818 1819 κρίμα
859 1765 961 1803 σου
991 1750 1066 1823 τῷ
1098 1753 1319 1818 βασιλεῖ
1348 1746 1470 1819 δὸς,
1513 1749 1605 1803 καὶ
1641 1747 1742 1819 τὴν

133 1829 496 1902 δικαιοσύνην
525 1848 629 1888 σου
658 1833 736 1908 τῷ
764 1835 871 1908 υἱῷ
894 1834 997 1888 τοῦ
1015 1829 1336 1903 βασιλέως.”
1385 1835 1466 1888 19.
1499 1832 1591 1887 καὶ
1618 1833 1740 1902 ἑξῆς
1764 1857 1852 1898 (354)

133 1916 371 1987 ἐπιλέγει
402 1911 534 1972 ξ(καὶ
575 1929 998 1988 συμπαραμενεῐ
1033 1918 1109 1992 τῷ
1154 1913 1325 1991 ἡλίῳ,
1364 1916 1457 1971 καὶ
1498 1913 1604 1987 πρὸ
1647 1919 1742 1988 τῆς

65 2017 107 2048 ⁴20
133 1997 392 2071 σελήνης,
433 2004 626 2071 γενεᾶς
665 2005 902 2071 γενεῶν,
946 1998 1314 2071 καταβήσεται
1359 1994 1433 2064 ὡς
1461 1997 1619 2064 ὑετὸς
1652 2000 1737 2055 ἐπὶ

131 2081 306 2140 πόκον
356 2085 450 2139 καὶ
505 2079 638 2140 ὡσεὶ
691 2082 952 2155 σταγόνες
1000 2082 1294 2152 στάζουσαι
1344 2085 1434 2139 ἐπὶ
1471 2107 1574 2155 την
1617 2085 1738 2155 γῆν.

130 2163 389 2224 ἀνατελεῖ
416 2169 476 2224 ἐν
505 2181 624 2234 ταῖς
651 2166 880 2268 ἡμέραις
910 2166 1082 2224 αὐτοῦ
1115 2165 1460 2239 δικαιοσύνη,
1492 2168 1583 2222 καὶ
1607 2172 1743 2238 πλῆ-

130 2260 234 2317 θος
260 2249 500 2352 εἰρήνης,
533 2254 634 2318 ἕως
657 2275 724 2308 ov
749 2248 1126 2326 άνταναιρεθῇ
1149 2277 1183 2324 η
1208 2249 1432 2323 σελήνη,
1458 2252 1550 2307 καὶ
1573 2274 1741 2307 κατα-
1765 2276 1795 2316 12
1800 2277 1850 2316 201

133 2333 415 2405 κυριεύσει
438 2332 545 2392 άπὸ
567 2333 854 2408 θαλάσσης
878 2339 979 2402 ε’ως
1002 2334 1307 2407 θαλάσσης,
1330 2331 1477 2391 καὶ’
1446 2334 1552 2390 απὸ
1576 2355 1739 2389 ποτα-

67 2442 111 2473 25
133 2419 240 2488 μοῦ
291 2421 391 2484 ἕως
441 2417 698 2490 περάτων
747 2422 843 2491 τῆς
883 2415 1265 2492 οἰκουμένης.”
1347 2422 1431 2474 20.
1475 2419 1565 2473 καὶ
1605 2416 1740 2488 μετὰ

133 2502 339 2572 βραχέα
378 2505 552 2572 φησὶν
584 2498 1073 2576 ’Ὅπεραρθήσεται
1111 2499 1254 2574 ὑπὲρ
1299 2499 1396 2557 τὸν
1426 2505 1678 2571 Λίβανον
1707 2499 1734 2556 ὅ
1765 2527 1783 2558 ι]

132 2582 340 2656 καρπὸς
382 2581 567 2641 αὐτοῦ.
641 2591 791 2643 ἔσται
831 2585 890 2643 τὸ
931 2584 1105 2658 ὄνομα
1148 2582 1321 2640 αὐτοῦ
1366 2580 1738 2656 εὐλογημένοι)

132 2672 210 2732 εἰς
249 2666 376 2733 τοὺς
418 2670 649 2741 αἰῶνας,
703 2669 807 2743 πρὸ
848 2675 943 2726 τοῦ
983 2668 1145 2741 ἡλίου
1186 2673 1439 2740 διαμενεῖ
1473 2665 1533 2724 τὸ
1564 2665 1737 2741 ὄνομα

249 2861 299 2900 17
331 2861 404 2900 Ps.
431 2862 495 2911 71,
523 2862 561 2900 1.
