1992 3186
261 135 366 186 448
946 132 1198 174 EUSEBII

264 249 338 309 δι’
373 248 714 323 αἰνιγμάτων
745 241 910 313 αὖθις
943 249 1251 320 ἐπιλέγεται
1272 245 1403 305 “nal
1427 251 1733 321 προσέθετο
1765 247 1867 305 κύ-

262 360 376 408 ριος
408 338 648 404 λαλῆσαί
672 356 764 404 μοι
796 338 901 404 ἔτι,
951 329 1041 388 διὰ
1071 329 1132 390 τὸ
1162 331 1236 404 μὴ
1268 331 1575 404 βούλεσθαι
1605 333 1702 390 τὸν
1733 332 1867 390 λαὸν

260 426 457 477 τοῦτον
486 416 545 474 τὸ
577 414 732 489 ὕδωρ
763 421 861 473 τοῦ
892 415 1122 489 Σιλωὰμ
1167 415 1227 473 τὸ
1259 415 1638 490 πορευόμενον
1668 413 1867 491 ἡσυχῆ,

260 502 399 559 ἀλλὰ
430 499 738 572 βούλεσθαι
779 507 925 573 ἔχειν
963 498 1058 557 τὸν
1081 499 1305 572 Ῥαασὶμ
1347 503 1438 557 καὶ
1479 499 1576 558 τὸν
1605 500 1732 559 υἱὸν
1756 498 1870 559 ‘Po—

259 593 480 659 μελίου,
530 582 622 642 διὰ
651 588 810 641 τοῦτο
843 582 968 641 ἰδού
1013 583 1200 657 κύριος
1245 583 1439 656 ἀνάγει
1486 584 1574 658 ἐφ’
1623 582 1764 658 ὑμᾶς
1809 584 1912 643 τὸ5

258 668 414 744 ὕδωρ
445 672 545 727 τοῦ
575 674 821 741 ποταμοῦ
850 669 910 725 τὸ
945 667 1173 742 ἰσχυρὸν
1192 671 1283 725 καὶ
1306 669 1365 726 τὸ
1397 667 1557 741 πολὺ,
1589 669 1686 726 τὸν
1715 677 1870 742 βασι-

260 758 356 811 λέα
387 760 499 811 τῶν
520 753 852 825 Ἀσσυρίων,
885 755 976 809 καὶ
1001 752 1103 824 τὴν
1129 752 1296 821 δόξαν
1319 749 1517 810 αὐτοῦ·
1551 755 1642 810 καὶ
1666 752 1872 827 ἀναβή-

261 858 413 895 σεται
446 840 534 895 ἐπὶ
565 841 750 894 πᾶσαν
779 837 1040 910 φάραγγα
1062 837 1250 910 ὑμῶν,
1283 841 1375 894 καὶ
1399 836 1758 911 περιπατήσει
1785 840 1872 895 ἐπὶ

261 926 372 979 πᾶν
401 937 576 995 τεῖχος
617 918 801 994 ὑμῶν,
843 924 934 978 καὶ
977 921 1176 994 ἀφελεῖ
1202 919 1308 979 ἀπὸ
1353 926 1448 995 τῆς
1471 921 1741 989 Ἰουδαίας
1771 920 1874 979 ἅν-

214 1031 238 1062 d
261 1018 514 1080 θρωπον,
547 1003 605 1073 ὃς
633 1005 931 1079 δυνήσεται
955 1006 1206 1078 κεφαλὴν
1223 1000 1370 1078 ἆραι,
1403 1003 1435 1077 ἢ
1463 1007 1705 1064 δυνατὸν
1735 1027 1873 1064 συν-
1895 1031 1936 1063 10

261 1095 603 1148 τελέσασθαί
626 1107 700 1146 τι·
749 1093 840 1147 καὶ
873 1096 1024 1147 ἔσται
1069 1087 1102 1162 ἡ
1135 1090 1455 1163 παρεμβολὴ
1487 1088 1686 1162 αὐτοῦ,
1735 1090 1874 1149 ῶστε

261 1179 549 1247 πληρῶσαι
579 1172 637 1231 τὸ
684 1173 886 1241 πλάτος
930 1181 1024 1246 τῆς
1071 1173 1250 1247 χώρας
1291 1194 1409 1232 σου.
1479 1174 1607 1247 μεθ’
1658 1171 1872 1248 ἡμῶνὸ

260 1258 408 1325 θεός.
453 1265 628 1330 γνῶτε
648 1263 788 1331 ἔθνη
814 1261 905 1315 καὶ
923 1255 1184 1332 ἡττᾶσθε,
1219 1258 1559 1316 ἐπακούσατε
1583 1262 1686 1326 ἕως
1719 1258 1873 1333 ἐσχά-

260 1368 359 1400 του
391 1347 485 1414 τῆς
516 1340 670 1415 γῆς.”

391 1430 506 1484 115.
553 1430 759 1500 Σαφῶς
790 1426 894 1501 γὰρ
925 1431 1096 1483 ταῦτα
1127 1425 1259 1484 οὐδὲ
1289 1425 1468 1494 ἄλλως
1497 1424 1531 1500 ἦ
1562 1425 1698 1499 μετὰ
1725 1438 1871 1484 θεω-
1897 1449 1938 1482 15

262 1517 383 1583 ρίας
414 1514 510 1583 τῆς
535 1509 671 1567 κατὰ
693 1509 870 1582 μόνην
893 1517 1260 1583 τροπολογίαν
1289 1509 1391 1582 τὴν
1424 1512 1676 1568 διάνοιαν
1699 1510 1871 1580 σώζει.

264 1600 423 1666 δηλοῖ
451 1598 590 1666 γοῦν
620 1598 711 1651 καὶ
742 1592 882 1651 αὐτὰ
913 1593 1004 1652 διὰ
1032 1596 1136 1668 μὲν
1165 1602 1263 1653 τοῦ
1291 1594 1494 1663 ὕδατος
1523 1599 1621 1653 τοῦ
1646 1594 1879 1669 Σιλωὰμ

261 1684 360 1736 τοῦ
400 1675 578 1751 ἡσυχῆ
618 1681 995 1752 πορευομένου
1025 1677 1127 1751 τὴν
1170 1677 1533 1753 εὖαγγελικὴν
1561 1683 1662 1736 τοῦ
1697 1698 1873 1752 σωτη-

263 1771 389 1834 ρίου
431 1762 599 1834 λόγου
643 1768 1037 1820 διδασκαλίαν
1099 1764 1461 1837 ἑρμηνεύεται
1501 1789 1604 1836 γαρ
1644 1762 1873 1837 Σιλωὰμ

261 1845 684 1920 ἀπεσταλμένος.
752 1852 867 1904 116.
902 1872 1063 1913 ουτος
1097 1847 1148 1903 δ’
1185 1845 1255 1904 ἂν
1287 1858 1371 1918 εἴη
1395 1847 1423 1904 ὃ
1457 1851 1517 1904 ἐκ
1539 1851 1636 1903 τοῦ
1667 1847 1870 1921 πατρὸς
1894 1869 1936 1902 20

261 1929 396 2003 ἡμῖν
427 1930 835 2003 ἀπεσταλμένος
874 1930 1007 1996 θεὸς
1038 1930 1224 2002 λόγος,
1273 1934 1399 2003 περὶ
1439 1924 1506 1988 οὗ
1537 1933 1628 1988 καὶ
1661 1938 1873 2004 Μωσῆς

261 2035 436 2119 φησιν
475 2011 600 2070 ὀυκ
633 2017 871 2082 ἐκλείψει
895 2012 1082 2086 άρχων
1106 2016 1158 2080 ἐξ
1183 2013 1381 2087 Ἰούδα,
1414 2012 1546 2072 ουδε
1569 2011 1872 2088 ἡγούμενος

263 2101 323 2153 ἐκ
353 2100 463 2153 τῶν
493 2103 686 2170 μηρῶν
715 2096 914 2169 αυτοῦ,
957 2100 1057 2163 ἕως
1087 2094 1159 2155 ἂν
1189 2105 1327 2171 ἔλθῃ
1362 2091 1405 2155 ῶ
1435 2098 1748 2170 ἀπόκειται,
1780 2103 1872 2157 καὶ

148 2208 240 2250 (333)
266 2179 429 2246 αὐτὸς
453 2187 603 2237 ἐσται
623 2187 929 2252 προσδοκία
952 2179 1195 2239 ἐθνῶν.”
1243 2181 1365 2239 ἀντὶ
1393 2208 1496 2256 γαρ
1516 2186 1617 2240 τοῦ
1627 2177 1765 2240 “cg
1734 2183 1873 2241 από-

263 2261 473 2321 κειται”
506 2264 565 2320 τὸ
591 2260 879 2337 Εβραικὸν
910 2265 1140 2338 Σιλωάμ
1181 2270 1447 2339 περιέχει,
1487 2265 1584 2323 τὸν
1626 2270 1870 2325 ἐνταῦθα
1893 2290 1934 2321 25

263 2348 514 2421 Σιλωὰμ,
545 2346 695 2406 τοῦτ’
730 2355 844 2406 ἔστι
873 2347 969 2407 τὸν
993 2346 1425 2422 ἀπεσταλμένον,
1458 2347 1618 2407 κάκεῖ
1614 2356 1871 2436 ,δηλοῦν-

261 2457 351 2499 τος
382 2436 481 2489 τοῦ
510 2431 692 2504 λόγου.
757 2438 870 2490 117.
905 2429 933 2490 ὃ
967 2435 1026 2490 δε
1049 2432 1271 2506 Ραασὶμ
1312 2433 1572 2506 βασιλευς
1603 2436 1674 2506 ἡν
1704 2434 1872 2493 πάλιν

262 2521 374 2574 τῶν
407 2521 466 2574 ἐν
479 2524 762 2594 Δαμασκῶ
789 2522 1206 2591 εἰδωλολατρῶν
1231 2521 1435 2590 ἐθνῶν,
1469 2517 1541 2586 ῶς
1567 2522 1658 2575 και
1689 2518 1717 2576 ὃ
1749 2518 1870 2585 υιός

250 2599 559 2673 ’(Ρομελίου,
606 2606 718 2659 τῶν
765 2605 823 2659 ἐν
865 2609 1152 2677 Σαμαρείᾳ
1198 2609 1295 2658 τοῦ
1334 2602 1622 2660 Ἰουδαίων
1668 2609 1870 2669 ἔθνους

261 2681 624 2742 ἀποστάντων
667 2692 762 2758 τῆς
807 2694 1041 2758 πατρίου
1084 2692 1402 2759 θρησκείας.
1495 2692 1611 2744 118.
1655 2684 1873 2744 ἀπειλεῖ
1891 2708 1932 2740 30

380 2879 400 2915 1
433 2878 508 2915 Es.
531 2877 570 2926 8,
596 2881 634 2916 5.
809 2881 861 2919 ⁶22
896 2879 1007 2920 Gen.
1029 2882 1096 2921 49,
1124 2882 1187 2919 1⁴1⁵.
