1992 3186
553 123 862 167 DEMONST.
898 123 1118 166 EVANG.
1149 125 1227 165 VI.
1263 127 1327 166 12.
1647 124 1751 176 365

138 239 383 314 θήσομαι
413 236 602 312 αὐτὸν,
634 237 855 310 ὑψηλὸν
884 238 1034 312 παρὰ
1055 252 1170 306 τοῖς
1187 242 1479 312 βασιλεῦσι
1508 244 1604 312 τῆς
1633 244 1748 314 γῆς.

142 332 220 394 εἰς
248 323 346 382 τὸν
376 326 553 381 αἰῶνα
583 322 811 396 φυλάξω
844 321 991 400 αὐτῷ
1021 323 1082 381 τὸ
1114 322 1262 391 ἔλεός
1284 348 1412 397 μου,
1445 326 1537 381 καὶ
1567 321 1600 398 ἡ
1635 330 1751 382 δια-

139 408 290 482 θήκη
329 432 437 482 μου
476 405 641 479 πιστὴ
682 404 863 484 αὐτῷ,
905 410 997 464 καὶ
1037 407 1283 481 θήσομαι
1326 414 1404 475 εἰς
1445 407 1542 466 τὸν
1573 412 1751 466 αἰῶνα
1776 432 1868 474 [167]

139 496 237 552 τοῦ
267 496 467 559 αἰῶνος
499 491 557 549 τὸ
589 493 804 566 σπέρμα
836 490 1035 563 αὐτοῦ,
1077 494 1168 548 καὶ
1211 491 1309 550 τὸν
1338 491 1551 565 θρόνον
1581 492 1753 550 αὐτοῦ

97 603 118 636 5
143 576 215 644 ὡς
246 575 341 644 τὰς
371 575 575 650 ἡμέρας
605 579 704 633 τοῦ
734 573 1033 650 οὐρανοῦ.”
1106 580 1154 634 5.
1196 579 1288 633 καὶ
1332 575 1500 634 πάλιν
1522 573 1753 650 “ὠ’μοσα

141 663 332 733 Δαβὶδ
369 666 446 738 τῷ
490 659 673 737 δούλῳ
713 685 848 733 μου,
895 663 996 726 ἕως
1034 663 1134 718 τοῦ
1163 663 1362 728 αἰῶνος
1395 659 1664 734 ἑτοιμάσω
1694 661 1752 719 τὸ

142 749 356 820 σπέρμα
398 763 529 816 σου,
570 746 662 805 καὶ
702 743 1050 818 οἰκοδομήσω
1084 750 1162 811 εἰς
1201 743 1401 816 γενεάν
1431 747 1523 802 καὶ
1554 743 1755 818 γενεὰν

140 829 237 887 τὸν
266 828 479 903 θρόνον
521 825 679 886 σου.”
741 835 789 886 6.
823 831 915 885 καὶ
958 821 1126 894 αὖθις
1160 824 1340 897 “ἇ’παξ
1374 827 1563 902 ὤμοσα
1589 833 1648 887 ἐν
1679 834 1754 906 τῷ

141 913 281 990 ἁγίῳ
312 937 448 986 μου,
482 918 533 970 εἰ
561 916 638 990 τῷ
669 915 860 985 Δαβὶδ
891 911 1180 985 ψεύσομαι.
1242 911 1302 970 τὸ
1335 917 1551 988 σπέρμα
1583 911 1755 972 αὐτοῦ

78 1026 119 1058 10
143 1004 220 1065 εἰς
250 995 347 1055 τὸν
378 998 554 1054 αἰῶνα
584 1012 771 1070 μενεῖ,
814 1000 907 1054 καὶ
937 996 965 1054 ὁ
996 996 1202 1070 θρόνος
1234 995 1406 1055 αὐτοῦ
1439 996 1512 1064 ὦς
1542 994 1571 1054 ὁ
1604 995 1756 1070 ἥλιος

144 1086 398 1140 ἐναντίον
427 1105 554 1155 μου,
587 1083 680 1138 καὶ
712 1077 784 1148 ὥς
815 1077 848 1154 ἡ
879 1079 1084 1154 σελήνη
1116 1083 1516 1155 κατηρτισμένη
1551 1088 1627 1147 εἰς
1658 1080 1757 1139 τὸν

141 1165 371 1224 αἰῶνα.”

272 1255 318 1307 7.
368 1248 593 1307 Τούτων
634 1247 703 1321 δὴ
744 1251 836 1306 καὶ
866 1247 895 1306 ὅ
940 1249 1229 1316 ἕκατοστὸς
1258 1248 1579 1322 τριακοστὸς
1609 1253 1755 1323 πρῶ·
1783 1271 1869 1311 (270)

143 1357 232 1400 τος
270 1332 497 1407 Ψαλμὸς
536 1332 922 1406 μνημονεύσας
963 1336 1054 1391 ἐπὶ
1092 1333 1189 1392 τὸν
1220 1335 1462 1405 Χριστὸν
1491 1330 1759 1408 ἀναφέρει

82 1445 122 1476 15
145 1418 210 1476 τὰ
242 1417 572 1491 δηλούμενα.
644 1415 812 1475 ἄκουε
846 1414 898 1473 δ’
933 1411 1037 1476 οὖν
1076 1420 1167 1475 καὶ
1198 1416 1397 1476 τούτου
1421 1414 1756 1492 “μνήσθητι,

144 1501 331 1575 κύριε,
373 1504 475 1558 τοῦ
503 1503 693 1572 Λαβὶδ
733 1503 826 1558 καὶ
865 1500 1043 1575 πάσης
1083 1506 1178 1574 τῆς
1218 1501 1528 1574 πραΰτητος
1559 1499 1757 1560 αὐτοῦ’

147 1583 218 1653 ὡς
259 1584 440 1659 ὤμοσε
478 1589 554 1661 τῷ
595 1593 799 1661 κυρίῳ,
844 1582 1045 1658 ηὔξατο
1088 1588 1167 1662 τῷ
1204 1589 1322 1662 θεῷ
1357 1583 1606 1658 Ἰακώβ.”
1677 1583 1760 1653 οἷς

147 1667 279 1744 μεθ’
324 1673 480 1743 ἕτερα
522 1672 762 1741 ἐπιλέγει
796 1664 1013 1741 “ὠ’μοσε
1058 1668 1246 1744 κύριος
1286 1673 1362 1746 τῷ
1393 1672 1584 1742 Λαβὶδ
1624 1668 1757 1742 ἀλή-

146 1765 336 1828 θειαν,
369 1756 461 1811 καὶ
492 1750 559 1811 οὐ
589 1751 663 1827 μὴ
693 1751 942 1827 ἀθετήσῃ
974 1752 1169 1811 αὐτόν·
1203 1758 1263 1811 ἐκ
1286 1760 1502 1827 καρποῦ
1524 1757 1619 1827 τῆς
1651 1778 1761 1812 κοι-

85 1865 126 1897 20
149 1845 269 1907 λίας
300 1858 403 1896 σου
433 1837 681 1911 θήσομαι
713 1840 802 1895 ἐπὶ
832 1835 929 1895 τὸν
959 1837 1172 1909 θρόνον
1202 1835 1355 1896 σου.”

277 1928 324 1980 8.
371 1924 483 1980 Καὶ
514 1918 871 1994 ὑποκαταβὰς
904 1924 1026 1995 ἑξῆς
1058 1921 1154 1980 τὸν
1189 1926 1248 1979 ἐκ
1279 1925 1497 1997 καρποῦ
1525 1925 1619 1994 τῆς
1650 1945 1761 1979 κοι-

150 2013 271 2074 λίας
301 2009 492 2079 Δαβὶδ
530 2005 982 2079 ἀναστησόμενον
1021 2005 1351 2079 λευκότερον
1390 2005 1641 2079 ὀνομάζει
1672 2008 1762 2063 λέ-

150 2115 268 2164 γων
289 2089 446 2149 “ἐ’κεῖ
476 2093 780 2158 ἐξανατελῶ
812 2093 974 2166 κέρας
1005 2095 1081 2168 τῷ
1113 2094 1329 2164 Δαβὶδ,
1362 2087 1632 2163 ἡτοίμασα
1663 2089 1762 2147 λύ-
1788 2113 1810 2144 ι)

150 2201 284 2250 χνον
321 2181 396 2252 τῷ
427 2178 647 2252 Χριστῷ
687 2192 819 2248 μου·
880 2172 1008 2241 τοῦς
1050 2175 1289 2250 ἐχθροὺς
1330 2173 1501 2233 αὐτοῦ
1545 2174 1762 2232 ἐνδύσω

89 2284 130 2317 25
153 2258 448 2334 αἰσχύνην·
497 2262 585 2316 ἐπὶ
618 2260 679 2316 δὲ
711 2258 883 2318 αὐτὸν
914 2259 1207 2333 ἐξανθήσει
1237 2258 1296 2318 τὸ
1327 2256 1569 2333 ἁγίασμά
1598 2255 1761 2333 μου.”

281 2350 328 2402 9.
386 2347 566 2401 Ταῦτα
607 2350 904 2418 τοιγαροῦν
943 2348 1214 2419 Σολομῶν
1263 2343 1292 2402 ὅ
1334 2343 1650 2417 σοφώτατος
1687 2348 1764 2419 τῷ

157 2430 356 2485 ἑαυτοῦ
387 2430 552 2502 πατρὶ
581 2431 898 2502 χρησθέντα
929 2428 1270 2502 συννοήσας,
1301 2427 1375 2502 μὴ
1405 2427 1602 2502 μικρὰ,
1643 2432 1766 2499 μεί-

158 2518 284 2579 ζονα
310 2513 371 2569 δὲ
391 2516 486 2584 τῆς
504 2510 641 2570 κατὰ
663 2511 969 2588 ἄνθρωπον
998 2512 1220 2587 φύσεως
1243 2511 1586 2585 τυγχάνοντα
1610 2529 1764 2567 συνι-

161 2592 302 2666 δών,
335 2598 426 2652 καὶ
456 2600 665 2669 μᾶλλον
695 2596 998 2672 ἁρμόζοντα
1027 2604 1145 2674 θεῷ
1185 2594 1324 2670 ἢπερ
1357 2593 1534 2673 αὐτῷ,
1567 2600 1764 2669 καίπερ

95 2703 138 2735 30
159 2677 277 2736 ὄντι
306 2682 413 2756 υἱῷ
441 2683 658 2754 Δαβὶδ,
691 2688 900 2750 συνιείς
931 2705 990 2739 τε
1020 2679 1117 2739 τὸν
1147 2679 1284 2756 πρὸς
1313 2683 1412 2738 τοῦ
1442 2683 1582 2738 θεοῦ
1619 2702 1764 2754 πρω-

276 2873 326 2912 15
356 2872 429 2911 Ps.
457 2874 549 2916 131.
