1992 3186
506 118 808 161 DEMONST.
841 121 1057 161 EVANG.
1089 122 1140 163 V.
1174 121 1382 164 Pnooffl.
1655 119 1758 171 283

1781 355 1870 437 {¹²⁸¹

645 387 900 429 BIBAION
932 388 1258 429 ΠΕΜΠΤΟΝ.
1796 398 1872 440 202)

269 486 490 560 Ἐπειδὴ
523 488 700 555 διττὸς
728 488 756 546 ὁ
781 487 979 563 τρόπος
1002 485 1031 545 6
1055 491 1181 562 περὶ
1205 491 1304 546 τοῦ
1328 491 1572 563 σωτῆρος
1602 486 1759 561 ἡμῶν

140 573 318 647 Ἰησοῦ
332 576 574 649 Χριστοῦ
605 575 880 644 πέφανται
913 577 974 630 ἐν
1003 579 1079 650 τῷ
1110 573 1215 647 πρὸ
1244 572 1444 631 τούτου
1476 571 1761 646 συγγράμ-

149 682 276 732 ματι
305 662 401 731 τῆς
432 654 812 731 Εὐαγγελικῆς
838 655 1220 730 Ἀποδείξεως,
1279 657 1306 714 ὁ
1338 659 1440 730 μὲν
1468 654 1760 731 ὑπερφυὴς

103 768 128 799 5
152 746 243 800 καὶ
275 745 551 800 ἐπέκεινα·
601 741 758 815 (καθ’
795 739 861 799 ὃν
890 741 1186 815 ὁριζόμεθα
1218 739 1389 799 αὐτὸν
1421 742 1563 799 εἶναι
1593 765 1759 814 μονο-
1788 766 1808 797 b

149 831 282 900 γενῆ
311 830 454 885 θεοῦ
482 824 627 898 υἱὸν,
659 821 963 899 ἢούσιώδη
986 830 1090 883 τοῦ
1117 829 1258 884 θεοῦ
1283 825 1466 899 λόγον,
1500 825 1762 899 δεύτερον

149 915 260 968 τῶν
289 909 436 968 ὅλων
477 919 681 983 αἴτιον,
722 908 754 982 ἢ
795 907 997 968 οὐσίαν
1036 909 1266 984 νοεραν,
1310 912 1400 966 καὶ
1441 913 1585 968 θεοῦ
1614 933 1761 984 πρω-

148 995 374 1052 τότοκον
396 993 655 1067 ἐνάρετον
675 994 869 1067 φύσιν,
901 995 1003 1067 τὴν
1024 995 1130 1068 πρὸ
1160 1019 1272 1051 των
1288 999 1573 1067 γεννητῶν
1593 1001 1762 1052 θείαν

150 1081 242 1137 καὶ
290 1078 602 1160 πανάρετον
642 1078 911 1153 δύναμιν,
967 1075 1000 1151 ἢ
1042 1084 1137 1151 τῆς
1186 1076 1493 1152 ἄγεννήτου
1539 1077 1761 1150 φύσεως

89 1188 131 1219 10
153 1162 355 1237 νοεράν
387 1162 574 1221 εἰκόνα
591 1157 627 1241 ·)
674 1159 703 1220 6
745 1164 806 1220 δε
847 1163 1120 1236 συγγενὴς
1152 1162 1286 1236 ἡμῖν
1317 1165 1408 1220 καὶ
1439 1170 1649 1236 μᾶλλον
1679 1169 1760 1220 οἰ-

150 1263 323 1320 κεῖος,
357 1245 517 1321 (καθ’
559 1245 624 1306 ὃν
655 1247 822 1307 πάλιν
853 1246 1024 1305 αὐτὸν
1063 1245 1359 1322 ὁριζόμεθα
1403 1253 1545 1304 θεοῦ
1577 1246 1761 1320 λόγον,

155 1335 214 1389 ἐν
244 1329 528 1407 ἀνθρώπῳ
557 1339 653 1404 τῆς
683 1337 782 1390 τοῦ
806 1332 1010 1406 πατρὸς
1037 1331 1320 1404 εὐσεβείας
1338 1330 1762 1404 ἀπαγγελτικὸν,

153 1414 284 1473 καθ’
328 1413 395 1472 ὃν
436 1418 650 1488 πέφηνε
690 1415 858 1473 πάλαι
889 1415 1159 1491 πρότερον
1192 1421 1252 1474 ἐν
1291 1416 1600 1489 ἀνθρώπου
1631 1416 1766 1490 σχή-

153 1524 281 1573 ματι
331 1515 446 1565 τοῖς
497 1497 639 1572 ἀμφὶ
677 1499 775 1557 τὸν
798 1499 1074 1574 Ἀβραὰμ,
1107 1499 1278 1557 αὐτὸν
1312 1499 1380 1572 δὴ
1414 1503 1629 1558 ἐκεῖνον
1667 1499 1765 1557 τὸν

92 1610 132 1642 15
155 1582 440 1657 βοώμενον
483 1582 765 1658 ἐθνάρχην
803 1586 1156 1657 θεοφιλέσιν,
1198 1588 1245 1640 2.
1280 1577 1449 1650 αὖθίς
1489 1607 1548 1640 τε
1587 1608 1764 1656 φανη-
1787 1617 1804 1639 e

154 1667 390 1741 σόμενον
422 1671 481 1724 ἐν
525 1665 846 1742 ἀνθρώποις
878 1667 950 1725 δι’
988 1667 1296 1740 ἀνθρώπου
1334 1671 1630 1741 γενέσεως,
1672 1671 1765 1725 καὶ

153 1759 539 1824 παραπλησίας
570 1749 703 1824 ἡμῖν
734 1752 953 1825 σαρκὸς,
987 1761 1239 1825 αἴσχιστα
1263 1761 1557 1810 πείσεσθαι
1582 1759 1766 1826 προεί-

155 1836 337 1909 ρητο)
384 1833 496 1913 ὁδῷ
537 1839 630 1893 καὶ
675 1835 820 1905 τάξει
866 1835 1219 1910 προχωρήσαι
1262 1833 1332 1893 ἂν
1371 1833 1506 1909 ἡμῖν
1545 1833 1573 1893 6
1606 1835 1766 1908 λόγος

154 1923 415 1994 μέλλουσι
444 1919 541 1987 τὰς
571 1923 697 1994 περὶ
722 1920 896 1978 αὐτοῦ
911 1919 1252 1995 προφητικάς
1277 1925 1600 1978 ἐκτίθεσθαι
1632 1945 1765 1995 μαρ-

90 2030 134 2062 20
155 2010 377 2078 τυρίας,
427 2011 478 2061 εί
516 2004 585 2077 δὴ
630 2009 691 2062 ἐν
731 2003 966 2079 πρώτοις
1009 2005 1146 2062 κατὰ
1189 2005 1255 2062 τὰ
1298 2007 1676 2078 ἐπηγγελμένα
1707 2005 1766 2061 τὸ

155 2093 376 2160 πρῶτον
402 2087 770 2162 ἐξετασαιμεν,
802 2091 893 2146 καὶ
914 2087 1017 2162 τὴν
1041 2093 1102 2147 ἐν
1131 2103 1245 2155 τοῖς
1271 2086 1609 2162 εὐαγγελίοις
1640 2092 1767 2160 περὶ

156 2171 330 2231 αὐτοῦ
370 2179 671 2246 θεολογίαν
710 2172 818 2231 από
858 2180 965 2246 τῆς
994 2177 1230 2239 παλαιᾶς
1280 2176 1372 2231 καὶ
1426 2177 1768 2247 προφητικῆς

157 2262 460 2331 μαρτυρίας
499 2256 890 2331 πιστεύσαιμεν.
972 2257 1279 2330 ἀναγκαιον
1332 2258 1394 2315 δε
1439 2259 1770 2329 προεπισκέ-

158 2351 375 2409 ψασθαι
419 2338 606 2409 ὁποῖός
646 2365 778 2399 ποτε
820 2344 892 2414 ἡν
920 2339 949 2399 6
982 2341 1181 2414 τρόπος
1211 2346 1306 2415 τῆς
1337 2339 1468 2416 παρ’
1494 2341 1766 2414 Εβραιόις
1793 2361 1816 2393 d

95 2448 138 2481 25
159 2429 271 2482 τῶν
300 2430 602 2500 προφητῶν
639 2433 972 2499 θεοληψίας.
1010 2425 1141 2499 παρ’
1179 2427 1258 2484 ὧν
1298 2428 1389 2483 καὶ
1433 2450 1498 2483 τα
1529 2447 1770 2499 προηγο-

163 2511 399 2582 ρευμένα
428 2509 975 2584 προπεπαιδεύμεθα.

289 2595 337 2648 3.
373 2601 626 2652 Μαντεῖα
656 2596 747 2651 καὶ
778 2594 1081 2670 χρηστήρια
1122 2593 1431 2666 πανταχόσε
1462 2589 1768 2664 γῆς”Ελλη-

162 2699 254 2743 νες
285 2679 378 2733 καὶ
408 2676 678 2752 βάρβαροι
707 2678 1115 2752 μνημονεύουσι
1159 2681 1443 2748 συστῆναι.
1504 2679 1676 2733 ταῦτα
1708 2678 1773 2732 δέ

163 2777 335 2832 φασιν
381 2763 440 2817 ἐκ
480 2769 742 2834 προνοίας
779 2765 879 2820 τοῦ
918 2765 1259 2836 δημιουργοῦ
1303 2763 1392 2818 ἐπὶ
1437 2764 1635 2835 χρῆσιν
1677 2762 1769 2816 καὶ

101 2871 142 2903 30
165 2842 439 2917 ὠφέλειαν
469 2847 581 2901 τῶν
619 2842 941 2920 ἀνθρώπων
979 2850 1439 2918 καταδειχθῆναι,
1484 2840 1556 2911 ὥς
1594 2845 1770 2917 μηδὲν
