1992 3186
545 147 854 190 DEMONST.
888 147 1108 189 EVANG.
1131 147 1228 188 vn.
1266 149 1301 187 1.
1632 146 1737 198 443

127 262 354 337 πάρεστι
386 261 490 335 γάρ
508 278 518 287 ·
565 265 656 319 καὶ
686 261 967 336 μάρτυράς
997 286 1089 335 μοι
1119 268 1353 334 ποίησον
1377 260 1604 328 πιστούς
1636 261 1737 319 ἀν-

125 346 420 421 θρώπους,
461 343 557 404 τὸν
592 345 808 420 Οὐρίαν
838 345 934 404 τὸν
975 349 1123 419 ι”ερέα
1163 349 1254 403 καὶ
1286 354 1567 420 Ζαχαρίαν
1610 347 1738 404 υἱὸν

126 438 421 506 Βαραχίου.
497 434 589 487 καὶ
628 438 950 504 προσῆλθον
995 430 1130 504 πρὸς
1160 431 1262 504 τὴν
1292 436 1618 540 προφῆτιν,
1642 434 1732 488 καὶ
1761 453 1848 494 (3-29)

128 522 188 575 ἐν
226 517 423 589 γαστρὶ
467 522 630 588 ἔλαβε
672 519 762 572 καὶ
803 523 989 573 ἔτεκεν
1031 514 1170 573 υἱόν.
1247 519 1339 573 καὶ
1386 516 1505 573 εἷπε
1549 515 1736 588 κύριός

82 624 102 656 5
125 625 245 673 μοι,
299 599 532 657 κάλεσον
583 598 642 656 τὸ
681 597 854 673 όνομα
907 598 1107 671 αὐτοῦ,
1162 602 1365 673 ταχέως
1406 599 1735 673 σκύλευσον,

122 683 288 752 ὀξέως
319 682 730 790 προνόμευσον,
765 683 904 741 διότι
935 687 1069 752 πρὶν
1102 680 1134 756 ἦ
1175 689 1385 756 γνῶναι
1417 684 1477 741 τὸ
1511 691 1737 742 παιδίον

124 777 318 826 καλεῖν
349 772 557 839 πατέρα
587 765 620 841 ἢ
650 771 856 843 μητέρα
880 767 1112 841 λήψεται
1146 767 1387 842 δύναμιν
1412 774 1735 842 Δαμασκοῦ,

123 856 215 910 καὶ
239 852 304 909 τὰ
328 857 508 909 σκῦλα
530 859 847 926 Σαμαρείας
873 859 1059 909 ἔναντι
1082 856 1352 924 βασιλέως
1372 851 1732 924 Ἀσσυρίων.”

251 942 333 994 96.
365 935 582 1010 ’Ἑχεται
627 943 723 1008 τῆς
771 939 1210 1010 προτεταγμένης
1256 941 1346 994 καὶ
1394 935 1427 1011 ῆ
1482 941 1735 1009 παροῦσα

59 1045 99 1076 ιο
123 1027 443 1094 προφητεία.
499 1017 531 1092 ἡ
563 1019 670 1093 γαρ
704 1024 880 1078 ἐκεῖσε
912 1023 1211 1094 παρθένος,
1235 1020 1268 1094 ῆ
1294 1021 1391 1079 τὸν
1415 1021 1541 1120 μεθ’
1579 1018 1736 1094 ἡμῶν

121 1103 261 1163 θεὸν
290 1112 499 1163 τίκτειν
544 1107 842 1178 λεγομένη,
867 1108 1156 1177 προφῆτις
1204 1108 1292 1162 ἐπὶ
1338 1110 1436 1162 τοῦ
1466 1129 1735 1176 παροντος

121 1187 450 1262 ωνόμασται.
528 1192 860 1262 ζητουμένου
913 1189 972 1246 δε
1018 1188 1198 1246 πόθεν
1242 1215 1349 1261 αρα
1396 1188 1736 1262 συλλήψεται

120 1271 489 1346 απειρόγαμος
530 1274 698 1346 οὐσα,
731 1277 891 1330 τοῦτο
932 1277 1039 1330 νῦν
1068 1271 1096 1330 ὁ
1128 1272 1286 1345 λόγος
1330 1270 1634 1331 διδασκει“
1644 1277 1735 1331 καὶ
1762 1292 1783 1323 b

122 1354 484 1430 προσῆλθον”
519 1354 749 1429 λέγων“
761 1357 896 1431 πρὸς
937 1356 1040 1429 τὴν
1070 1362 1378 1431 προφῆτιν,
1420 1361 1511 1415 καὶ
1545 1362 1605 1415 ἐν
1634 1383 1736 1430 γα-

59 1465 100 1496 15
124 1443 245 1515 στρὶ
277 1448 440 1511 ἔλαβε
472 1444 563 1498 καὶ
597 1447 782 1499 ἔτεκεν
814 1438 996 1498 υίόν.”
1044 1446 1124 1498 97.
1153 1440 1453 1500 ἀκουστέον
1480 1446 1538 1499 δὲ
1562 1449 1735 1499 ταῦτα

124 1522 196 1592 ὠς
252 1528 302 1593 ἐξ
355 1521 518 1597 ἁγίου
559 1524 900 1598 πνεύματος,
952 1521 1051 1598 ὑφ’
1106 1518 1174 1582 οὗ
1213 1525 1663 1599 θεοφορούμενος
1704 1523 1731 1582 ὁ

123 1609 408 1682 προφήτης
442 1612 743 1678 ἐθέσπιζεν.
791 1606 922 1665 αὐτὸ
949 1607 1017 1681 δὴ
1034 1601 1137 1666 οὖν
1160 1607 1219 1665 τὸ
1244 1615 1463 1682 πνεῦμα
1486 1608 1545 1666 τὸ
1576 1608 1734 1681 ἅγιον
1758 1628 1845 1669 [204]

120 1697 601 1767 προσεληλυθέναι
631 1689 888 1766 ὁμολογεῖ.
914 1698 979 1767 τῇ
1005 1693 1329 1766 προφήτιδι·
1375 1692 1404 1750 ὃ
1430 1696 1522 1750 καὶ
1544 1697 1735 1766 σαφῶς

122 1777 477 1850 πεπλήρωται
522 1780 608 1834 ἐπὶ
651 1782 746 1847 τῆς
787 1781 884 1834 τοῦ
916 1778 1159 1851 σωτῆρος
1199 1773 1357 1849 ἡμῶν
1391 1777 1571 1850 Ἰησοῦ
1605 1787 1733 1849 Χρι-

57 1883 99 1916 20
123 1865 256 1919 στοῦ
293 1865 563 1934 γενέσεως
598 1858 724 1918 “ότε
766 1860 1045 1934 απεσταλη
1077 1860 1305 1934 ἅγγελος
1336 1860 1585 1935 Γαβριὴλ
1624 1860 1733 1920 ὑπὸ

121 1971 218 2002 του
249 1949 390 2003 θεοῦ
422 1952 500 2012 εἰς
531 1945 696 2003 πόλιν
724 1950 820 2019 τῆς
845 1953 1162 2017 Γαλιλαίας,
1194 1937 1231 2020 ᾗ
1252 1944 1426 2020 ὄνομα
1450 1947 1732 2018 Ναζαρεθ,

123 2028 260 2129 πρὸς
290 2033 575 2102 παρθένον
604 2032 1094 2103 μεμνηστευμένην
1124 2027 1322 2103 ἀνδρὶ,
1357 2032 1398 2086 ὠ
1430 2029 1603 2102 ὄνομα
1628 2027 1733 2088 Ἰω-

121 2113 258 2186 σὴφ,
292 2117 343 2181 ἐξ
375 2122 532 2171 οἴκου
563 2117 654 2171 καὶ
686 2137 920 2186 πατριας
934 2112 1168 2186 Δαβίδῗ
1216 2107 1252 2188 ᾗ
1282 2117 1374 2171 καὶ
1400 2115 1518 2172 εἷπε
1558 2113 1735 2187 χαῖρε
1766 2143 1783 2164 e

123 2202 559 2271 κεχαριτωμένη,
591 2197 619 2255 ὁ
652 2197 840 2271 κύριος
870 2197 1004 2271 μετὰ
1035 2202 1164 2270 σοῦ,
1202 2197 1540 2272 εὐλογημένη
1572 2198 1643 2256 σὺ
1677 2201 1736 2254 έν

59 2301 101 2333 25
124 2280 395 2353 γυναιξί,”
461 2287 543 2339 98.
572 2285 663 2339 καὶ
682 2282 850 2339 πάλιν
871 2281 984 2355 ((μῆ
1015 2287 1222 2355 φοβοῦ’
1271 2275 1428 2357 εὗρες
1452 2282 1556 2356 γὰρ
1576 2282 1735 2355 χάριν

125 2366 272 2439 παρὰ
301 2369 379 2441 τῷ
407 2372 539 2442 θεῷ.
602 2369 694 2423 καὶ
729 2365 854 2424 ἰδού
886 2366 1141 2441 συλλήψῃ
1177 2371 1236 2424 ἐν
1267 2371 1462 2439 γαστρὶ
1487 2369 1578 2423 καὶ
1609 2367 1732 2438 τέξῃ

124 2448 280 2519 υἱὸν,
313 2453 404 2505 καὶ
436 2452 682 2517 καλέσεις
712 2450 772 2507 τὸ
802 2449 974 2522 ὄνομα
1006 2449 1178 2506 αὐτοῦ
1213 2448 1478 2522 Ἰησοῦν.”
1545 2447 1736 2506 εἰπού-

127 2550 224 2603 σης
256 2555 314 2587 τε
345 2537 437 2604 τῆς
470 2540 693 2606 Μαρίας
716 2533 871 2600 “rufis
905 2542 1053 2591 ἔσται
1084 2538 1273 2605 τοῦτο,
1309 2535 1426 2590 ἐπεὶ
1457 2530 1635 2605 ἄνδρα
1666 2530 1733 2589 οὐ

127 2613 410 2686 γινώσκω;
442 2613 794 2691 ἀπεκρίνατο,
827 2621 1045 2690 πνεῦμα
1075 2616 1233 2688 ἅγιον
1260 2615 1611 2674 ἐπελεύσεται
1644 2617 1733 2673 ἐπὶ

63 2718 105 2750 30
128 2700 217 2769 σὲ,
266 2701 356 2754 καὶ
390 2698 622 2772 δύναμις
653 2698 893 2763 ὑψίστου
925 2699 1228 2758 ἐπισκιάσει
1261 2706 1361 2759 σοί.
1438 2698 1520 2757 διὸ
1551 2702 1642 2756 καὶ
1673 2697 1734 2756 τὸ

241 2893 294 2931 20
325 2892 435 2930 Luc.
463 2894 499 2942 1,
523 2894 589 2932 -20,
