1946 3158
565 107 872 151 DEMONST.
902 106 1122 151 EVANG.
1155 108 1189 148 1.
1222 110 1260 147 2.
1657 108 1719 158 ῃ

119 224 180 280 δὲ
205 220 295 280 διὰ
314 226 412 280 τοῦ
443 220 710 295 ἡμετέρου
737 228 981 295 σωτῆρος
1012 228 1145 279 πᾶσι
1165 236 1278 288 τοῖς
1311 228 1501 281 ἔθνεσι
1524 247 1722 296 κατηγ-

116 308 399 380 γελμένον.
466 311 544 363 10.
567 309 658 363 καὶ
688 304 840 365 τοῦτ’
873 303 944 364 ἂν
966 316 1050 379 εἰή
1071 305 1098 364 ὁ
1122 305 1569 381 Χριστιανισμός,
1593 306 1722 366 οὔτε

110 388 465 465 Ἑλληνισμός
488 414 568 457 τις
600 387 680 448 ῶν
709 389 836 449 οὕτε
863 388 1223 464 Ίουδαϊσμὸς,
1259 387 1399 448 ἀλλὰ
1429 391 1488 448 τὸ
1518 391 1721 465 μεταξύ

115 474 357 547 τούτων,
399 481 735 533 παλαίτατον
777 474 1064 548 εὐσεβείας
1106 482 1434 549 πολίτευμα,
1488 479 1580 533 καὶ
1619 473 1723 549 ἆρ-

69 585 92 616 5
117 557 374 634 χαιοτάτη
405 562 507 632 μέν
537 584 617 626 τις
648 566 983 633 φιλοσοφία,
1016 559 1163 631 πλὴν
1192 558 1331 616 ἀλλὰ
1371 562 1572 617 νεωστὶ
1614 563 1722 617 ποῖ-

116 663 208 702 σιν
238 642 558 716 ἀνθρώποις
590 659 704 713 τοῖς
736 642 868 701 καθ’
903 641 1034 715 ὅλης
1076 647 1172 716 τῆς
1205 647 1533 718 οἰκουμένης
1565 669 1720 703 νενο-

114 730 489 802 μοθετημένη·
525 727 665 786 ὥστε
696 727 792 785 τὸν
825 732 878 796 ἐξ
913 726 1276 801 Ἑλληνισμοῦ
1319 731 1407 786 ἐπὶ
1449 727 1546 786 τὸν
1587 738 1717 802 Χρι-

115 810 438 886 στιανισμόν
475 815 911 886 μετατιθέμενον
950 810 1052 869 οὐκ
1096 814 1184 869 ε’πὶ
1230 811 1580 886 Ἰουδαϊσμὸν
1632 817 1719 871 ε’κ-

115 903 354 970 πίπτειν,
389 896 511 954 οὐδ’
547 889 618 954 αῦ
648 895 817 954 πάλιν
849 900 909 954 ἐκ
939 900 1034 969 τῆς
1062 893 1367 969 Ἰουδαϊκῆς
1410 901 1720 972 ἐθελοθρη-

50 1008 92 1038 10
115 987 299 1047 σκειάς
329 978 724 1056 ἀναχωροῦντα
756 979 931 1048 εῦθῦς
948 979 1189 1053 Ἕλληνα
1219 984 1503 1054 γενέσθαι,
1536 981 1632 1039 τὸν
1659 983 1720 1039 δὲ

116 1069 167 1134 ἐξ
209 1068 470 1139 ἑκατέρου
511 1065 807 1139 τάγματος,
848 1073 907 1123 ἔκ
947 1090 1005 1123 τε
1038 1065 1402 1139 Ἑλληνισμοῦ
1451 1068 1542 1123 καὶ
1588 1065 1719 1124 Ἰου-

117 1153 381 1223 δαϊσμοῦ,
423 1149 834 1224 μεθιστάμενον
876 1151 964 1208 ἐπὶ
995 1147 1091 1207 τὸν
1119 1152 1290 1223 μέσον
1331 1153 1588 1224 παριέναι
1630 1150 1718 1208 νό-

113 1258 218 1307 μον
265 1257 323 1291 τε
363 1237 454 1291 καὶ
497 1241 622 1307 βίον
665 1235 761 1292 τὸν
799 1238 911 1292 τῶν
953 1233 1123 1291 πάλαι
1172 1238 1461 1308 θεοφιλῶν
1500 1237 1591 1292 καὶ
1635 1240 1721 1291 δι-

116 1324 290 1375 καίων
319 1316 573 1391 ἀνδρῶν,
604 1317 670 1376 ὃν
700 1318 728 1376 ὁ
761 1318 942 1394 σωτὴρ
975 1321 1065 1376 καὶ
1098 1317 1285 1392 κύριος
1319 1318 1476 1393 ἡμῶν
1506 1318 1721 1395 μακρὸν

52 1427 92 1458 15
121 1401 544 1476 ἐφησυχοὲσαντα
575 1402 775 1477 χρόνον
806 1397 973 1470 αὖθις
1004 1401 1351 1462 ἀνενεώσατο
1393 1402 1720 1471 ἀκολούθως

114 1501 226 1553 τοῖς
249 1485 421 1544 αὐτοῦ
445 1488 734 1554 Μωυσέως
757 1490 848 1544 καὶ
887 1491 998 1545 τῶν
1023 1490 1234 1545 λοιπῶν
1258 1493 1561 1562 προφητῶν
1592 1491 1718 1560 περὶ

113 1569 324 1628 τούτων
355 1568 543 1628 αὐτῶν
573 1577 967 1644 θεσπίσμασιν.
1046 1576 1122 1628 11.
1159 1574 1220 1628 ἐν
1249 1576 1388 1644 γοῦν
1418 1585 1531 1638 τοῖς
1584 1573 1721 1646 πρὸς

112 1648 210 1712 τὸν
245 1653 491 1728 Ἀβραὰμ
534 1669 798 1728 χρησμοῖς
839 1655 1002 1722 αὐτὸς
1043 1653 1071 1712 ὁ
1116 1661 1364 1730 Μωυσῆς
1406 1652 1720 1731 ἀναγράφει

112 1746 394 1808 θεσπίζων
427 1735 500 1806 ῶς
530 1737 612 1796 ὅτι
643 1738 1015 1813 μελλήσουσιν
1048 1742 1107 1796 ἐν
1138 1738 1388 1811 ὑστέροις
1419 1741 1550 1797 ποτὲ
1591 1740 1722 1813 χρό-

46 1848 90 1879 20
114 1849 228 1892 νοις
260 1820 361 1897 οὐχ
392 1828 449 1881 οἱ
475 1827 573 1881 τοῦ
599 1820 842 1898 Ἀβραὰμ
873 1822 1166 1896 ἀπόγονοι,
1199 1821 1318 1880 οὐδ’
1357 1829 1415 1881 oc
1451 1827 1510 1880 ἐκ
1551 1828 1716 1896 σπέρ-

111 1933 277 1982 ματος
309 1905 480 1965 αὐτοῦ
506 1907 783 1980 Ἰουδαῖοι,
815 1906 954 1964 ἀλλὰ
985 1906 1087 1981 γὰρ
1121 1911 1291 1965 πᾶσαι
1323 1912 1384 1964 αἰ
1421 1911 1595 1980 φυλαὶ
1626 1913 1721 1980 τῆς

113 1996 211 2065 γῆς
243 1995 333 2049 καὶ
366 1990 547 2050 πάντα
576 1991 642 2050 vo}
674 1999 813 2065 ἔθνη
847 1994 934 2049 ε’πὶ
966 1995 1043 2070 τῷ
1072 1988 1242 2069 ὁμοίῳ
1273 1991 1457 2068 τρόπῳ
1489 1996 1584 2065 τῆς
1621 1997 1718 2051 τοῦ

106 2077 352 2150 Ἀβραὰμ
402 2084 726 2150 θεοσεβείας
781 2075 1035 2148 εὐλογίας
1085 2076 1233 2149 παρὰ
1272 2079 1413 2135 θεοῦ
1453 2080 1714 2146 καταξιω-
1742 2103 1810 2143 (15)

112 2161 409 2233 θήσεσθαι.
504 2166 583 2218 12.
629 2160 831 2234 γράφει
873 2162 933 2218 δὲ
974 2159 1149 2228 οὕτως
1184 2157 1215 2178 “
1234 2164 1324 2218 καὶ
1371 2160 1490 2218 εἷπε
1531 2160 1720 2235 κύριος

0 2247 9 2318 J
48 2269 91 2300 25
116 2250 190 2323 τῷ
223 2243 497 2319 Ἀβραάμ,
541 2249 731 2314 ἔξελθε
764 2248 822 2302 ἐκ
852 2252 947 2318 τῆς
978 2248 1076 2318 γῆς
1108 2264 1210 2303 σου
1241 2248 1334 2303 καὶ
1366 2249 1426 2303 ἐκ
1455 2250 1551 2318 τῆς
1583 2265 1721 2318 συγ-

0 2323 29 2343 ⁷⁷
113 2335 332 2402 γενείας
364 2348 492 2401 σου,
527 2332 618 2387 καὶ
651 2334 710 2387 ἐκ
740 2334 838 2387 τοῦ
880 2340 1035 2387 οἴκου
1075 2332 1175 2387 τοῦ
1213 2329 1414 2403 πατρός
1455 2350 1587 2402 σου,
1631 2332 1722 2386 καὶ

117 2418 283 2489 δεῦρο
317 2420 392 2481 εἰς
433 2417 565 2487 γῆν,
607 2411 677 2487 ἣν
708 2413 777 2471 ἄν
808 2433 893 2471 σοι
928 2417 1120 2485 δείξω,
1163 2416 1254 2470 καὶ
1287 2412 1497 2488 ποιήσω
1539 2433 1600 2471 σε
1645 2420 1721 2480 εἰς

116 2505 280 2564 ε”θνος
321 2501 491 2572 μέγα,
546 2501 637 2556 καὶ
691 2496 972 2571 εὐλογήσω
1023 2517 1114 2570 σε,
1159 2501 1250 2555 καὶ
1309 2504 1602 2571 μεγαλυνῶ
1662 2497 1721 2554 τὸ

115 2579 287 2656 ὄνομά
318 2600 439 2654 σου,
473 2585 563 2640 καὶ
597 2589 692 2657 ἔσῃ
727 2581 1123 2656 εὐλογημένος,
1157 2585 1246 2638 καὶ
1281 2581 1562 2655 εὐλογήσω
1593 2581 1722 2648 τοῦς

49 2688 90 2719 30
119 2663 482 2739 εῦλογοῦντοές
536 2687 623 2739 σε,
675 2669 764 2725 καὶ
807 2667 933 2733 τοῦς
986 2668 1409 2740 καταρωμένους
1448 2683 1510 2723 σε
1555 2691 1725 2723 κατα-

231 2863 281 2902 19
314 2861 425 2901 Gen.
452 2864 516 2912 12,
543 2863 577 2901 1.
