1992 3186
180 159 183 162 >
255 125 359 176 476
927 123 1174 165 EUSEBH

143 1020 231 1060 (353)

223 1952 232 1972 )

258 238 432 299 αὐτοῦ
461 239 684 310 παιδὸς,
725 235 792 296 ὃν
821 243 1082 304 ποικίλως
1115 236 1487 310 ἐθεολόγησαν
1527 242 1590 295 αἰ
1614 235 1865 311 πρόσθεν

256 322 391 398 ἡμῖν
430 332 829 395 παρατεθεῖσαι
875 324 1089 395 φωναὶ,
1131 320 1261 378 καθ’
1299 313 1368 378 οὗ
1408 319 1644 395 ὄμνυσιν
1673 317 1701 378 ὁ
1733 319 1864 388 θεὸς

258 411 350 465 καὶ
380 405 556 479 πατὴρ
589 403 790 479 αὐτοῦ,
823 408 895 472 ὥς
925 403 1062 463 κατὰ
1083 403 1461 479 ἠγαπημένον,
1492 404 1588 463 τὸν
1613 409 1670 463 ἐκ
1701 406 1864 479 σπέρ-

257 515 422 565 ματος
453 492 641 563 Δαβὶδ
671 489 767 547 τὸν
797 488 1028 565 ἄπειρον
1058 494 1235 547 αἰῶνα
1267 487 1546 557 δοξάσειν
1587 487 1617 546 ὃ
1654 491 1745 546 καὶ
1777 493 1864 562 γέ-

258 598 422 647 γονεν
461 573 550 632 ὅτε
589 573 618 631 ὁ
649 573 809 647 λόγος
850 573 984 648 σὰρξ
1014 572 1313 647 γενόμενος
1343 571 1439 632 τὸν
1470 577 1529 630 ἐκ
1559 577 1863 647 σπέρματος
1882 597 1903 628 5

258 662 447 731 Δαβὶδ
477 656 745 732 ἆνείληφέ
772 682 832 715 τε
862 660 955 716 καὶ
987 661 1330 730 ε’θεοποίησε.
1374 657 1460 715 διὸ
1491 660 1583 714 καὶ
1612 656 1738 715 υἱὸν
1769 654 1866 715 αὕ-

256 741 356 801 τὸν
386 741 717 817 ἀναγορεύει
748 745 944 815 λέγων,
967 738 1114 815 “s'yca
1146 747 1335 815 ἔσομαι
1365 739 1513 818 αὐτῷ
1539 747 1617 808 εἰς
1640 742 1866 814 πατέρα,

257 829 347 884 καὶ
380 826 544 893 αὐτὸς
575 833 723 884 ἔσται
756 851 848 900 μοι
880 832 956 893 εἰς
988 824 1167 884 υίόν.”
1243 830 1322 884 14.
1356 828 1448 884 καὶ
1487 825 1655 883 πάλιν
1678 821 1867 898 “κᾶγώ

255 910 605 986 πρωτότοκον
643 909 887 985 θήσομαι
932 907 1157 968 αὐτόν.”
1241 913 1432 984 σαφῶς
1471 915 1765 983 τοιγαροῦν
1808 912 1869 967 ἐκ

259 994 472 1053 τούτων
501 991 529 1052 ὁ
560 995 679 1061 υίὸς
709 998 810 1052 τοῦ
846 998 989 1053 θεοῦ
1019 993 1048 1051 ὃ
1079 994 1422 1065 πρωτότοκος
1463 998 1523 1052 ἐκ
1562 996 1868 1068 σπέρματος
1890 1016 1932 1048 10

258 1087 495 1145 ἔσεσθαι,
524 1082 713 1150 Δαβὶδ
754 1078 1069 1153 ἀνείρηται,
1113 1077 1250 1136 ὥστε
1294 1082 1392 1135 ἕνα
1433 1080 1525 1135 καὶ
1571 1076 1668 1135 τὸν
1698 1075 1869 1135 αὐτὸν

260 1163 401 1221 εἶναι
432 1161 528 1220 τὸν
557 1163 683 1220 υἱὸν
712 1166 813 1220 τοῦ
842 1165 1035 1235 Δαβὶδ
1064 1165 1141 1239 τῷ
1185 1166 1327 1220 θεοῦ
1359 1166 1462 1239 vig-5
1494 1164 1584 1219 καὶ
1616 1161 1712 1219 τὸν
1741 1161 1869 1219 υἱὸν

258 1251 356 1304 τοῦ
387 1252 525 1304 θεοῦ
565 1250 643 1323 τῷ
687 1251 791 1322 υἱῷ
821 1252 1026 1318 Λαβίδ.
1101 1245 1178 1303 δι’
1217 1239 1296 1304 οἷν
1329 1249 1569 1318 ἐναργῶς
1600 1245 1628 1302 ὁ
1660 1244 1869 1320 πρωτό-

257 1354 413 1396 τοκος
453 1329 631 1402 πάσης
670 1337 925 1403 κτίσεως,
968 1329 1132 1396 αὐτὸς
1171 1329 1200 1387 ὁ
1240 1329 1361 1397 υίὸς
1398 1336 1498 1388 τοῦ
1538 1333 1707 1401 θεοῦ,
1748 1329 1869 1396 υἱὸς

258 1412 565 1488 ἀνθρώπου
606 1412 943 1486 γενήσεσθαι
972 1413 1395 1488 προεφητεύετο.
1471 1418 1551 1471 15.
1587 1416 1678 1471 καὶ
1708 1416 1868 1472 τοῦτο
1891 1438 1934 1472 15

260 1500 319 1555 δὲ
349 1497 408 1555 τὸ
439 1496 627 1570 λόγιον
657 1494 690 1570 ἡ
714 1501 815 1555 τοῦ
832 1497 1160 1571 εὐαγγελίου
1183 1498 1370 1572 γραφὴ
1405 1501 1867 1572 ἐπισφραγίζεται,

259 1581 332 1639 δι’
384 1574 462 1639 ὧν
502 1599 676 1655 φησιν
718 1581 1013 1639 ε’πιστοὲντα
1052 1581 1149 1640 τὸν
1179 1582 1428 1655 Γαβριὴλ
1457 1586 1523 1656 τῇ
1564 1579 1696 1658 ἁγίᾳ
1725 1604 1870 1656 παρ-

258 1669 410 1744 θένῳ
422 1664 595 1738 φάναι
607 1668 734 1740 περὶ
746 1670 843 1724 τοῦ
861 1670 1105 1741 σωτῆρος
1116 1663 1274 1739 ἡμῶν
1288 1659 1489 1734 “οὗτος
1512 1673 1663 1724 ἔσται
1678 1668 1866 1740 μέγας,

258 1752 349 1807 καὶ
380 1749 499 1816 υίὸς
528 1746 769 1818 ὑψίστου
798 1749 1159 1823 κληθήσεται,
1190 1753 1283 1807 καὶ
1309 1749 1476 1808 δώσει
1500 1749 1652 1826 αὐτῷ
1679 1749 1867 1823 κύριος

255 1830 284 1890 ὁ
315 1834 447 1901 θεὸς
476 1834 574 1891 τὸν
595 1832 807 1906 θρόνον
824 1840 1015 1906 Δαβὶδ
1035 1837 1135 1892 τοῦ
1151 1833 1356 1907 πατρὸς
1378 1833 1570 1904 αὐτοῦ,
1595 1835 1687 1890 καὶ
1711 1840 1865 1905 βασι·
1889 1859 1935 1892 20

213 1941 219 1970 !
258 1916 444 1975 λεύσει
477 1921 565 1975 ε’πὶ
593 1918 690 1975 τὸν
720 1918 875 1975 οἶκον
897 1915 1091 1989 Ἰακώβ
1123 1923 1201 1983 εἰς
1230 1915 1360 1983 τούς
1383 1920 1617 1990 αἰῶνας,
1650 1919 1741 1974 καὶ
1772 1923 1869 1990 τῆς

257 2007 540 2071 βασιλείας
571 2001 745 2058 αὐτοῦ
774 2000 878 2058 οὐκ
908 2007 1059 2058 ἔσται
1088 1999 1292 2067 τέλος.”
1340 2006 1420 2058 16.
1456 2003 1548 2058 καὶ
1570 2001 1705 2074 μετὰ
1735 2007 1867 2074 βρα-

257 2086 353 2157 χέα
386 2085 446 2140 δὲ
478 2087 537 2141 ἐν
566 2088 641 2161 τῷ
672 2081 825 2161 αὐτῷ
855 2084 1159 2161 εὐαγγελίῳ
1192 2090 1467 2160 Ζαχαρίας
1496 2081 1525 2142 ὁ
1555 2089 1654 2142 τοῦ
1680 2083 1869 2143 Ἰωοὲν-

262 2192 360 2225 νου
390 2167 568 2242 πατὴρ
597 2167 730 2225 τάδε
759 2169 888 2242 περὶ
918 2172 1019 2226 τοῦ
1049 2175 1292 2241 Χριστοῦ
1322 2174 1573 2237 θεσπίζει
1595 2166 1868 2241 “εὕλογη-

257 2251 346 2319 τὸς
386 2249 575 2325 κύριος
616 2250 645 2308 ὁ
687 2250 819 2318 θεὸς
859 2254 960 2309 τοῦ
991 2250 1237 2326 Ἰσραὴλ,
1277 2249 1359 2309 ὅτι
1400 2255 1734 2320 ἐπεσκέψατο
1773 2253 1865 2309 καὶ
1888 2277 1933 2309 25

260 2339 482 2407 ἐποίησε
522 2333 799 2408 λύτρωσιν
836 2339 911 2412 τῷ
952 2342 1067 2412 λαῷ
1107 2332 1310 2408 αὑτοῦ,
1351 2338 1442 2392 καὶ
1487 2333 1674 2410 ἤγειρε
1703 2337 1866 2409 κέρας

258 2426 530 2493 σωτηρίας
561 2415 698 2493 ἡμῖν
729 2423 789 2478 ἐν
819 2429 952 2497 οἴκῳ
969 2422 1158 2493 Δαβὶδ
1189 2422 1290 2478 τοῦ
1317 2419 1512 2486 παιδὸς
1543 2419 1734 2493 αὑτοῦ,
1767 2444 1867 2477 κα-

257 2501 375 2569 θώς
409 2502 639 2576 ἐλάλησε
672 2502 764 2561 διὰ
794 2502 1058 2577 στόματος
1080 2507 1192 2561 τῶν
1215 2501 1391 2576 ἁγίων
1413 2501 1508 2561 ἀπ’
1546 2507 1744 2570 αἰῶνος
1768 2501 1866 2560 αὐ-

258 2590 357 2643 τοῦ
388 2586 743 2661 προφητῶν.”
810 2593 890 2645 17.
925 2585 1048 2645 ἀλλ’
1083 2585 1166 2645 ὅτι
1196 2589 1297 2661 μὲν
1327 2589 1424 2646 τὸν
1456 2590 1867 2661 ἐπηγγελμένον

373 2806 396 2844 7
428 2807 467 2845 2.
490 2806 604 2858 Reg.
629 2809 666 2858 7,
694 2809 759 2848 14.
935 2811 960 2850 8
991 2809 1067 2849 Ps.
1092 2810 1160 2860 89,
1184 2810 1252 2849 27.
1430 2810 1480 2848 14
1513 2807 1610 2850 Col.
1636 2810 1672 2857 1,
1700 2807 1767 2846 15.

260 2861 311 2900 18
342 2860 456 2903 Luc.
481 2863 517 2912 1,
543 2864 611 2902 3‘2.
785 2866 839 2904 ‘25
869 2864 983 2907 Luc.
1010 2866 1046 2913 1,
1070 2865 1138 2905 68.
