1992 3186
963 55 982 68 r

248 126 351 178 316
921 126 1167 168 ΕυεΕΒιῑ

248 246 343 314 τῆς
385 242 646 315 θεότητος
691 243 1111 314 ἐπινοουμένης,
1155 241 1276 309 ἑνός
1315 265 1373 299 τε
1402 240 1558 308 ὄντος
1589 246 1728 300 θεοῦ
1757 246 1859 300 τοῦ

251 323 384 383 καθ’
430 325 628 383 ἑαυτὸν
668 323 920 398 άνάρχως
959 327 1051 381 καὶ
1091 323 1404 398 άγεννήτως
1442 324 1629 397 ὄντος,
1674 325 1766 383 διὰ
1797 328 1858 384 δὲ

250 414 347 468 τοῦ
378 414 508 468 υίοῦ
540 408 611 475 ὡς
642 406 712 466 ἄν
743 407 813 465 δι’
853 407 1122 480 ἐσόπτρου
1154 412 1246 467 καὶ
1279 409 1490 476 εἰκόνος
1522 413 1859 484 ἐπιθεωρου-

250 498 435 568 μένου.
511 498 592 549 15.
623 491 785 550 τοῦτό
827 517 911 550 τοι
951 494 1042 549 καὶ
1082 492 1142 550 τὸ
1183 492 1558 565 πνευματικὸν
1602 493 1861 552 παιδεύει

251 577 465 650 λόγιον,
508 574 610 634 οῦκ
648 575 825 643 ἄλλως
867 575 1086 649 φάσκον
1115 576 1257 634 θεὸν
1289 578 1432 634 εἶναι
1475 579 1860 652 προσκυνητὸν
1882 604 1902 637 5

250 660 347 718 τὸν
399 661 742 734 δηλούμενον
792 658 915 717 ἀλλ’
967 659 1001 734 ἢ
1056 659 1147 718 διὰ
1195 661 1293 718 τὸν
1345 664 1670 720 ἐνοικοῦντα
1714 661 1865 738 αὐτῷ

251 747 476 819 πατέρα.
550 742 650 802 “ἐν
691 748 777 803 σοὶ
821 743 955 819 γάρ,
1007 748 1172 818 φησὶ,
1214 745 1637 820 προσεύξονται,
1679 743 1763 804 ὅτι
1805 749 1864 804 ἐν

253 832 338 886 σοὶ
369 828 397 887 ὅ
430 828 561 897 θεός
595 833 737 902 ἐστι,
770 832 862 886 καὶ
893 830 963 886 σὺ
995 831 1055 886 δὲ
1091 826 1252 896 αὐτὸς
1282 829 1414 897 θεὸς
1445 826 1525 888 ὢν
1554 829 1737 906 σωτὴρ
1767 833 1867 888 τοῦ

245 910 462 987 Ἰσραὴλ
500 912 819 988 τυγχάνεις,
862 916 955 971 καὶ
995 913 1086 970 διὰ
1124 918 1285 972 τοῦτο
1333 913 1554 989 ἰσχυρὸς
1594 917 1686 972 καὶ
1729 939 1866 988 κρυ-

141 1021 228 1066 (228)
254 1013 418 1070 φαῖος
448 998 583 1065 θεὸς
615 998 693 1070 εἷ,
728 999 848 1055 ἐπεὶ
889 1001 948 1055 ἐν
979 999 1065 1055 σοὶ
1095 996 1124 1055 ὁ
1155 997 1315 1072 θεὸς,
1349 1001 1441 1056 καὶ
1471 996 1575 1056 οῦκ
1606 1006 1755 1057 ἔστιν
1787 1005 1864 1056 ἔτι
1887 1023 1928 1056 ιο

254 1080 400 1153 πλὴν
431 1079 663 1140 αὐτοῦ.”
729 1086 808 1138 16.
832 1079 956 1138 ἀντὶ
983 1083 1043 1138 δὲ
1066 1082 1166 1139 τοῦ
1187 1079 1522 1140 “ἐκοπίασεν
1553 1080 1864 1156 Αἴγυπτος”

253 1163 313 1223 τὸ
337 1165 628 1239 Ἑβραϊκὸν
658 1168 751 1222 καὶ
781 1171 839 1222 οἱ
864 1168 1046 1222 λοιποὶ
1076 1164 1277 1233 πάντες
1308 1169 1638 1240 ἑρμηνευταὶ
1660 1163 1866 1234 ι’Ἃιόπος

256 1249 588 1322 Αἰγύπτου”
627 1248 1029 1321 ἐκδεδώκασιν,
1070 1248 1146 1306 ἵν’
1185 1243 1217 1324 ᾗ
1256 1250 1317 1307 τὸ
1361 1250 1661 1323 λεγόμενον
1689 1254 1867 1308 τοιοῦ-

256 1357 353 1391 τον
387 1330 514 1391 “602
554 1332 1036 1406 προσκυνήσουσι,
1084 1340 1182 1390 καί
1223 1351 1309 1391 σοι
1350 1341 1568 1392 ἔσονται
1610 1339 1798 1392 δοῦλοι
1839 1330 1867 1391 ὃ

257 1416 424 1483 κόπος
466 1418 788 1490 Αἰγύπτου,
830 1419 922 1473 καὶ
963 1416 996 1489 ἡ
1040 1421 1272 1492 ἐμπορία
1312 1418 1638 1491 Αἰθιόπων,
1679 1422 1771 1476 καὶ
1815 1424 1873 1475 οἰ
1891 1444 1930 1478 15

258 1499 580 1575 Σεβωείμ·”
659 1500 731 1558 δι’
779 1493 858 1558 οἷν
896 1500 1154 1576 βάρβαρα
1195 1502 1346 1575 οἶμαι
1389 1505 1483 1560 καὶ
1523 1500 1707 1577 ἅσημά
1744 1527 1868 1560 τινα

258 1591 399 1657 ἔθνη
432 1590 746 1659 δηλοῦσθαι
788 1587 879 1642 καὶ
911 1584 1092 1643 πάντα
1122 1585 1225 1643 ὅσα
1258 1583 1365 1659 ἤδη
1399 1586 1569 1644 πάλαι
1600 1586 1869 1662 πρότερον

256 1674 321 1744 τῇ
368 1674 664 1744 δαιμονικῇ
701 1668 1005 1742 τετρύχωτο
1050 1675 1471 1747 δεισιδαιμονίᾳ.
1559 1676 1639 1727 17.
1679 1669 1868 1742 ἐπειδὴ

257 1754 361 1828 γὰρ
395 1753 692 1827 Αἰγύπτιοι
725 1753 959 1811 ἐδόκουν
989 1752 1214 1813 πάντων
1242 1758 1355 1812 τῶν
1386 1758 1571 1812 ἐθνεὸν
1602 1760 1867 1811 δεισιδαι-

257 1839 579 1911 μονέστατοι
608 1836 904 1911 τυγχάνειν
941 1841 1157 1911 πρῶτοί
1189 1862 1248 1895 τε
1278 1837 1539 1911 κατάρξαι
1577 1841 1673 1910 τῆς
1706 1844 1868 1895 εἰδω-
1889 1863 1931 1895 20

149 1948 234 1990 [144]
260 1921 529 1995 λολάτρου
568 1922 808 1994 πλάνης,
857 1919 1078 1987 εἰκότως
1119 1920 1370 1995 πρώτους
1411 1919 1612 1989 αῦτοῦς
1642 1928 1869 1995 τίθησιν

210 2032 233 2064 b
258 2002 780 2078 ῦποταγησομένους
818 2008 894 2080 τῷ
926 2007 1176 2080 Χριστῷ,
1219 2007 1311 2062 καὶ
1355 2002 1432 2062 δι’
1466 2005 1652 2063 αὐτῶν
1682 2010 1773 2063 καὶ
1803 2006 1869 2063 τὰ

260 2092 387 2162 περὶ
426 2093 539 2147 τῶν
577 2092 788 2146 λοιπῶν
828 2092 1245 2162 εἰδωλολατρῶν
1284 2088 1500 2165 φανεροὶ
1539 2097 1866 2148 καθιστᾶσα.

263 2178 343 2229 18.
388 2174 480 2229 καὶ
521 2175 695 2228 ταῦτα
725 2170 1078 2243 πεπλήρωται
1111 2174 1198 2228 ἐπὶ
1229 2176 1326 2230 τοῦ
1357 2177 1602 2248 σωτῆρος
1645 2176 1736 2231 καὶ
1768 2198 1869 2230 κυ-

262 2262 386 2330 ρίου
416 2251 603 2329 ἡμῶν,
646 2259 722 2332 τῷ
765 2259 825 2312 ἐν
866 2261 1037 2312 πᾶσιν
1082 2262 1272 2313 ἔθνεσι
1303 2268 1747 2328 προσκυνεῖσθαι
1777 2260 1867 2315 καὶ
1890 2280 1932 2313 25

265 2338 557 2397 δουλεύειν
587 2336 735 2415 αὐτῷ
777 2345 949 2412 μυρία
979 2338 1169 2411 πλήθη
1199 2346 1312 2398 τῶν
1352 2339 1460 2397 άνὰ
1488 2340 1590 2413 τὴν
1619 2343 1869 2413 οἰκουμέ-

262 2448 368 2496 νην
401 2427 600 2481 ἐθνῶν.
665 2428 743 2481 19.
779 2429 1059 2490 Αἰθίοπας
1101 2424 1163 2479 δὲ
1202 2426 1293 2480 καὶ
1324 2427 1580 2497 Σεβωεὶμ
1620 2422 1747 2491 τοῦς
1781 2427 1871 2482 ἐν-

261 2514 446 2565 ταῦθα
497 2505 910 2582 προσκυνήσειν
960 2512 1036 2583 τῷ
1079 2511 1300 2583 Χριστῷ
1350 2511 1870 2583 προφητευομένους

263 2594 354 2648 καὶ
388 2592 478 2648 διὰ
506 2597 604 2649 τοῦ
635 2590 724 2648 οα’
762 2596 995 2664 Ψαλμοῦ
1036 2588 1273 2663 ἡγοῦμαι
1317 2597 1627 2664 δηλοῦσθαι
1669 2589 1747 2648 δι’
1791 2583 1870 2648 οἷν

265 2685 476 2748 εἴρηται
498 2672 775 2733 “ἐνσόπιον
799 2674 971 2732 αὐτοῦ
995 2680 1436 2748 προσπεσοῦνται
1462 2683 1752 2748 Αἰθίοπες,
1778 2677 1868 2732 καὶ
1891 2699 1933 2730 30

376 2872 430 2910 30
461 2869 690 2921 Ps.71‚9.
