1992 3186
561 114 871 159 DEMONST.
899 115 1119 159 EVANG.
1152 116 1208 156 X.
1241 116 1283 156 4.
1627 116 1732 170 645

118 237 246 290 νίκα
276 227 497 303 ἀπῆλθε
526 229 661 305 πρὸς
690 230 818 298 τούς
849 227 1138 305 ἀρχιερεῖς,
1170 235 1263 289 ’ἵνα
1286 235 1521 308 παραδῷ
1543 229 1728 291 αὐτόν.

119 321 177 373 οἱ
227 316 288 372 δὲ
342 313 647 389 ἐχάρησαν,
701 317 794 372 καὶ
844 317 1239 389 ἐπηγγείλαντο
1288 312 1439 393 αὐτῷ
1491 315 1732 391 ἀργύρια

123 397 374 458 δούναι.”
437 405 484 457 3.
519 396 638 457 ἀλλ’
678 403 740 457 ἐν
768 397 982 467 τούτοις
1020 401 1122 474 μὲν
1153 398 1339 468 ἁπλῶς
1369 401 1429 458 τὸ
1460 399 1732 476 ἀργύριον

120 482 462 558 ὠνόμασται,
508 482 657 557 παρά
690 484 752 541 δὲ
781 489 857 560 τῷ
889 491 1172 562 Ματθαίςο
1202 485 1607 559 μνημονεύεται
1637 488 1731 544 καὶ

75 565 148 627 5ὁ
178 566 435 643 ἀριθμὸς,
468 567 694 645 συνάδω
760 574 827 643 τῇ
858 565 965 626 άπὸ
988 572 1087 626 τοῦ
1101 576 1381 643 Ζαχαρίου
1405 572 1729 646 παραθέσει.

117 658 166 711 4.
202 657 348 727 λέγει
381 652 431 710 δ’
468 646 575 712 οὖν
603 652 633 710 ὁ
665 593 965 719 [ἄατθαῖος
987 649 1147 710 τετότε
1177 656 1477 728 πορευθεὶς
1510 652 1588 722 εἷς
1617 658 1732 713 τῶν

119 737 367 810 δώδεκα,
398 737 427 796 ὁ
459 736 751 812 λεγόμενος
775 735 988 804 Ἰούδας
1013 734 1385 814 Ἰσκαριώτης,
1428 737 1566 814 πρὸς
1603 764 1732 806 τους

117 819 391 898 ἀρχιερεῖς
435 823 590 880 εἶπεν
633 821 850 895 αὐτοις,
891 828 949 879 τί
973 825 1171 880 θέλετέ
1196 847 1287 896 μοι
1320 826 1547 896 δοῦναι,
1580 821 1729 897 κάγω
1757 847 1780 881 <1

118 906 256 982 ὗμιν
295 907 644 1011 napadcoam„
656 905 852 978 αὐτόν;
905 911 963 964 οἱ
1000 908 1061 964 δε
1101 914 1340 981 ἔστησαν
1384 905 1540 985 αὐτῷ
1578 908 1734 982 τριά-

56 1016 97 1049 10
121 1016 288 1050 κοντα
319 990 644 1066 στατῆρας]
710 991 986 1065 σύμφωνα
1016 984 1123 1050 οὖν
1150 991 1323 1049 ταῦτά
1355 995 1468 1050 ἐστι
1499 997 1576 1069 τῷ
1602 989 1733 1051 “nal

119 1084 357 1150 ἔστησαν
386 1075 483 1134 τὸν
512 1076 721 1151 μισθόν
751 1101 859 1150 μου
898 1074 1191 1152 τριάκοντα
1222 1074 1537 1152 άργυροῦς”
1576 1080 1638 1135 ἐν
1666 1082 1732 1152 τῇ

118 1167 428 1238 προφητεία
469 1163 740 1239 εἰρημένῳ
778 1159 889 1219 ὑπὸ
929 1164 1030 1219 τοῦ
1067 1167 1281 1235 κυρίου.
1353 1166 1400 1218 5.
1435 1160 1567 1219 ἀνθ’
1605 1154 1674 1218 οὗ
1704 1158 1733 1218 ὁ

117 1248 220 1320 μὲν
251 1245 551 1320 Σύμμαχος
585 1250 806 1318 ἐποίησε
838 1241 969 1303 “καὶ
1010 1243 1354 1320 ἐστάθμισαν
1391 1245 1490 1304 τὸν
1527 1244 1734 1320 μισθόν

118 1355 227 1405 μου
267 1329 564 1405 τριάκοντα
604 1327 947 1406 άργυροῦς·”
1004 1326 1033 1388 ὁ
1068 1331 1131 1388 δὲ
1155 1329 1388 1398 Ἀκύλας
1410 1327 1542 1388 “mci
1573 1337 1735 1404 ἔστη-

55 1438 96 1471 15
121 1434 228 1474 6ocv
256 1414 354 1474 τὸν
383 1415 591 1488 μισθόν
627 1440 736 1489 μου
765 1413 1058 1489 τριάκοντα
1099 1412 1433 1489 ἄργυροῦς.”
1498 1413 1580 1484 οἷς
1615 1419 1734 1473 ἐπι-

119 1503 333 1573 λέγεται
355 1499 487 1558 “καὶ
532 1500 651 1558 εἷπε
681 1498 870 1573 κύριος
902 1498 1038 1573 πρός
1067 1523 1163 1573 με,
1207 1500 1378 1567 κάθες
1420 1496 1624 1566 αὐτοὺς
1657 1505 1735 1566 είς

117 1585 178 1642 τὸ
211 1583 612 1659 χωνευτήριον,
646 1588 738 1642 καὶ
770 1587 969 1653 σκέψαι
994 1590 1046 1641 εἰ
1067 1582 1295 1657 δόκιμόν
1323 1587 1488 1656 ἐστιν,
1520 1579 1586 1641 ὃν
1607 1583 1736 1658 τρό-

119 1691 226 1727 πον
259 1668 636 1743 ἐδοκιμάσθην
664 1668 806 1742 ὑπὲρ
838 1667 1074 1726 αὐτῶν.”
1149 1674 1196 1726 6.
1230 1666 1360 1726 ἀνθ’
1399 1660 1468 1726 οὗ
1507 1667 1675 1725 πάλιν
1705 1663 1734 1725 ὃ

118 1754 222 1827 μὲν
249 1750 478 1820 Ἀκύλας
523 1757 660 1827 φησὶ
681 1753 814 1811 “nal
862 1753 982 1810 εἷπε
1020 1751 1210 1827 κύριος
1250 1750 1388 1828 πρός
1427 1777 1522 1827 με,
1563 1752 1735 1820 κάθες

56 1862 98 1894 20
121 1835 324 1905 αὐτούς
378 1844 456 1905 εἰς
495 1838 555 1895 τὸ
597 1837 1003 1912 χωνευτήριον,
1062 1842 1228 1912 ῥῖψον
1272 1834 1412 1894 αὐτὰ
1454 1835 1590 1910 πρὸς
1622 1835 1736 1897 ,τὸν

119 1922 391 1995 πλάστην’
446 1921 835 1997 ὑπερμεγέθης
879 1923 913 1996 ἡ
958 1921 1116 1996 τιμὴ,
1167 1918 1239 1994 ἣν
1281 1920 1553 1996 ἐτιμήθην
1593 1918 1735 1996 ὑπὲρ

120 2003 359 2066 αὕτεόν.”
420 2009 514 2064 καὶ
556 2006 828 2082 πρόσσχες
867 2012 993 2065 τίνα
1033 2005 1240 2079 τρόπον
1281 2003 1445 2073 αὐτὸς
1483 2005 1511 2063 ὁ
1544 2005 1733 2080 κύριος
1758 2031 1847 2071 (480)

120 2091 285 2165 τιμὴν
305 2093 504 2149 ἑαυτοῦ
528 2091 789 2166 ὁμολογεῖ
806 2091 935 2159 τούς
958 2090 1252 2166 τριάκοντα
1272 2088 1553 2166 ἀργυροῦς
1578 2089 1735 2148 δεδό-

121 2186 272 2233 σθαι.
322 2181 366 2233 7.
401 2181 544 2234 ἔοικε
577 2179 636 2234 δὲ
666 2173 700 2249 ἡ
730 2183 826 2250 τῆς
858 2179 1052 2245 λέξεως
1086 2175 1303 2234 διάνοια
1329 2174 1582 2234 τοιοῦτόν
1610 2200 1736 2233 τινα

56 2284 99 2316 25
123 2263 416 2334 ἐμφαίνειν
444 2264 610 2334 νοῦν,
652 2262 758 2334 ἐγώ
797 2263 900 2335 μὲν
929 2258 957 2318 ὁ
989 2259 1179 2335 κύριος
1219 2264 1280 2318 ἐκ
1319 2259 1538 2335 πρώτης
1568 2258 1736 2333 ἀρξά-

121 2369 284 2418 μενος
323 2341 528 2419 ἡμέρας
568 2343 636 2404 οὐ
683 2348 932 2403 διέλιπον
960 2347 1056 2416 τῆς
1090 2347 1328 2418 ἐμαυτοῦ
1369 2341 1734 2416 χρηστότητος

119 2429 255 2501 ὑμῖν
284 2443 398 2495 τοῖς
431 2432 491 2486 ἐκ
521 2435 815 2504 περιτομῆς
848 2435 1114 2501 δείγματα
1133 2429 1409 2501 παρέχων,
1443 2428 1533 2483 καὶ
1558 2433 1732 2500 μυρία

120 2510 224 2570 ὅσα
252 2510 395 2585 ὑμᾶς
428 2511 859 2587 εὐεργετῶν,οὐ
889 2511 1063 2586 μόνον
1091 2511 1157 2569 τὰ
1191 2509 1280 2568 διὰ
1311 2516 1424 2568 τῶν
1454 2509 1733 2568 ἀνέκαθεν

124 2599 454 2669 προφητῶν,
497 2594 634 2653 ἀλλὰ
675 2599 766 2654 καὶ
796 2595 862 2654 τὰ
895 2596 987 2654 διὰ
1017 2602 1112 2669 τῆς
1154 2599 1392 2669 ἐμαυτοῦ
1424 2601 1731 2668 παρουσίας
1783 2595 1794 2602 ‘

58 2704 101 2736 30
125 2687 186 2738 ἔν
216 2705 274 2738 τε
304 2693 425 2746 ταῖς
455 2695 875 2756 προτρεπτικαῖς
909 2685 1290 2747 διδασκαλίαις
1321 2683 1413 2737 καὶ
1443 2695 1555 2746 τοῖς
1587 2687 1733 2752 λογι-

242 2876 263 2914 1
295 2874 441 2916 Marc.
464 2876 530 2927 14,
556 2876 620 2916 10.
796 2877 820 2916 6
852 2875 1018 2918 Matth.
1043 2876 1111 2924 26,
1136 2876 1202 2914 14.
