1992 3186
571 109 1287 153 DEMONST.EVANG.X.Q
1628 106 1731 159 655

120 222 370 299 κεφαλὴν
392 223 767 299 φαλάκρωμα·
813 226 904 281 καὶ
927 222 1174 297 θήσομαι
1197 219 1370 281 αὐτὸν
1394 221 1578 297 ὥσπερ
1603 227 1730 281 πέν-
1756 247 1777 279 d

118 321 220 377 θος
250 307 564 382 ἀγαπητοῦ,
606 311 696 366 καὶ
727 308 855 375 τούς
885 307 1001 382 μετ’
1038 305 1210 366 αὐτοῦ
1253 303 1326 374 ὦς
1355 306 1566 382 ἡμέραν
1595 307 1732 366 ὀδύ-

117 418 232 467 νης.
298 394 421 451 ἰδοὺ
449 390 647 467 ἡμέραι
677 399 955 468 ἔρχονται,
988 396 1134 465 λέγει
1165 391 1384 467 κύριος,
1415 394 1508 450 καὶ
1541 396 1730 460 ἐξαπο-

116 481 292 536 στελῶ
321 477 481 552 λιμὸν
506 480 595 535 ἐπὶ
618 477 720 550 τὴν
748 482 875 550 γῆν,
906 475 973 534 οὐ
997 476 1157 550 λιμὸν
1179 475 1368 551 ἄρτου,
1399 475 1531 534 οὐδὲ
1557 482 1730 547 δίψαν
1754 497 1840 542 [303]

73 585 94 618 5
115 559 348 636 ὕδατος,
389 561 529 620 ἀλλὰ
570 562 730 636 λιμὸν
775 568 874 620 τοῦ
905 561 1140 618 ἀκοῦσαι
1170 560 1336 634 λόγον
1366 558 1604 636 κυρίου”
1637 563 1729 619 καὶ

115 646 181 703 τὰ
212 650 349 720 ἑξῆς.
427 652 472 705 7.
505 644 644 721 ἅπερ
686 643 906 725 ἅπαντα.
945 645 1037 712 διὰ
1075 644 1177 718 τὴν
1205 644 1602 720 ὑπερηφανίαν
1633 644 1750 717 αὕη

115 734 227 788 τῶν
257 729 359 803 τὴν
388 729 524 788 κατά
555 734 655 788 τοῦ
676 734 921 803 Χριστοῦ
941 731 1318 804 γεγενημένην
1342 736 1570 787 ἔσεσθαι
1593 753 1727 805 προ-

115 817 469 887 φητευθέντα
486 819 698 890 ’ἐναργῆ
721 813 822 889 τὴν
846 821 1075 887 ἔκβασιν
1096 820 1191 888 τῆς
1215 814 1570 889 προρρήσεως
1594 814 1731 873 ἀπε-

118 903 332 967 δείξατο
363 899 499 973 μετὰ
528 899 631 972 τὴν
659 900 797 957 κατὰ
825 903 922 957 τοῦ
953 902 1198 972 σωτῆρος
1239 897 1397 972 ἡμῶν
1428 898 1731 973 ἐπιβουλὴν

53 1008 94 1039 10
118 981 317 1042 αὐτῶν.
379 989 426 1041 8.
462 981 529 1040 οὐ
559 984 831 1059 πρότερον
860 989 1019 1057 γοῦν,
1051 982 1171 1040 ἀλλ’
1211 987 1264 1051 ἐξ
1292 986 1506 1041 ἐκείνου
1531 986 1623 1042 καὶ
1652 990 1730 1050 εἰς

119 1072 284 1143 δεῦρο
314 1070 684 1141 μετέστρεψεν
715 1067 903 1126 αὐτῶν
932 1064 961 1126 ὅ
992 1067 1124 1135 θεὸς
1155 1067 1251 1134 τὰς
1278 1067 1468 1142 ἑορτάς
1502 1075 1580 1145 είς
1602 1070 1730 1126 πέν-

118 1163 222 1220 θος
253 1155 345 1209 καὶ
375 1152 470 1219 τὰς
506 1150 653 1229 ᾠδάς
688 1159 764 1220 εἰς
787 1157 1024 1227 θρῆνον,
1055 1156 1149 1226 τῆς
1174 1152 1510 1227 περιβοήτου
1533 1177 1730 1227 μητρο-

115 1235 328 1304 πόλεως
359 1235 742 1310 ἀποστερήσας
774 1235 1004 1309 αὐτούς,
1036 1239 1128 1294 καὶ
1163 1235 1222 1294 τὸ
1258 1240 1318 1294 ἐν
1349 1234 1490 1311 αὐτῇ
1523 1237 1729 1311 σεμνὸν
1752 1259 1840 1301 (487)

116 1319 358 1395 ἁγίασμα
389 1320 525 1379 κατὰ
556 1322 659 1394 τὴν
692 1324 780 1379 ἐπὶ
820 1328 986 1379 Τίτου
1016 1325 1109 1379 καὶ
1144 1319 1578 1380 Οὐεσπασιανοῦ
1599 1321 1730 1380 Ῥω-

52 1427 92 1460 15
115 1413 295 1478 μαίων
339 1405 761 1482 αὐτοκρατόρων
803 1405 1106 1480 ἡγεμονίαν
1145 1406 1431 1480 καθελών,
1475 1405 1548 1473 ὥς
1589 1407 1730 1480 μηδὲ

118 1489 383 1556 ἐλθόντας
435 1490 716 1550 δύνασθαι
758 1490 845 1548 ἐπ’
883 1489 1052 1564 αὐτῆς
1094 1489 1189 1558 τὰς
1231 1489 1498 1564 ἐννόμους
1539 1490 1730 1565 ἑορτὰς

116 1577 209 1632 καὶ
239 1575 579 1650 πανηγύρεις
613 1578 895 1634 ἐπιτελεῖν.
957 1581 1016 1633 τί
1042 1580 1134 1633 δεῖ
1159 1578 1370 1647 λέγειν,
1413 1573 1485 1642 ὡς
1516 1573 1544 1631 ὁ
1576 1573 1729 1648 λιμὸς

115 1665 214 1716 τοῦ
245 1656 480 1717 ἀκοῦσαι
511 1658 679 1732 λόγον
710 1666 910 1733 κυρίου
940 1659 1149 1726 πάντας
1189 1657 1392 1726 αὐτοὺς
1431 1662 1727 1733 μετῆλθεν,

116 1742 248 1801 ἀνθ’
288 1735 367 1800 οἷν
398 1743 669 1816 ἐξήλασαν
702 1747 917 1802 ἑαυτῶν
945 1743 1042 1802 τὸν
1071 1747 1171 1801 τοῦ
1201 1746 1342 1801 θεοῦ
1371 1742 1566 1817 λόγον,
1598 1740 1730 1817 ὁμο-

27 1821 93 1881 ’20
117 1828 377 1901 θυμαδὸν
407 1826 578 1885 αὐτὸν
608 1827 1009 1902 ἀρνησάμενοι,
1056 1830 1149 1886 καὶ
1179 1825 1596 1905 άπαρνηθέντες
1624 1826 1722 1898 ὑπ’

172 1910 185 1930 ,
268 1916 290 1926 -

119 1936 320 1982 αυτου;

618 2135 751 2195 Ἀπὸ
783 2139 883 2195 τοῦ
911 2143 1206 2213 Ζαχαρίου.
1754 2161 1777 2193 b

247 2260 342 2309 VII.
378 2248 528 2307 “Kal
560 2252 826 2325 παρέσται
856 2249 1048 2324 κύριος
1078 2246 1106 2307 ὁ
1137 2248 1270 2316 θεός
1299 2273 1436 2323 μου,
1470 2252 1562 2306 καὶ
1593 2248 1729 2306 πάν·

118 2356 206 2399 τες
237 2338 295 2390 oc
312 2330 458 2406 ἅγιοι
479 2331 599 2408 μετ’
633 2333 817 2392 αὐτοῦ.
865 2337 924 2391 ἐν
950 2337 1131 2408 ἐκείνη
1155 2338 1221 2407 τῇ
1251 2331 1429 2408 ἡμέρα
1451 2330 1555 2390 οὐκ
1578 2338 1730 2390 ἔσται

55 2439 95 2472 25
119 2420 264 2489 φῶς,
297 2419 389 2473 καὶ
420 2421 594 2491 ψῦχος
624 2420 715 2474 καὶ
747 2415 918 2489 πάγος
950 2424 1101 2475 ἔσται
1130 2423 1264 2490 μίαν
1293 2415 1518 2490 ἡμέραν.
1571 2418 1664 2473 καὶ
1696 2415 1728 2488 ἡ

120 2499 295 2575 ἡμέρα
327 2504 511 2574 ἐκείνη
541 2499 761 2574 γνωστὴ
794 2507 870 2578 τῷ
912 2507 1118 2578 κυρίῳ,
1159 2503 1252 2558 καὶ
1291 2498 1391 2574 οὐχ
1430 2497 1606 2575 ἡμέρα
1637 2502 1730 2557 καὶ

120 2583 187 2641 οὐ
219 2583 322 2653 νυξ
346 2583 405 2642 τὸ
437 2585 573 2660 πρὸς
608 2588 848 2659 ἑσπέραν
880 2591 1034 2643 ἔσται
1063 2586 1196 2659 φῶς.
1242 2587 1335 2642 καὶ
1367 2588 1426 2643 ἐν
1455 2588 1522 2660 τῇ
1552 2584 1730 2660 ἡμέρᾳ
1759 2619 1776 2641 c

123 2673 305 2742 ἐκείνῃ
332 2669 669 2738 ἐξελεύσεται
693 2668 848 2746 ὕδωρ
872 2673 977 2739 ζῶν
1003 2673 1055 2739 ἐξ
1071 2667 1446 2745 Ἰερουσαλὴμ,
1472 2668 1532 2727 τὸ
1557 2668 1728 2743 ἥμισυ

235 2865 288 2904 23
318 2863 608 2917 Zach.14‚6.
