1992 3186
244 141 347 194 378
928 140 1174 182 EUSEBH

244 256 344 333 τῆρ
380 259 441 315 δὲ
471 259 563 314 καὶ
593 253 782 328 κύριος
812 250 970 327 ἡμῶν
1001 251 1164 321 αὐτὸς
1194 247 1351 323 οὗτος
1380 254 1409 313 ὁ
1439 260 1539 314 τοῦ
1577 258 1722 314 θεοῦ
1759 255 1855 314 λό-

246 367 339 414 γος
363 338 392 361 “
405 346 463 398 ἐν
494 343 641 415 μέσῳ
671 338 772 396 δύο
805 345 957 407 ζωῶν
989 337 1311 412 ἐγνώσθη·”
1346 342 1736 413 πληθυντικῶς
1769 343 1852 399 ἐν·

136 449 220 492 [173]
244 431 429 483 ταῦθα
459 427 551 481 καὶ
581 424 1011 497 περισπωμένως
1050 427 1164 480 τῶν
1205 427 1357 492 ζωῶν
1396 421 1504 481 ἆπὸ
1535 428 1722 483 ἑνικοῦ
1753 429 1852 483 τοῦ

195 544 216 566 (3

244 513 338 581 τῆς
370 512 504 581 ζωῆς
535 504 802 581 ὀνόματος
836 510 1265 580 ἐξακουομένων.
1340 512 1390 565 4.
1437 505 1504 565 οὐ
1542 508 1648 582 γὰρ
1679 532 1854 583 παρο-

244 592 484 661 ξυτόνως
514 595 627 649 τῶν
659 590 812 662 ζώων
842 588 950 649 ἀπὸ
981 590 1280 666 οὐδετέρου
1309 598 1408 650 τοῦ
1449 591 1588 660 ζώου
1619 595 1891 666 λέγεται,5

243 675 382 734 ἀλλὰ
413 679 566 745 ζωων
595 678 1027 776 περισπωμένως
1057 674 1165 733 ἀπὸ
1207 679 1590 749 πληθυντικῆς
1631 674 1855 744 ευθείας

243 765 338 835 τῆς
370 766 431 818 αἱ
458 766 603 830 ζωαί.
668 760 769 818 δύο
801 761 923 834 οὐν,
956 762 1112 833 φησὶ,
1146 764 1299 829 ζωῶν
1328 763 1499 834 μέσον
1528 760 1852 835 γνωσθήσῃ.

244 870 369 919 μιας
399 845 504 919 γὰρ
536 842 704 917 ου’σης
734 848 830 918 τῆς
860 842 998 902 κατὰ
1027 843 1165 902 θεὸν
1196 849 1353 917 ζωῆς,
1377 847 1469 902 καὶ
1493 847 1731 917 θατέροις
1760 848 1856 918 τῆς

248 929 385 987 κατὰ
416 927 752 1002 ἄνθρωπον,
801 931 893 986 καὶ
922 934 1018 1000 τῆς
1049 930 1150 1001 μὲν
1180 933 1410 1002 θνητῆς,
1441 935 1538 1001 τῆς
1563 930 1624 986 δὲ
1647 928 1854 1000 ἀϊδίου,

243 1013 574 1086 ἀμφοτέρων
615 1012 838 1079 εἰκότως
878 1009 906 1070 ὁ
947 1012 1135 1085 κύριος
1178 1011 1270 1070 διὰ
1315 1020 1508 1087 πείρας
1559 1012 1743 1071 ἐλθών
1795 1017 1855 1071 ἐν
1878 1038 1919 1070 10

244 1101 393 1174 μέσῳ
426 1097 527 1155 δύο
560 1101 714 1166 ζωῶν
742 1100 1071 1201 γνωσθῆναι
1101 1099 1315 1170 λέγεται
1355 1096 1492 1154 κατὰ
1529 1097 1632 1170 τὴν
1671 1101 1782 1155 τῶν
1813 1097 1858 1155 ο’

249 1185 574 1255 ἑρμηνείαν
622 1181 760 1238 κατὰ
787 1180 895 1282 γὰρ
937 1179 1035 1239 τὸν
1057 1179 1297 1239 Ἀκύλαν
1335 1179 1437 1255 οὐχ
1479 1205 1682 1253 ουτως,
1725 1180 1848 1238 ἀλλ’

1278 1264 1393 1285 9122

236 1265 338 1323 “ἐν
366 1270 442 1341 τῷ
467 1270 710 1368 ἐγγίζειν
738 1290 804 1323 τα
836 1272 928 1338 ἔτη
963 1264 1181 1334 ζώωσον
1223 1290 1356 1323 αυτο
1431 1276 1658 1373 εἴρηται.
1722 1269 1770 1322 5.
1805 1272 1863 1322 τί

198 1370 220 1401 d
251 1351 310 1407 δε
348 1347 484 1407 αυτὸ
526 1347 560 1421 ἢ
602 1350 662 1407 τὸ
703 1349 973 1423 κατεργόν
1012 1370 1115 1406 σου
1145 1355 1310 1423 φησί;
1357 1352 1450 1406 καὶ
1480 1348 1509 1406 ὁ
1543 1354 1858 1407 Θεοδοτίων

249 1437 315 1491 δέ
339 1453 512 1507 φησιν
535 1431 635 1491 “ἐν
663 1435 812 1509 μέσῳ
846 1437 984 1490 ε’τῶν
1014 1433 1236 1502 ζώωσον
1265 1432 1490 1506 αὐτόν,”
1527 1436 1619 1490 καὶ
1642 1433 1670 1491 ὁ
1696 1432 1856 1506 Συμ-
1878 1459 1920 1491 15

245 1542 414 1592 μαχος
453 1517 628 1584 ἐντὸς
658 1543 770 1575 των
802 1522 1073 1575 ἐνιαυτων
1103 1517 1432 1587 ἀναζώωσον
1464 1515 1671 1575 αυτόν”
1706 1520 1855 1575 ἐκδέ-

247 1609 406 1660 δωκε.
484 1602 684 1668 πάντες
715 1594 820 1660 οὖν
851 1601 1111 1670 “ζω’ωσον
1142 1599 1352 1659 αὐτόν”
1387 1601 1636 1669 εἰπόντες
1667 1604 1857 1675 σαφῶς

245 1684 328 1744 ὅτι
357 1686 431 1760 μὴ
462 1689 590 1761 περὶ
621 1684 741 1744 οἷον
771 1685 990 1759 ἀλόγων
1019 1690 1189 1744 τινῶν
1213 1683 1245 1759 ἢ
1270 1691 1509 1759 λογικῶν
1532 1682 1738 1763 ζῴωνὸ
1763 1684 1857 1742 λό-

245 1796 339 1843 γος
369 1794 630 1845 τυγχανει
661 1774 1027 1844 παρέστησαν.
1089 1777 1136 1828 6.
1189 1769 1273 1827 διὸ
1305 1793 1454 1842 παρα
1484 1784 1597 1836 τοῖς
1627 1770 1672 1826 ο’
1703 1778 1854 1841 λεγο-

245 1858 417 1928 μένου
447 1862 546 1912 τοῦ
575 1854 606 1875 “
619 1858 679 1912 ἐν
707 1857 856 1930 μέσω
898 1854 999 1911 δύο
1041 1859 1192 1923 ζωων
1221 1851 1564 1927 γνωσθήσῃ”
1609 1852 1676 1910 οὐ
1717 1852 1854 1910 κατὰ
1878 1880 1920 1912 20

245 1940 373 2004 τούς
404 1938 510 2011 πρὸ
539 1938 698 2011 ἡμων
731 1937 1111 2010 ἐξειλήφαμεν,
1145 1934 1284 1993 αλλα
1317 1936 1417 1994 δύο
1442 1937 1578 2006 ζωὰς
1600 1941 1699 1994 τοῦ
1723 1960 1854 2010 προ-

246 2025 629 2095 φητευομένου
661 2025 974 2093 δηλοῦσθαι
1016 2027 1259 2093 ἔφαμεν,
1305 2027 1440 2093 μίαν
1479 2022 1581 2093 μὲν
1620 2021 1724 2093 τὴν
1765 2028 1855 2079 ἒν-

246 2117 411 2178 θεον,
464 2107 711 2174 θατέραν
753 2105 814 2161 δὲ
854 2104 956 2175 τὴν
997 2103 1380 2178 ἀνθρωπίνην.
1469 2111 1513 2162 7.
1569 2105 1782 2172 τούτοις
1825 2104 1853 2162 ὁ

246 2189 556 2262 προφήτης
583 2191 819 2260 ἐπιλέγει
865 2186 965 2245 “ε’ν
1006 2195 1080 2264 τῷ
1123 2193 1469 2263 ταραχθῆναι
1518 2188 1620 2260 τὴν
1669 2187 1856 2262 ψυχήν

246 2298 352 2347 μου
397 2278 457 2331 ἐν
497 2272 634 2347 ὀργῇ
681 2274 864 2338 ἐλέους
907 2270 1276 2346 μνησθήσῃ,”
1323 2272 1606 2330 διδάσκων
1646 2271 1729 2329 ὅτι
1758 2273 1855 2330 τὸν
1878 2299 1919 2331 25

245 2364 342 2415 τοῦ
376 2356 594 2422 πάθους
623 2362 721 2414 τοῦ
751 2360 1247 2428 προφητευομένου
1278 2355 1472 2428 καιρὸν
1501 2356 1751 2413 συνιδών
1781 2359 1858 2431 τῷ

152 2465 166 2491 2
191 2469 215 2499 υ.
249 2441 520 2515 πνεύματι
559 2439 921 2513 τεθορύβητο.
997 2440 1143 2511 πλὴν
1181 2437 1305 2496 ἀλλ’
1351 2444 1411 2497 ἐν
1460 2438 1610 2516 αὐτῷ
1659 2438 1855 2515 τούτῳ,

248 2529 414 2599 φησὶ,
456 2531 532 2602 τῷ
565 2531 739 2602 καιρῷ
773 2521 865 2597 ἐφ’
901 2516 945 2600 ὦ
974 2522 1077 2596 τὴν
1107 2523 1292 2596 ψυχὴν
1324 2522 1656 2597 ἐταράχθην,
1688 2521 1854 2596 ὀργῆς

246 2624 358 2677 τοῖς
398 2609 719 2683 ἀνθρώποις
764 2605 1121 2666 οὐδεπώποτε
1168 2605 1362 2665 ἄλλοτε
1414 2612 1855 2680 ἐπαιωρηθείσης

251 2695 340 2750 διὰ
380 2693 475 2759 τὰς
514 2699 883 2766 τολμηθείσας
924 2690 1061 2749 κατὰ
1103 2695 1202 2749 τοῦ
1250 2698 1448 2762 κυρίου
1501 2698 1853 2762 δυσσεβείας,
1877 2717 1918 2748 30

250 2781 435 2842 ἐλέους
467 2776 630 2842 αὐτὸς
660 2774 688 2833 ὁ
723 2775 1252 2849 φιλανθρωπότατος
1293 2775 1482 2848 κύριος
1524 2773 1648 2832 ἀντὶ
1686 2774 1854 2848 ὀργῆς

250 2859 520 2933 ἐμνήσθη,
554 2857 625 2926 ὠς
656 2856 726 2916 ἂν
750 2860 968 2931 ἀγαθοῦ
991 2858 1281 2932 τυγχάνων
1305 2861 1507 2932 πατρὸς
1531 2857 1666 2925 υἱός.
1714 2864 1762 2915 8.
1795 2857 1855 2914 τὸ
