1992 3186
567 120 874 165 DEMONST.
904 120 1127 164 EVANG.
1157 121 1259 163 vn.
1292 124 1331 163 3.
1628 121 1734 173 479

124 233 328 308 θρόνος
368 249 792 308 συμπαραμενεῖ
826 238 901 312 τῷ
932 231 1086 312 ἡλίῳ.
1159 237 1253 293 καὶ
1283 228 1442 303 οὗτός
1472 261 1562 309 γε,
1606 234 1731 294 ἀλλ’

124 316 311 384 οὐδεὶς
342 321 524 390 ἔτερος
555 316 904 393 ἀνθρώπων,
946 319 1052 392 πρὸ
1091 322 1186 393 τῆς
1228 319 1462 393 σελήνης
1502 323 1596 378 καὶ
1625 319 1731 396 πρὸ

124 408 218 474 τῆς
248 407 346 459 τοῦ
375 400 585 476 κόσμου
609 401 944 475 συστάσεως,
975 402 1072 461 ἅτε
1090 402 1250 476 λόγος
1273 400 1353 462 ὦν
1371 409 1531 476 θεοῦ,
1563 411 1731 479 2:905·-
1755 430 1845 471 (355)

122 489 358 560 πῆρχεν,
391 488 585 555 ἔσταξέ
607 511 667 544 τε
695 485 862 559 μόνος
892 479 1051 555 οὗτος
1079 485 1394 562 οὐρανόθεν
1419 487 1625 564 δρόσου
1651 495 1732 547 δί-

81 597 101 629 5
124 594 228 643 κην
269 571 358 627 ἐπὶ
411 573 596 628 πᾶσαν
634 569 736 643 τὴν
766 573 899 643 γῆν·
966 579 1179 645 εἴρηταί
1214 595 1274 629 τε
1314 571 1486 630 αὐτὸν
1529 575 1622 629 καὶ
1655 579 1733 641 εἰς

122 652 332 720 πάντας
386 653 725 729 ἀνθρώπους
776 653 1204 714 ἆνατεταλκέναι
1255 654 1392 714 κατὰ
1436 654 1504 714 τοὶ
1554 661 1732 734 μικρῷ

121 737 374 813 πρόσθεν
401 737 537 812 ἡμῖν
567 735 977 812 ἀποδεδομένα,
1008 742 1099 797 καὶ
1134 738 1459 812 δικαιοσύνη
1489 742 1731 816 παραμέ-

121 843 298 880 νουσα
326 824 484 898 μέχρι
514 826 608 896 τῆς
637 825 738 880 τοῦ
778 828 907 894 βίου
938 831 1286 896 συντελείας,
1318 821 1436 896 ἥτις
1466 821 1733 883 ἆνταναί-

121 924 271 979 ρεσις
301 904 614 981 ὠνόμασται
642 910 738 979 τῆς
769 904 1016 980 σελήνης.
1085 911 1170 965 25.
1206 911 1450 983 ἐναργῶς
1479 931 1539 965 τε
1567 905 1602 980 ἡ
1632 911 1734 966 τοῦ

59 1018 100 1050 10
125 993 370 1066 σωτῆρος
405 989 566 1064 ἡμῶν
606 988 843 1063 δύναμις
882 1004 1075 1065 κρατεῖ
1112 993 1203 1048 καὶ
1244 991 1494 1066 κυριεύει
1532 995 1644 1049 τῶν
1676 994 1730 1060 ἐξ

121 1073 260 1150 ἐώας
289 1073 577 1147 θαλασσης
618 1076 710 1130 καὶ
751 1076 840 1131 ἐπὶ
875 1072 1081 1132 δύοντα
1110 1074 1297 1149 η’λιον,
1341 1078 1591 1176 ἐνεργεῖν
1630 1099 1732 1148 μεν
1753 1099 1775 1131 b

120 1155 446 1264 αρξαμένη’
419 1156 526 1215 από
549 1180 819 1231 ποταμου,
843 1156 962 1230 ἤτοι
986 1182 1085 1216 του
1109 1183 1246 1217 κατα
1269 1157 1504 1233 λουτρὸν
1527 1177 1733 1233 μυστη-

122 1247 276 1316 ρίου,
317 1237 351 1315 ἢ
392 1244 485 1300 καὶ
524 1239 627 1316 αφ’
670 1264 843 1316 ουπερ
887 1266 1025 1300 κατα
1064 1243 1161 1301 τὸν
1186 1241 1472 1317 Ἰορδανην
1511 1246 1733 1319 πρῶτον

122 1328 320 1398 φανεὶς
359 1323 558 1402 ἤρξατο
596 1328 692 1398 τῆς
731 1331 808 1392 εἰς
850 1323 1188 1400 ἀνθρώπους
1238 1325 1574 1402 εὐεργεσίας.
1635 1329 1728 1386 26.

57 1437 98 1468 15
122 1420 534 1484 παρεκταθεῖσα
563 1412 701 1483 γοῦν
733 1412 786 1477 ἐξ
819 1412 1034 1468 ἐκείνου
1064 1408 1098 1483 ἡ
1131 1415 1191 1468 ἐν
1220 1410 1544 1484 ἀνθρώποις
1573 1418 1730 1484 βασι-

121 1499 242 1551 λεία
273 1491 446 1551 αύτοῦ
479 1497 678 1566 διῆλθε
708 1491 845 1550 καθ’
877 1490 1008 1569 ὅλης
1031 1498 1128 1567 τῆς
1160 1497 1501 1569 οἰκουμένης.
1555 1495 1730 1566 Λιβά-
1766 1510 1770 1512 ’

121 1602 223 1635 νου
257 1579 319 1635 δὲ
351 1580 746 1651 ἐπινοουμένης
775 1580 871 1649 τῆς
893 1576 1277 1652 Ἰερουσαλὴμ,
1320 1578 1394 1646 ὡς
1434 1577 1542 1635 ἀπὸ
1572 1585 1731 1636 πλεί-

121 1681 269 1720 στων
299 1659 448 1719 ὅσων
485 1667 836 1736 προφητειῶν
875 1660 1300 1734 ἀποδείκνυται,
1348 1659 1438 1720 διὰ
1467 1662 1527 1719 τὸ
1558 1661 1729 1720 πάλαι

123 1748 183 1803 ἐν
223 1744 364 1820 αὐτῇ
407 1744 653 1819 ἁγίασμα
705 1748 798 1802 καὶ
846 1743 906 1802 τὸ
947 1745 1380 1821 θυσιαστήριον,
1432 1744 1499 1802 vo}
1538 1769 1598 1803 τε
1640 1748 1730 1803 ἐπὶ

57 1855 99 1889 20
121 1828 296 1907 τούτῳ
330 1835 406 1897 εἰς
436 1827 601 1903 τιμὴν
630 1828 1022 1903 ἀναφερόμενα
1052 1828 1285 1902 λιβάνου
1313 1835 1475 1902 δίκην
1491 1833 1566 1906 τῷ
1590 1832 1729 1906 θεῷ,

119 1910 148 1970 ὁ
179 1918 277 1971 τοῦ
302 1917 546 1988 Χριστοῦ
579 1911 786 1988 καρπὸς
815 1911 848 1984 ἡ
883 1916 942 1982 ἐξ·
969 1917 1157 1972 ἐθνῶν
1182 1917 1444 1986 ἐκκλησία
1466 1912 1609 1988 ὑπὲρ
1632 1913 1730 1972 τὸν

121 2003 372 2070 Λίβανον
424 1995 780 2071 ἀρθήσεσθαι
828 2005 1164 2067 θεσπίζεται.
1253 2003 1337 2055 27.
1393 1999 1481 2055 ἐπὶ
1533 2001 1729 2071 σχολῆς
1754 2029 1770 2051 c

125 2078 177 2137 δ’
220 2078 290 2138 ἂν
328 2077 356 2138 ὁ
396 2080 712 2155 φιλομαθὴς
765 2084 945 2159 ἑαυτῷ
981 2082 1079 2139 τὸν
1127 2082 1359 2155 Ψαλμὸν
1407 2081 1543 2154 πρὸς
1583 2083 1731 2149 λέξιν

123 2171 447 2238 βασανίσας,
471 2164 621 2242 μόνω
643 2167 722 2243 τῷ
743 2161 988 2242 ἡμετέρῳ
1015 2173 1191 2243 κυρίῳ
1214 2163 1281 2223 τὰ
1308 2168 1368 2223 ἐν
1391 2162 1539 2243 αὐτῷ
1562 2182 1730 2239 προσ-

59 2274 100 2306 25
124 2247 278 2320 ήκειν
307 2248 697 2323 ὁμολογήσειεν
726 2245 826 2322 ἂν,
874 2247 1013 2307 ἀλλὰ
1043 2248 1172 2308 οὔτε
1199 2251 1278 2327 τῷ
1306 2252 1525 2325 παλαιῷ
1557 2257 1730 2307 Σολο-

122 2336 263 2404 μῶνι
314 2331 441 2391 οὔτε
492 2335 660 2412 ἑτέρῳ
711 2338 824 2392 τῶν
874 2331 992 2408 μετ’
1047 2331 1216 2392 αὐτὸν
1277 2336 1554 2405 βασιλέων
1608 2330 1730 2397 ἑνὸς

125 2422 327 2482 ἔθνους
357 2421 468 2474 τῶν
499 2417 791 2476 Ἰουδαίων
829 2416 1143 2492 ἀρξάντων,
1186 2419 1277 2474 καὶ
1308 2414 1375 2474 ού
1415 2417 1583 2473 πλέον
1612 2412 1732 2472 ὄλι-

126 2505 339 2571 γοστῶν
370 2503 535 2574 ἐτῶν,
567 2504 659 2559 καὶ
689 2500 814 2559 οὐδ’
859 2499 949 2575 ἐφ’
987 2504 1175 2576 ἐτέρας
1205 2496 1240 2572 ἢ
1270 2498 1440 2573 μόνης
1470 2502 1566 2571 τῆς
1593 2495 1730 2557 ’Iov-

128 2588 286 2649 δαίας
316 2586 429 2656 γῆς.
