1992 3186
523 147 830 191 DEMONST.
861 147 1082 191 EVANG.
1116 149 1195 189 VI.
1230 149 1268 191 1.
1303 150 1343 188 2.
1634 144 1740 197 353

130 264 344 339 δηλαδὴ
373 279 486 332 τοῖς
515 266 687 321 ταῦτα
709 261 1183 337 προφητεύουσιν·
1230 257 1262 318 ὃ
1290 263 1383 319 καὶ
1407 268 1559 320 ἔστιν
1583 265 1740 336 ἐναρ“

129 354 239 424 γῶς
272 348 416 407 ἰδεῖν
445 351 911 422 πεπληρωμένον,
953 344 1043 404 ὅτε
1074 345 1255 404 πάντα
1293 345 1359 403 τὰ
1392 352 1469 413 εἰς
1500 347 1743 419 Χριστὸν
1767 367 1789 399 d

129 431 529 492 πεπιστευκότα
561 439 702 506 ἔθνη
732 447 846 499 τοῖς
876 431 1057 505 λόγοις
1083 433 1194 488 τῶν
1217 433 1518 506 προφητῶν
1541 430 1744 488 ὑποτέ-

130 542 334 576 τακται.
407 519 618 590 λέγοιτο
665 515 716 573 δ’
753 514 823 574 ἂν
861 519 1034 574 ταῦτα
1075 518 1166 573 καὶ
1199 519 1258 574 ἐκ
1298 513 1600 589 προσώπου
1630 518 1744 572 τῶν

88 631 108 662 5
132 601 457 660 ἀποστόλων
490 606 587 660 τοῦ
619 607 863 675 σωτῆρος
893 599 1079 674 ἡμῶν,
1120 606 1176 657 οἱ
1212 601 1300 656 καὶ
1343 609 1553 657 εἰποιεν
1584 597 1654 657 ἂν
1683 599 1743 656 τὸ

125 684 441 755 “ε’ξελέξατο
472 699 606 759 ημιν
636 685 737 759 τὴν
761 691 1134 760 κληρονομίαν
1160 686 1377 742 εαυτοῦ
1379 682 1408 703 ”
1465 688 1514 742 4.
1548 692 1744 758 κληρο-

128 778 329 845 νομίαν
371 771 431 827 δε
472 769 645 828 αὐτοῦ
682 776 807 827 τίνα
858 767 961 844 χρὴ
1001 782 1156 827 νοεῖν
1185 764 1219 841 ἢ
1249 767 1352 841 τὴν
1391 771 1588 841 κλῆσιν
1633 772 1746 826 τῶν

133 859 319 914 ε’θνῶν
349 854 640 926 ἁπάντων,
673 850 743 926 ἣν
776 850 938 920 αὐτὸς
968 851 996 910 ὁ
1021 852 1258 926 Χριστὸς
1288 856 1385 910 τοῦ
1415 857 1556 910 θεοῦ
1587 875 1747 927 παρι-

132 937 261 1006 στάς
287 946 459 1013 ἔφησε
482 935 707 1012 “κύριος
734 938 854 994 εἷπε
873 936 1011 1010 πρός
1041 960 1127 1010 με,
1158 935 1279 1003 υἱός
1302 961 1410 1010 μου
1437 936 1488 994 εἴ
1516 936 1607 1010 σὺ,
1641 936 1747 1010 ε’γώ

69 1055 109 1085 10
133 1023 376 1098 σήμερον
398 1021 703 1096 γεγέννηκά
728 1038 814 1079 σε
862 1030 1082 1094 αἰτησαι
1111 1018 1244 1095 παρ’
1282 1024 1433 1094 ἐμοῦ,
1465 1023 1557 1078 καὶ
1584 1020 1746 1078 δώσω

133 1126 220 1166 σοι
261 1115 401 1180 ἔθνη
439 1106 541 1180 τὴν
580 1111 953 1180 κληρονομίαν
992 1127 1095 1163 σου
1144 1107 1236 1162 καὶ
1277 1103 1378 1177 τὴν
1417 1103 1750 1178 κατάσχεσίν

134 1211 235 1249 σου
265 1192 331 1249 τὰ
361 1193 570 1265 πέρατα
599 1194 696 1263 τῆς
726 1194 841 1263 γῆς.
853 1187 884 1210 ”
936 1195 984 1248 5.
1012 1189 1219 1262 ταύτην
1249 1191 1352 1246 οὐν
1380 1189 1482 1261 τὴν
1510 1185 1619 1247 ’ὑπὸ
1651 1193 1751 1247 τοῦ

134 1275 336 1350 πατρὸς
381 1278 688 1349 δεδομένην
727 1274 882 1332 αύτω
931 1280 1304 1349 κληρονομίαν
1354 1270 1592 1342 ὑπέταξε
1636 1288 1751 1341 τοις

134 1357 456 1425 ἀποστόλοις
489 1357 663 1417 αὐτοῦ
692 1361 783 1416 καὶ
814 1358 1152 1433 προφήταις,
1197 1363 1272 1435 τῷ
1304 1356 1431 1425 τοῦς
1464 1364 1541 1425 είς
1572 1356 1745 1415 αὐτὸν
1771 1380 1862 1421 (260)

72 1474 112 1505 15
136 1443 566 1509 πεπιστευκότας
596 1458 709 1509 τοῖς
740 1442 953 1500 τούτων
990 1439 1367 1516 ὑποτετάχθαι
1405 1442 1588 1515 λόγοις
1618 1441 1752 1500 ἀκο-

137 1527 357 1594 λούθως
389 1541 501 1595 τοῖς
533 1529 912 1602 προκειμένοις
942 1534 1299 1599 θεσπίσμασι.
1359 1529 1450 1583 καὶ
1481 1530 1654 1583 ταῦτα
1689 1528 1750 1583 δε

137 1611 318 1670 πάντα
369 1611 730 1686 κατορθώσας
783 1613 873 1668 ε’πὶ
917 1616 1012 1683 τῆς
1067 1617 1144 1676 εἰς
1197 1607 1536 1683 ἀνθρώπους
1578 1607 1752 1667 αὐτοῦ

137 1702 444 1770 παρουσίας
474 1695 502 1753 ὁ
535 1694 666 1763 θεὸς
698 1693 889 1768 λόγος,
931 1697 1057 1769 περὶ
1088 1695 1154 1751 οὗ
1187 1702 1415 1751 πλεῖστα
1445 1693 1582 1767 ἡμιν
1615 1699 1753 1752 διεί-

137 1779 394 1853 ληπται,“
397 1779 645 1852 “ἀνέβη’
619 1805 677 1838 εν
703 1777 1020 1855 ἀλαλαγμῷ.
1021 1775 1054 1798 ”
1096 1784 1143 1836 6.
1159 1781 1318 1836 τοῦτο
1346 1779 1456 1835 δε
1431 1777 1754 1853 ερμηνεύων

75 1894 115 1926 2ο
138 1861 166 1922 ὃ
199 1863 501 1931 ἀπόστολός
540 1883 678 1962 φησι
711 1860 806 1920 “τὸ
853 1864 914 1921 δε
953 1863 1127 1936 ἀνέβη
1167 1869 1225 1919 τί
1261 1865 1436 1935 ἐστὶν,
1480 1869 1531 1920 εἰ
1566 1861 1644 1936 μὴ
1671 1861 1753 1920 ὅτι

139 1951 231 2008 καὶ
262 1950 464 2022 κατέβη
496 1971 717 2023 πρωτον
749 1954 825 2015 εἰς
852 1973 918 2006 τα
942 1946 1228 2005 κατώτατα
1251 1950 1347 2020 τῆς
1369 1950 1498 2020 γῆς;
1529 1946 1557 2004 ὁ
1591 1971 1751 2005 κατα-

140 2033 241 2105 βὰς
282 2032 445 2100 αὐτός
487 2036 600 2090 ἐστι
654 2034 748 2090 καὶ
787 2031 815 2090 ὃ
859 2029 1072 2104 ἀναβὰς
1120 2030 1383 2105 ὑπεράνω
1431 2056 1544 2089 των
1585 2030 1752 2105 οὐρα-

140 2121 270 2175 νῶν.
282 2113 311 2135 ”
385 2120 444 2175 ἐν
483 2114 781 2194 ἀλαλαγμω
823 2117 886 2174 δε
926 2113 1099 2175 αὐτόν
1129 2135 1303 2190 φησιν
1345 2113 1756 2190 ἀνεληλυθέναι

143 2200 234 2258 διὰ
263 2201 367 2274 τὴν
394 2207 476 2303 εἰς
507 2199 677 2259 αὐτὸν
699 2207 999 2274 θεολογίαν
1022 2226 1135 2259 των
1159 2200 1628 2305 δορυφορούντων
1659 2200 1756 2258 αῦ-
1780 2228 1802 2259 b

81 2313 120 2346 25
143 2285 240 2344 τὸν
284 2284 512 2344 ἀνιόντα
552 2285 830 2359 ἀγγέλων,
882 2294 937 2343 οι“
974 2288 1066 2343 καὶ
1111 2284 1346 2359 ε’λεγον
1353 2282 1540 2361 ἄρατε
1579 2284 1756 2351 πύλας

142 2373 199 2427 οἱ
225 2367 485 2444 ἄρχοντες
514 2369 707 2443 ὑμων,
750 2373 842 2427 καὶ
874 2369 1152 2444 ε’πάρθητε
1183 2369 1354 2427 πύλαι
1386 2369 1632 2442 αιώνιοι,
1664 2372 1756 2426 καὶ

146 2453 516 2512 εἰσελεύσεται
546 2451 573 2512 ὃ
607 2453 869 2527 βασιλεῦς
900 2459 994 2527 τῆς
1027 2453 1243 2527 δόξης.”
1298 2452 1496 2527 φωνὴν
1529 2454 1590 2511 δὲ
1620 2452 1758 2510 σαλ-

147 2557 338 2608 πιγγος
368 2535 470 2596 οὐκ
499 2535 570 2597 ἀν
601 2545 866 2612 σφαλείης
907 2539 966 2596 τὸ
1007 2538 1262 2613 κήρυγμα
1294 2539 1465 2595 εἰπὼν
1494 2536 1555 2594 τὸ
1589 2536 1758 2610 εὐαγ-

146 2618 366 2691 γελικὸν
398 2627 475 2688 εἰς
506 2625 689 2681 πᾶσαν
721 2626 988 2697 ἐξηχῆσαν
1018 2623 1122 2695 τὴν
1152 2624 1501 2695 οἰκουμένην.
1548 2627 1593 2679 7.
1619 2645 1755 2679 παν-

85 2733 125 2765 30
149 2703 239 2770 τὸς
280 2702 384 2778 γάρ
423 2704 667 2778 ὀργάνου
708 2711 977 2781 μουσικοῦ
1014 2708 1540 2781 μεγαλοφωνοτέρας
1586 2705 1757 2779 οῦσης

263 2899 287 2938 9
318 2897 392 2937 Ps.
417 2899 457 2948 2,
482 2899 520 2938 7.
693 2901 746 2941 2ο
777 2901 893 2954 Eph.
916 2903 957 2951 4,
981 2903 1020 2941 9.
1196 2901 1250 2940 25
1281 2901 1356 2944 Ps.
1380 2903 1447 2952 23,
1472 2903 1512 2944 7.

233 2980 463 3009 EUSEBIUS
497 2980 574 3011 111.
1416 2968 1484 3020 23
