1946 3158
578 116 887 159 DEMONST.
918 117 1139 160 EVANG.
1169 119 1232 159 11.
1265 120 1306 159 3.
1655 117 1761 169 105

149 258 265 310 ρων
298 232 368 291 δι’
410 230 478 305 ἣν
508 239 693 290 αἰτίαν
733 229 934 300 αὐτοὺς
966 229 1280 306 ὠνόμασεν,
1327 232 1355 290 ὁ
1387 231 1552 300 αὐτὸς
1583 236 1756 308 παρέ-

149 338 314 392 στησε
345 321 678 392 παραχρῆμα
703 315 876 375 εἰπών
895 315 998 373 “aas
1015 316 1120 392 γὰρ
1145 329 1322 392 χεῖρες
1344 315 1505 391 ὑμῶν
1529 317 1755 392 πλήρεις

147 399 435 477 αἵματος.”
497 407 579 459 60.
616 403 707 459 καὶ
739 394 905 469 αὖθις
937 402 999 459 δὲ
1028 397 1243 474 ὑποβὰς
1285 403 1430 475 λε’γει
1454 398 1593 475 ’“τὴν
1623 400 1756 461 ἄνο-

146 494 280 562 μίαν
303 485 490 545 αὐτῶν
514 484 588 554 ὥς
613 485 886 560 Σοδόμων
910 484 1245 559 ἆνήγγειλαν
1277 489 1368 544 καὶ
1398 486 1751 561 ἐνεφάνισαν.
1781 510 1807 542 «ι

104 596 125 628 5
148 570 276 631 οὐαὶ
327 574 394 647 τῇ
433 575 584 645 ψυχῇ
636 569 851 644 αὐτῶν,
906 569 1044 628 διότι
1098 570 1501 644 ἐβουλεύσαντο
1543 570 1756 645 βουλὴν

147 680 400 739 πονηραν
430 653 564 714 καθ’
602 658 843 729 ἑαυτῶν,
877 654 1126 723 εἰπόντες
1157 654 1240 713 ότι
1273 655 1515 731 δήσομεν
1544 655 1641 714 τὸν
1674 662 1755 714 δί-

149 766 340 815 καιον,
375 738 458 799 ότι
492 739 831 850 δύσχρηστος
861 735 996 813 ἡμῖν
1039 742 1210 798 ἐστιν
1222 737 1249 758 ”
1323 746 1404 798 61.
1441 745 1755 815 σαφέστατα

149 825 375 900 αι’ματός
415 850 562 892 τινος
602 827 694 882 καὶ
738 822 859 891 ἑνὸς
893 829 1113 882 δικαίου
1152 827 1496 899 μεμνημένος
1530 829 1758 899 ἐπιβου-

148 914 274 984 λῆς,
320 916 469 977 τίνος
511 911 571 967 δὲ
611 907 719 983 ἄρα
749 906 784 981 ἢ
826 913 923 967 τοῦ
955 912 1199 984 σωτῆρος
1230 908 1387 983 ἡμῶν
1414 907 1593 984 Ἰησοῦ
1625 920 1758 982 Χρι·

83 1018 125 1050 10
149 998 314 1068 στοῦ,
359 993 433 1052 δι’
481 990 548 1052 ὂν
587 996 680 1051 καὶ
718 990 851 1067 μεθ’
893 991 959 1052 ὃν
989 991 1207 1052 ἅπαντα
1246 998 1524 1068 μετῆλθον
1555 991 1763 1063 αὐτοὺς

147 1079 213 1137 τὰ
245 1081 714 1155 προηγορευμένα.

571 1219 669 1290 λζ’.
742 1224 856 1278 Τοῦ
885 1218 1058 1278 αὐτοῦ
1082 1216 1327 1278 Ἡσαΐου.

277 1336 359 1390 62.
393 1331 520 1406 “Tfi
563 1333 624 1390 δὲ
665 1330 842 1409 ἡμέρᾳ
885 1335 1068 1408 ἐκείνῃ
1114 1331 1408 1406 ἐπιλαμψει
1448 1330 1477 1389 ὁ
1519 1329 1650 1398 θεὸς
1698 1334 1763 1388 ἐν

151 1420 328 1490 βουλῇ
358 1415 492 1490 μετὰ
535 1415 695 1488 δόξης
728 1419 816 1474 ἐπὶ
845 1420 940 1491 τῆς
970 1419 1100 1491 γῆς,
1142 1420 1243 1475 τοῦ
1283 1413 1506 1486 ὑψῶσαι
1538 1419 1629 1473 καὶ
1661 1419 1762 1474 τοῦ

87 1521 129 1554 15
154 1498 380 1569 δοξάσαι
421 1500 480 1558 τὸ
532 1501 906 1574 καταλειφθὲν
953 1503 1053 1559 τοῦ
1089 1498 1330 1576 Ἰσραὴλ,
1373 1503 1465 1558 καὶ
1507 1507 1658 1559 ἔσται
1698 1500 1758 1558 τὸ

150 1586 526 1658 καταλειφθὲν
567 1588 666 1644 τοῦ
691 1582 906 1659 Ἰσραὴλ
949 1588 1009 1643 ἐν
1042 1583 1229 1658 Σιών,
1273 1587 1363 1642 καὶ
1403 1584 1463 1642 τὸ
1504 1592 1759 1642 καταλει-

149 1670 299 1744 φθὲν
334 1671 393 1727 ἐν
423 1665 804 1743 Ἰερουσαλήμ·
858 1668 1002 1742 ἅγιοι
1048 1668 1426 1742 κληθήσονται
1460 1667 1664 1736 πάντες
1706 1673 1763 1726 οὗ

154 1755 456 1828 γραφέντες
484 1759 560 1820 εἰς
591 1751 736 1826 ζωὴν
769 1760 846 1821 εἰς
871 1750 1283 1861 quovo‘ahfyf
1782 1776 1855 1818 (66)

277 1842 358 1898 63.
403 1840 515 1897 Καὶ
565 1844 624 1896 τί
659 1835 720 1896 δ’
765 1863 836 1896 αν
888 1842 1102 1912 γένοιτο
1144 1836 1205 1895 τὸ
1246 1839 1621 1911 καταλειφθεν
1660 1862 1758 1895 του

85 1945 127 1978 20
144 1919 359 1996 Ἰσραὴλ
389 1921 554 1991 αὐτὸς
583 1919 610 1980 6
642 1922 928 1998 προφήτης
953 1921 1292 1996 διεσαφησεν
1324 1922 1496 1980 εἰπών
1555 1945 1760 1988 παντες

150 2011 207 2065 οἷ
233 2008 537 2082 γραφέντες
563 2013 640 2075 εἰς
646 2006 1020 2116 Ιερουσαλημ
1051 2008 1144 2065 καὶ
1167 2032 1219 2066 οι
1209 2009 1537 2081 ’κληθέντες
1562 2003 1737 2117 α”γιοιῖ

68 2156 75 2159 ,
149 2097 231 2160 τίς
262 2117 366 2150 ουν
396 2117 536 2166 αυτη
566 2089 600 2166 ἡ
631 2090 826 2168 ἡμέρα,
859 2096 921 2151 ἐν
940 2094 974 2168 ᾑ
1007 2088 1310 2162 δοξάσειν
1285 2117 1313 2150 ο
1339 2089 1471 2158 θεὸς
1495 2094 1588 2149 καὶ
1607 2090 1761 2159 υψώ-

151 2195 271 2235 σειν
299 2177 359 2235 τὸ
391 2178 766 2251 καταλειφθεν
808 2180 908 2235 τοῦ
938 2176 1155 2252 Ἰσραὴλ
1193 2179 1285 2235 καὶ
1326 2202 1453 2244 τους
1484 2184 1760 2249 κληθησο-

149 2264 348 2336 μένους
379 2260 572 2335 ἁγίους
613 2264 704 2320 καὶ
735 2264 1192 2337 γραφησομένους
1235 2267 1313 2329 εἰς
1352 2260 1495 2334 ζωὴν
1526 2263 1759 2332 λέγεται,

87 2367 129 2400 25
152 2344 528 2422 ἀναδραμόντι
573 2366 662 2405 σοι
700 2345 801 2421 τὴν
839 2344 976 2420 ὅλην
1016 2350 1110 2421 τῆς
1161 2349 1461 2421 περικοπῆς
1502 2344 1761 2418 διήγησιν

152 2434 322 2504 δῆλον
354 2437 519 2489 ἔσται.
582 2436 665 2489 64.
700 2435 760 2490 ἐν
790 2428 930 2506 ἀρχῇ
961 2434 1256 2507 τοιγαροῦν
1286 2434 1380 2505 τῆς
1410 2427 1540 2502 ὅλης
1559 2435 1759 2501 βίβλου
1787 2453 1811 2485 t>

151 2514 252 2587 τὴν
293 2515 429 2574 κατὰ
467 2519 562 2589 τῆς
596 2515 869 2584 Ἰουδαίας
915 2518 1006 2574 καὶ
1049 2515 1186 2574 κατὰ
1220 2511 1574 2590 Ἰερουσαλὴμ
1620 2511 1760 2570 ἰδών

152 2596 347 2674 ὅρασιν
375 2597 403 2658 ὃ
435 2600 749 2676 προφήτης,
789 2604 880 2659 καὶ
923 2599 1015 2659 διὰ
1054 2606 1330 2658 πλείστων
1368 2596 1759 2672 ἆπαριθμησά-

153 2707 315 2758 μενος
353 2688 453 2743 τοῦ
501 2684 704 2753 παντὸς
728 2684 1018 2745 Ἰουδαίων
1058 2692 1261 2752 ἔθνους
1307 2681 1373 2742 τὰ
1417 2680 1762 2757 α’σεβήματα,

267 2881 290 2918 2
322 2878 396 2919 Es.
422 2880 459 2931 1,
486 2880 549 2921 15.
721 2884 746 2922 3
778 2882 855 2921 Es.
881 2883 921 2933 3,
946 2882 985 2922 9.
1162 2880 1213 2920 13
1244 2878 1322 2920 Es.
1343 2880 1385 2931 4,
1409 2879 1448 2919 2.
