1946 3158
574 120 879 162 DEMONST.
909 120 1131 164 EVANG.
1162 122 1198 161 Ι.
1231 122 1270 164 6.
1659 119 1726 172 37

119 234 233 311 ριός
264 253 437 309 φησιν
461 231 551 292 “ec
596 235 655 292 δὲ
694 233 842 308 ἥμην
879 237 1291 311 πεπορευμένος
1332 236 1466 309 μετὰ
1509 245 1730 309 γελοια-

119 323 295 392 στῶν,
339 326 389 377 εἰ
429 321 490 376 δὲ
529 322 620 377 καὶ
654 319 1002 378 ἐσπούδασεν
1042 316 1071 377 ὁ
1111 319 1251 388 πούς
1290 344 1399 394 μου
1432 328 1508 388 εἰς
1541 320 1726 395 δόλον,

120 412 348 479 ἔσταμαι
389 406 450 462 δὲ
497 408 557 462 ἐν
602 408 745 482 ζυγῷ
793 410 1018 482 δικαίῳ,
1061 404 1216 463 οἶδεν
1259 406 1320 463 δὲ
1351 402 1379 463 ὁ
1411 404 1599 481 κύριος
1629 406 1730 479 τὴν

119 487 358 547 ἀκακίαν
386 486 550 563 μου.”

77 598 97 630 5
249 578 328 632 17.
368 570 588 646 Ἐπειδὴ
641 574 701 631 δὲ
739 572 767 630 ὁ
807 572 957 647 παρα
998 583 1202 631 Μωσεϊ
1237 573 1396 647 λόγος
1435 585 1734 649 νομοθετεῖ

0 706 1 715 ,
26 666 35 673 ’
119 661 298 732 λε’γων
320 655 423 716 “οὖ
454 657 821 732 μοιχεύσεις,”
856 657 1106 739 θάνατόν
1129 683 1187 717 τε
1210 660 1349 716 κατὰ
1378 664 1586 733 μοιχῶν
1617 663 1731 717 ε’πι-

118 750 439 851 ψηφίζεται,
494 742 523 800 ὁ
579 743 639 800 δὲ
689 746 784 816 τῆς
835 741 1192 816 εὐαγγελικῆς
1238 749 1596 811 διδασκαλίας
1635 742 1732 802 τὸν

0 853 2 875 r
118 827 291 902 νόμον
314 832 604 886 ἐπιτείνων
630 826 854 901 φησὶν“
867 830 1071 902 ἐρρέθη
1088 842 1203 894 τοῖς
1226 825 1492 902 αρχαίοις,
1522 828 1588 887 οὐ
1610 853 1734 903 μοιἡ

119 911 362 987 χεύσεις·
411 913 516 985 ἐγω
550 913 612 969 δε
643 915 783 985 λέγω
814 911 980 985 ὑμῖν,
1020 913 1162 986 μηδε
1193 912 1293 985 τὴν
1324 910 1500 987 αρχὴν
1533 916 1778 972 ἐπιθυ-ε

57 1022 96 1054 10
119 1013 260 1100 μεῖν.
324 1002 405 1054 18.
439 999 723 1065 σκέψασθε
754 1000 933 1064 καλῶς
963 997 1060 1054 τὸν
1091 999 1215 1072 περὶ
1248 998 1313 1055 οὗ
1355 1002 1462 1055 νῦν
1492 993 1520 1055 ὁ
1552 998 1732 1071 λόγος,

118 1081 178 1150 ὃς
210 1107 347 1139 κατα
377 1081 436 1139 τὸ
461 1086 705 1157 Χριστοῦ
729 1081 885 1155 βιοὺς
912 1080 1235 1156 εὐαγγέλιον
1266 1085 1358 1139 καὶ
1388 1082 1447 1140 τὸ
1471 1079 1587 1156 μετο
1621 1086 1732 1140 ἐπι-

119 1174 329 1241 θυμίας
360 1164 792 1241 ακολαστότερον
819 1169 1112 1240 εμβλέπειν
1135 1165 1606 1240 παρεφυλαττετο,
1640 1166 1727 1240 ἐφ’

123 1244 166 1329 ᾦ
196 1254 288 1310 καὶ
322 1250 651 1326 ἐσεμνύνετο
677 1251 888 1334 λέγων
894 1247 968 1309 ‘a'
997 1253 1059 1309 δὲ
1082 1254 1175 1309 καὶ
1197 1255 1275 1329 τῷ
1297 1250 1575 1360 ὀφθαλμῷ
1606 1255 1734 1325 ε’πη·

122 1336 469 1409 κολούθησεν
513 1333 546 1410 ἡ
578 1328 780 1411 καρδία
820 1361 927 1410 μου
969 1339 1190 1410 γυναικὶ
1235 1335 1440 1412 ἀνδρὸς
1483 1336 1711 1413 ἑτέρου]

59 1444 100 1476 15
255 1426 333 1478 19.
367 1423 477 1479 Καὶ
521 1419 619 1478 τὸν
659 1421 924 1495 λογισμὸν
962 1420 1311 1480 ἀποδίδωσιν
1350 1425 1471 1495 εξῆς
1514 1421 1734 1495 ε’παγων

116 1502 334 1580 “θυμὸς
375 1504 478 1580 γὰρ
521 1503 724 1580 ἀνδρὸς
776 1504 1140 1580 ἀκατάσχετος
1188 1504 1248 1564 τό
1296 1510 1488 1580 μιᾶναι
1527 1505 1730 1583 ἀνδρὸς
1757 1528 1824 1572 [12]

123 1605 376 1664 γυναῖκα.
448 1593 561 1665 πῦρ
603 1590 708 1663 γάρ
756 1593 869 1647 ἐστι
909 1589 1202 1664 καιόμενον
1248 1593 1336 1647 ε’πὶ
1368 1590 1595 1648 πάντων
1624 1594 1735 1648 τῶν

123 1678 335 1749 μεροῖν,
368 1665 436 1732 οὗ
469 1673 519 1731 δ’
557 1672 628 1732 ἂν
661 1677 909 1750 εἰσέλθῃ,
945 1678 1003 1732 ἐκ
1035 1679 1199 1751 ῥιζῶν
1228 1673 1574 1734 ἀπώλεσεν.”

250 1764 334 1817 20.
364 1756 526 1817 Ἀλλὰ
557 1762 648 1816 καὶ
678 1757 739 1816 τὸ
761 1762 863 1816 τοῦ
883 1758 1091 1834 τρόπου
1114 1759 1539 1836 ἀδωροδόκητον
1570 1765 1738 1833 παρί-

61 1866 102 1914 20
126 1862 322 1917 στησιν
355 1836 520 1901 ὠδε“
529 1851 580 1901 εἰ
602 1845 663 1902 δε
687 1847 775 1900 καὶ
802 1858 920 1912 ταῖς
951 1851 1113 1919 χερσί
1136 1869 1244 1918 μου
1266 1843 1493 1918 ἡψαμην
1518 1843 1734 1919 δώρων,

125 1935 410 2003 σπείραιμι
441 1954 548 2003 αρα
579 1932 671 1987 καὶ
703 1926 858 1987 αλλοι
883 1948 1184 2004 φαγοισαν,
1219 1927 1436 2005 αρριζος
1470 1930 1531 1986 δε
1558 1936 1735 2004 γενοί-

124 2038 235 2088 μην
268 2015 355 2071 ἐπὶ
387 2020 503 2086 γῆς

251 2103 335 2155 21.
354 2097 536 2165 Ὀπως
580 2098 640 2200 δῖε
680 2101 773 2156 καὶ
811 2112 925 2166 τοις
966 2105 1188 2167 οἰκείοις
1229 2099 1600 2174 προσεφέρετο
1630 2123 1738 2172 μα-

124 2193 255 2241 θεῖν
280 2188 429 2241 ἔστιν
451 2175 624 2256 ἀφ’
580 2207 660 2240 ων
685 2181 936 2242 διδάσκει
960 2182 1194 2258 φάσκων
1214 2183 1308 2243 “εί
1336 2182 1404 2257 δὴ
1436 2186 1529 2240 καὶ
1561 2181 1735 2257 ἐφαύ-
1760 2204 1783 2236 ιι

62 2289 104 2322 25
128 2275 255 2326 λισα
285 2274 453 2341 κρίμα
482 2266 826 2340 θεράποντάς
856 2293 964 2343 μου
995 2266 1028 2342 ἢ
1058 2276 1434 2343 θεραπαίνης,
1481 2270 1739 2343 κρινομέ-

127 2377 244 2410 νων
275 2351 461 2410 αὐτῶν
491 2351 626 2426 πρὸς
659 2351 808 2426 ἐμέ.”

67 2430 70 2432 ’
253 2439 482 2495 22.’Καὶ
527 2436 695 2495 πάλιν
733 2435 829 2495 τὸν
859 2437 1122 2512 λογισμὸν
1165 2435 1478 2496 ἀποδίδωσι
1510 2433 1606 2493 “τί
1630 2435 1735 2508 γὰρ

127 2520 339 2594 ποιήσω
372 2521 469 2579 ἐὰν
499 2527 688 2580 ἔτασίν
716 2546 824 2596 μου
855 2529 1076 2596 ποιῆται
1105 2519 1134 2580 ὃ
1165 2521 1329 2593 θεός;
1370 2521 1605 2594 πότερον
1635 2519 1736 2594 οὐχ

128 2604 200 2672 ὥς
227 2604 331 2678 ε’γω
365 2605 632 2680 ἐγενόμην
664 2610 724 2664 ἐν
755 2610 936 2682 σαρκὶ,
968 2606 1142 2675 οὕτως
1172 2606 1419 2665 κάκεῖνοι
1447 2603 1733 2680 γεγόνασι;

65 2710 106 2744 30
129 2691 437 2763 γεγόναμεν
470 2692 530 2748 δὲ
562 2695 623 2749 ἐν
651 2695 720 2765 τῇ
750 2689 891 2766 αὐτῇ
923 2698 1119 2768 κοιλία.

245 2830 268 2867 1
289 2828 391 2868 Job.
415 2830 484 2879 31,
509 2830 547 2869 5.
664 2830 689 2869 8
711 2830 876 2871 Matth.
899 2833 938 2877 5,
961 2832 1029 2872 27.
1148 2831 1199 2870 13
1219 2829 1323 2874 Job.
1347 2830 1414 2876 31,
1436 2831 1477 2871 9.
1558 2830 1609 2868 16
1629 2828 1735 2871 Job.

130 2886 201 2937 31,
224 2886 291 2926 11.
408 2886 462 2925 20
490 2885 595 2928 Job.
619 2887 686 2936 31,
715 2888 754 2928 7.
870 2888 924 2925 24
954 2886 1060 2926 Job.
1083 2888 1151 2937 31,
1179 2888 1242 2929 13.
1366 2888 1418 2927 27
1450 2885 1554 2928 Job.
1576 2887 1644 2932 31,
1671 2886 1736 2927 14.
