1992 3186
249 143 353 195 302
925 145 1175 186 EUSEBH

251 263 304 328 ἐξ
335 257 582 334 ἀπείρων
614 261 674 317 δὲ
705 258 926 316 αἰώνων
957 258 1141 316 ἀίδιον
1180 263 1274 332 τῆς
1313 279 1419 317 συν
1461 262 1626 330 πατρὶ
1661 265 1847 333 διαμο-

247 349 348 417 νῆς
383 348 666 418 ἐμφαίνει,
707 340 789 409 οἷς
821 342 1093 415 ἐπιλέγει
1097 341 1274 416 ἥμην
1315 341 1449 446 παρ’
1492 343 1642 420 αὐτῷ
1684 341 1855 418 ἁρμό-

249 436 433 500 ζουσα,
469 428 574 500 ἐγω
605 426 751 501 ἥμην
769 418 1168 501 ῃπροσέχαιρε,
1201 426 1330 485 καθ’
1361 424 1571 501 ἡμέραν
1604 429 1663 486 δὲ
1687 448 1853 501 προσ·

248 511 378 589 ω’πω
411 512 584 569 αὐτοῦ
612 514 993 586 προσέχαιρον.
999 509 1025 530 ”
1104 516 1186 569 28.
1237 514 1323 568 καὶ
1358 508 1641 584 αβυσσους
1673 514 1733 570 δὲ
1765 516 1856 570 καὶ

248 595 425 669 πηγὰς
469 595 722 667 ὑδατων,
766 594 867 669 όρη
909 620 967 653 τε
1007 598 1098 653 καὶ
1141 595 1412 667 βουνοὺς,
1453 599 1547 653 καὶ
1584 594 1686 654 ὅσα
1717 595 1897 654 αλλα5

247 705 382 738 κατα
425 680 521 738 τὸν
559 680 731 739 τόπον
771 694 977 747 κοινοῖς
1028 678 1268 754 ρημασιν
1318 677 1400 747 οἷς
1454 680 1854 754 ἐπωνόμασται,

247 763 364 837 ἤτοι
406 768 534 839 περὶ
573 768 667 838 τῆς
706 771 804 822 τοῦ
849 764 1059 838 κόσμου
1099 782 1416 831 συστασεως
1461 767 1519 822 ἐκ
1558 767 1759 838 μέρους
1796 765 1854 823 τὸ

246 855 357 907 πᾶν
383 854 681 922 δηλοῦντος
705 848 1025 920 ακουστέον,
1051 846 1084 923 ἢ
1107 847 1512 923 τροπικώτερον
1538 852 1852 922 ἐκληπτέον,

245 938 416 991 ταῦτα
461 937 842 1007 μεταφέροντα
881 932 948 991 τά
988 933 1365 1007 σημαινόμενα
1409 936 1495 990 ἐπὶ
1526 957 1726 1006 νοητας
1756 932 1855 990 οὐ-

245 1025 367 1086 σίας
399 1021 492 1076 καὶ
522 1025 682 1086 θείας
708 1017 990 1091 δυναμεις,
1024 1019 1103 1075 ὠν
1126 1041 1351 1076 παντων
1375 1016 1717 1090 πρωτότοκος
1746 1028 1901 1076 Σο-ιο

242 1111 345 1174 φία
377 1106 467 1160 καὶ
497 1101 802 1176 μονογενὴς
842 1105 934 1159 καὶ
974 1101 1323 1175 πρωτόγονος
1368 1106 1465 1159 τοῦ
1505 1107 1645 1159 θεοῦ
1677 1109 1854 1177 πρού-

243 1190 413 1259 πέστη
445 1186 624 1260 λόγος,
657 1186 847 1244 ὅντινα
880 1185 1122 1260 Χριστὸν
1153 1182 1308 1260 ἡμεῖς
1350 1185 1852 1260 προσαγορεύομεν,

243 1271 562 1348 διδασκάλῳ
580 1269 1022 1344 μαθητευόμενοι
1045 1275 1119 1348 τῷ
1137 1268 1427 1347 ἆποστόλῳ
1451 1274 1668 1342 λέγοντι
1686 1267 1853 1343 “ch-

242 1355 367 1421 στός
411 1360 549 1414 θεοῦ
592 1354 828 1428 δύναμις
880 1357 970 1412 καὶ
1011 1358 1152 1412 θεοῦ
1201 1351 1418 1427 σοφία.”
1495 1356 1751 1426 κέκληται
1794 1355 1854 1412 δὲ

245 1443 491 1497 ἐνταῦθα
522 1443 601 1516 τῷ
630 1444 724 1512 τῆς
767 1446 966 1512 σοφίας
1009 1438 1230 1505 εἰκότως
1263 1438 1626 1512 προσρήματι,
1660 1440 1732 1505 ὡς
1756 1443 1853 1496 τοῦ
1877 1462 1916 1494 15

241 1523 415 1596 μόνου
447 1528 625 1624 σοφοῦ
656 1522 860 1596 πατρὸς
891 1548 986 1590 τας
1016 1523 1343 1596 πανσόφους
1375 1526 1466 1580 καὶ
1503 1526 1853 1603 ἐπιστημονι-

241 1607 340 1675 κάς
371 1632 483 1666 των
514 1606 662 1667 ὅλων
691 1615 936 1682 θεωρίας
967 1632 1026 1665 τε
1059 1656 1253 1665 .....

242 1781 301 1834 έν
342 1778 403 1834 δὲ
443 1780 520 1854 τῷ
562 1781 803 1853 δευτέρῳ
851 1775 1109 1853 σκήπτρῳ
1152 1778 1424 1851 βασιλικῷ
1462 1778 1615 1850 τιμᾷ,
1688 1779 1745 1832 ἐν
1790 1776 1848 1831 δὲ

238 1865 313 1938 τῷ
344 1869 509 1937 τρίτῳ
551 1862 653 1934 τὴν
694 1859 812 1918 κατ’
849 1857 1054 1933 ἀρετὴν
1084 1857 1232 1933 αὐτῷ
1255 1865 1542 1916 τελείωσιν
1564 1874 1846 1932 μαρτυρεῖ.
1873 1883 1913 1914 20

241 1944 334 2002 εἶτ’
375 1948 463 2002 ἐπὶ
493 1945 707 2012 τούτοις
739 1941 909 2001 αὐτὸν
941 1942 1009 2014 δὴ
1041 1946 1238 1999 τοῦτον
1277 1942 1374 1999 τὸν
1403 1941 1541 2000 θεὸν
1573 1946 1663 2000 καὶ
1697 1951 1850 2014 βασι-

238 2032 334 2085 λέα
365 2039 658 2102 κεχρῑσθαι
688 2028 823 2100 πρὸς
847 2032 945 2083 τοῦ
970 2024 1254 2084 ἄνωτάτου
1281 2025 1531 2084 διδάσκει
1565 2033 1726 2099 θεοῦ,
1759 2031 1851 2084 καὶ

238 2111 408 2186 ταύτῃ
440 2137 502 2184 γε
534 2111 773 2183 Χριστὸν
803 2113 1105 2183 γεγονέναι.
1178 2119 1231 2167 τί
1271 2110 1374 2183 γὰρ
1415 2107 1485 2168 ἂν
1525 2115 1615 2169 καὶ
1646 2109 1850 2183 ὀνομά-

238 2195 393 2253 σαιτό
423 2220 503 2262 τις
542 2195 637 2253 τὸν
677 2194 750 2268 μὴ
782 2192 881 2251 ὑπ’
922 2192 1242 2268 ἀνθρώπων
1273 2197 1403 2268 μὲν,
1445 2193 1543 2253 ὑπ’
1579 2194 1750 2254 αὐτοῦ
1789 2196 1850 2252 δὲ

238 2284 335 2338 τοῦ
368 2283 456 2337 ἐπὶ
487 2279 713 2337 πάντων
752 2283 893 2337 θεοῦ
925 2283 1312 2351 κεχρισμένον;
1375 2283 1463 2336 ἐπὶ
1503 2279 1679 2354 τούτῳ
1711 2284 1848 2351 γοῦν
1870 2301 1912 2333 25

237 2367 409 2437 φησὶν
441 2357 531 2420 “ὦ
574 2365 703 2436 θεὲ,
750 2362 910 2438 (πρὸς
941 2363 1036 2420 τὸν
1073 2367 1371 2436 χρισθέντα
1403 2362 1847 2436 ἀποτεινόμενος)

236 2447 522 2521 ἠγάπησας
577 2447 939 2520 δικαιοσύνην
991 2450 1080 2504 καὶ
1133 2451 1391 2519 ἐμίσησας
1434 2446 1687 2504 ἀδικίαν·
1759 2445 1849 2503 διὰ

236 2538 395 2590 τοῦτο
437 2532 542 2606 γὰρ
584 2535 767 2606 ἔχρισέ
805 2551 867 2589 σε
907 2530 935 2589 6
977 2532 1107 2598 θεὸς
1146 2528 1174 2588 6
1209 2531 1340 2598 θεός
1382 2550 1485 2588 σου
1502 2527 1543 2556 ·”
1622 2536 1654 2585 2
1719 2530 1849 2588 ὡσεὶ

237 2623 452 2690 ἔλεγεν,
494 2614 522 2674 6
567 2621 656 2675 ἐπὶ.
697 2615 920 2674 πάντων
963 2616 1093 2682 θεὸς
1136 2619 1319 2688 ἔχρισέ
1355 2636 1418 2672 σε
1463 2622 1645 2673 ἔλαιον
1676 2612 1846 2687 ἆγαλῆ

352 2840 402 2877 14
437 2841 455 2878 1
483 2838 586 2878 Cor.
612 2841 646 2883 1,
671 2841 736 2879 24.
971 2839 1020 2877 17
1053 2835 1263 2886 θεωρίας
1290 2835 1352 2889 τε]
1379 2837 1489 2878 Post
1520 2837 1637 2877 haec
1677 2837 1723 2876 in
1747 2835 1841 2879 cod.

235 2895 445 2935 Parisino
470 2897 688 2947 scriptum
721 2889 926 2936 ἐλλείπει
949 2889 1109 2935 πολλοὶ.
1370 2896 1421 2934 ’27
1455 2894 1527 2934 Ps.
1550 2895 1619 2944 44,
1645 2895 1684 2933 7.
