1992 3186
253 88 358 140 310
946 90 1196 132 EUSEBII

252 207 352 261 τοῦ
397 207 646 278 χρησμοῦ
693 203 1012 277 θαυμάσιον
1063 208 1371 278 συνορῶντι
1421 203 1569 272 ὅπως
1611 204 1638 262 ὁ
1681 205 1862 281 σωτὴρ

251 287 409 361 ἡμῶν
433 285 635 360 Ἰησοῦς
666 287 694 345 ὁ
721 286 954 361 Χριστὸς
984 292 1081 344 τοῦ
1111 291 1250 346 θεοῦ
1279 291 1357 366 τῷ
1385 294 1483 346 τοῦ
1516 291 1864 364 Μελχισεδὲκ

203 407 221 428 e
251 371 437 450 τρόπῳ
467 370 532 429 τοὶ
553 375 646 445 τῆς
679 374 739 428 ἐν
769 369 1090 447 ἀνθρώποις
1115 377 1428 447 ἱερουργίας
1451 375 1616 431 εἰσέτι
1640 377 1732 431 καὶ
1755 376 1864 432 νῦν

141 481 230 523 [141]
257 454 347 514 διὰ
377 453 488 512 τῶν
519 454 697 513 αὑτοῦ
724 459 1091 530 θεραπευτῶν
1122 459 1372 515 ἐπιτελεῖ.
1431 462 1511 516 19.
1547 456 1732 533 ὥσπερ
1759 458 1862 532 γὰρ

254 544 460 606 ἐκεῖνος
503 540 684 613 ἱερεύς
728 543 913 598 ε’θνεόν
957 538 1249 613 τυγχάνων
1301 539 1552 614 οὐδαμοῦ
1604 549 1905 615 φαίνεταιε

250 629 494 725 θυσίαις
520 639 858 697 σωματικαῖς
902 626 1260 700 κεχρημένος,
1304 635 1439 701 οἴνῳ
1484 626 1546 682 δε
1588 624 1740 704 μόνῳ
1771 628 1862 684 καὶ

251 707 398 784 άρτῳ
440 732 538 766 τον
574 706 819 813 Ἀβρααμ
863 708 1140 782 εὐλογων,
1193 707 1290 766 τὸν
1331 707 1503 767 αὐτὸν
1547 708 1615 783 δὴ
1659 708 1864 785 τρόπον

251 797 464 864 πρῶτος
494 818 598 866 μεν
629 791 792 860 αὐτὸς
823 789 851 850 ὁ
883 793 1064 867 σωτὴρ
1096 796 1187 850 καὶ
1219 792 1409 865 κύριος
1449 789 1634 867 ἡμῶν,
1676 801 1865 852 ἔπειτα

252 882 308 934 οἱ
346 881 397 946 ἐξ
444 876 620 935 αὐτοῦ
658 877 862 944 πάντες
904 883 1067 952 ἱερεῖς
1111 875 1219 935 ἀνὰ
1258 877 1436 935 πάντα
1474 877 1540 935 τὰ
1582 885 1724 951 ἔθνη
1763 877 1865 951 τὴν

251 960 633 1035 πνευματικὴν
664 966 1041 1029 ἐπιτελοῦντες
1071 960 1209 1019 κατὰ
1229 961 1356 1029 τοῦς
1382 961 1862 1036 ἐκκλησιαστικοὺς
1885 989 1926 1021 10

251 1045 495 1119 θεσμοῦς
529 1052 878 1121 ἱερουργίαν,
920 1056 1054 1124 οἴνῳ
1096 1048 1189 1103 καὶ
1220 1043 1366 1123 ἄρτῳ
1397 1049 1496 1104 τοῦ
1527 1071 1585 1104 τε
1615 1045 1864 1120 σώματος

254 1128 424 1188 αὐτοῦ
465 1133 556 1187 καὶ
595 1133 696 1188 τοῦ
725 1139 1001 1206 σωτηρίου
1046 1136 1270 1203 αἵματος
1302 1137 1636 1188 αἰνίττονται
1666 1129 1732 1188 τόι
1762 1156 1862 1206 μυ-

207 1239 229 1270 d
255 1213 468 1287 στήρια,
499 1219 599 1272 τοῦ
620 1216 969 1288 Μελχισεδὲκ
998 1219 1172 1272 ταῦτα
1202 1214 1474 1288 πνεύματι
1504 1221 1644 1292 θείῳ
1667 1237 1865 1288 προτε-

252 1298 618 1373 θεωρηκότος,
651 1302 743 1355 καὶ
764 1304 876 1357 τῶν
887 1298 1201 1374 μελλόντων
1225 1313 1344 1365 ταῖς
1369 1298 1541 1357 εἰκόσι
1563 1322 1863 1375 προκεχρη-

251 1387 453 1456 μένου,
495 1380 567 1450 ὡς
598 1379 632 1455 ἡ
664 1385 915 1449 Μωσέως
946 1380 1132 1458 γραφὴ
1163 1398 1436 1458 μαρτυρεῖ
1470 1385 1709 1457 λέγουσα
1731 1383 1863 1442 “καὶ
1887 1408 1927 1441 15

251 1468 604 1540 Μελχισεὸεκ
645 1466 909 1540 βασιλεῦς
950 1467 1150 1540 Σαλὴμ
1194 1466 1487 1568 ἐξήνεγκεν
1536 1465 1737 1542 άρτους
1771 1470 1864 1526 καὶ

252 1551 430 1609 οἶνον·
478 1577 550 1624 ην
584 1553 644 1609 δε
677 1550 854 1626 ἱερεῦς
885 1557 982 1609 τοῦ
1014 1555 1154 1610 θεοῦ
1177 1556 1274 1609 τοῦ
1298 1548 1558 1626 ὑψίστου,
1590 1555 1682 1609 καὶ
1706 1549 1865 1610 εὐλό-

250 1655 386 1709 γησε
415 1635 513 1693 τὸν
535 1634 800 1711 Ἀβραάμ.
811 1634 840 1657 ”
901 1641 983 1694 20.
1021 1635 1242 1702 εἰκότως
1273 1661 1374 1694 ουν
1404 1639 1496 1694 καὶ
1527 1634 1661 1709 μεθ’
1694 1635 1862 1711 ὅρκου

251 1719 622 1794 παραλήψεως
661 1720 813 1798 μόνῳ
853 1727 928 1797 τῷ
971 1717 1345 1797 δηλουμένῳ
1349 1718 1551 1793 ὤμοσε
1603 1719 1792 1793 κύριος
1833 1718 1860 1776 ὁ

249 1805 409 1875 θεὸς,
442 1806 533 1861 καὶ
566 1801 631 1862 οῦ
661 1804 1201 1878 μεταμεληθήσεται,
1234 1804 1305 1860 σὺ
1339 1803 1414 1877 εἷ,
1447 1806 1644 1875 λέγων,
1678 1803 1859 1877 ἱερεὺς
1883 1827 1923 1860 20

253 1895 329 1955 είς
359 1888 457 1946 τὸν
487 1895 663 1946 αἰῶνα
693 1887 830 1946 κατὰ
858 1887 960 1962 τὴν
987 1888 1142 1955 τάξιν
1163 1885 1567 1961 Μελχισεδέκ.”
1609 1892 1692 1944 21.
1729 1886 1864 1944 ε’πά-

251 1991 457 2043 κουσον
490 1974 551 2029 δὲ
582 1971 671 2030 οἷα
702 1975 792 2029 καὶ
825 1977 952 2045 περὶ
981 1968 1212 2029 τῶνὸεὸ
1243 1968 1542 2039 άπόστολός
1567 1989 1739 2045 φησιν
1761 1967 1862 2029 “gv

253 2048 297 2131 ᾦ
347 2055 739 2131 περισσότερον
790 2054 1126 2128 βουλόμενος
1178 2052 1205 2112 ὁ
1246 2055 1377 2122 θεὸς
1431 2059 1697 2123 ἐπιδεῖξαι
1748 2070 1861 2121 τοῖς

251 2138 610 2214 κληρονόμοις
640 2143 735 2212 τῆς
759 2144 1040 2211 βασιλείας
1070 2139 1129 2197 τὸ
1161 2138 1502 2213 ἀμετάθετον
1531 2142 1626 2212 τῆς
1657 2142 1861 2211 βουλῆς

252 2221 453 2295 αὐτοῦ,
499 2227 851 2296 ἐμεσίτευσεν
891 2220 1068 2300 ὅρκῳ,
1109 2229 1204 2281 ἵνα
1246 2221 1336 2280 διὰ
1378 2223 1479 2281 δύο
1523 2220 1859 2295 πραγμάτων
1881 2245 1923 2278 25

135 2333 225 2374 (021)
250 2306 634 2380 ἀμεταθέτων,
670 2311 728 2366 ἐν
758 2305 839 2374 οἷς
869 2304 1149 2364 ἀδύνατον
1173 2306 1490 2376 ψεύσασθαι
1513 2305 1668 2378 θεὸν,
1703 2313 1858 2379 ἰσχυ-

251 2390 356 2467 ρὰν
386 2391 732 2466 παράκλησιν
773 2397 982 2465 ἔχωμεν
1023 2397 1081 2448 οἱ
1106 2389 1626 2464 προκαταφυγόντες
1657 2395 1860 2463 κρατῆ-

250 2494 342 2533 σαι
366 2481 461 2548 τῆς
485 2478 845 2550 προκειμένης
874 2472 1149 2542 ἐλπίδος.”
1199 2479 1282 2530 22.
1300 2476 1391 2530 καὶ
1411 2476 1657 2548 ἐπιφέρει
1682 2475 1860 2545 λέγων

242 2558 372 2616 “καὶ
413 2566 470 2617 οἱ
507 2562 607 2633 μὲν
651 2562 902 2627 πλείονές
949 2566 1053 2616 εἰσι
1101 2556 1386 2631 γεγονότες
1428 2563 1626 2631 ἱερεῖς,
1669 2555 1760 2614 διὰ
1799 2555 1859 2614 τὸ

369 2782 418 2820 15
454 2782 750 2832 Gen.14‚18.
946 2782 996 2820 19
1029 2779 1151 2820 Heb.
1173 2780 1212 2830 7,
1236 2780 1303 2818 21.
1505 2781 1557 2818 22
1589 2778 1705 2818 Heb.
1729 2778 1767 2825 ss,
1793 2778 1858 2816 17.

255 2838 307 2876 ‘29
338 2837 457 2876 Heb.
482 2839 504 2876 7
547 2839 612 2877 ‘2-3.
1676 2838 1682 2841 '
