1992 3186
581 101 891 143 DEMONST.
924 78 1145 143 fivANG.
1175 103 1230 143 x.
1253 103 1295 145 4.
1638 100 1740 152 651

129 219 382 291 ποιμανῶ
410 213 580 290 ὑμᾶς,
611 216 672 274 τὸ
703 214 1066 290 ἀποθνῆσκον
1096 216 1524 290 ἀποθνησκέτω,
1557 219 1649 274 καὶ
1680 216 1740 275 τὸ

129 306 385 360 ἐκλεῖπον
431 303 751 374 ἐκλειπέτω,
795 303 886 358 καὶ
925 301 991 359 τὰ
1032 303 1337 359 κατάλοιποι
1378 303 1739 373 ἐσθιέτωσαν,

126 390 353 452 ἕκαστος
375 383 471 452 τὰς
495 384 701 459 σάρκας
723 391 823 443 τοῦ
847 393 1086 460 πλησίον
1115 384 1342 444 αὑτοῦ.”
1392 382 1528 460 μεθ’
1561 381 1597 443 ἃ
1628 388 1739 443 ἐπι-

126 472 273 544 λέγει
295 467 429 528 “καὶ
462 469 704 543 λήψομαι
742 468 846 543 τὴν
886 469 1099 542 ῥάβδον
1138 495 1247 544 μου
1276 468 1379 542 τὴν
1410 469 1615 542 καλὴν,
1646 472 1740 527 καὶ

76 578 98 610 5
125 554 418 630 ἀπορρίψω
451 552 679 627 αὖτήν.”
757 559 842 612 28.
876 551 1015 613 ἀνθ’
1047 546 1116 612 οὗ
1145 554 1174 612 ὁ
1198 553 1431 622 Ἀκύλας
1454 550 1586 611 “acal
1619 560 1740 611 ἕλα-

124 638 261 712 βον”
298 641 472 713 φησὶν
495 636 634 712 “τὴν
675 638 887 713 ῥάβδον
926 664 1063 712 μου,
1105 638 1208 713 τὴν
1239 636 1606 713 εὐπρέπειαν,
1647 642 1741 696 καὶ

123 726 426 796 περιέκοψα
448 720 681 796 αὐτήν,”
710 723 922 795 δηλαδὴ
945 722 1047 796 τήν
1065 727 1202 781 κατὰ
1227 726 1438 781 Μωσέα
1463 729 1737 796 λατρείαν.

124 805 335 866 οὐκοῦν
364 804 397 879 ἡ
429 809 532 881 μὲν
562 806 752 880 πρώτη
784 807 990 882 ῥάβδος
1031 807 1063 883 ἡ
1098 812 1157 866 ἐν
1198 805 1390 881 άρχαῖς
1430 814 1528 865 τοῦ
1571 807 1739 880 λόγου

122 891 313 966 πρώτη
344 890 820 966 συντριβήσεσθαι
850 895 941 949 καὶ
981 889 1468 967 άπορριφήσεσθαι
1507 894 1735 964 λέγεται.
1763 913 1850 955 (484)

60 999 102 1032 ιο
123 981 208 1034 29.
241 974 332 1034 ὅτε
365 977 426 1033 δὲ
457 973 490 1049 ἡ
520 975 647 1049 τιμὴ
673 979 773 1033 τοῦ
794 979 1157 1050 τετιμημένου
1182 978 1273 1033 καὶ
1298 976 1358 1034 τὸ
1390 976 1530 1050 ὑπὲρ
1562 974 1740 1034 αὐτοῦ

121 1065 198 1138 τῶ
241 1059 485 1135 προδότῃ
534 1061 707 1118 δοθὲν
748 1058 1016 1135 ἀργύριον
1056 1060 1270 1134 ἐβλήθη
1321 1066 1398 1126 εἰς
1427 1061 1534 1120 ,τὸν
1583 1061 1738 1118 οἷκον

122 1151 321 1219 κυρίου
353 1143 426 1212 ῶς
459 1151 536 1212 εἰς
568 1145 973 1219 χωνευτήριον,
1008 1144 1131 1203 τότε
1166 1143 1234 1217 δὴ
1265 1147 1358 1202 καὶ
1389 1144 1455 1202 τὰ
1486 1147 1614 1218 περὶ
1643 1148 1738 1217 τῆς

124 1231 385 1304 δευτέρας
427 1228 671 1304 ῥάβδου,
710 1233 810 1287 τοῦ
849 1229 1053 1296 παντὸς
1085 1236 1289 1296 ἔθνους
1333 1228 1572 1302 δηλαδὴ,
1606 1226 1739 1286 άκο-

122 1312 343 1382 λούθως
384 1311 475 1372 οἷα
506 1320 753 1372 πείσεται
784 1312 1190 1388 προφητεύεται
1222 1317 1282 1372 ἐν
1304 1320 1379 1390 τῷ
1404 1312 1535 1371 “nal
1566 1312 1739 1387 ἀπέρ-

62 1421 104 1454 15
127 1412 263 1470 ριψα
306 1397 408 1470 τὴν
454 1390 666 1474 ῥάβδον
720 1397 822 1471 τὴν
879 1401 1147 1472 δευτέραν
1198 1396 1258 1455 τὸ
1304 1404 1595 1471 σχοίνισμα
1639 1401 1737 1455 τοῦ

124 1481 489 1541 διασκεδάσαι,
515 1481 619 1554 τὴν
650 1482 933 1556 διαθήκην
962 1481 1070 1540 ἄνα
1100 1485 1269 1556 μέσον
1291 1481 1475 1540 Ἰούδα
1505 1484 1596 1539 καὶ
1629 1478 1737 1539 άνοὶ

121 1569 292 1641 μέσον
314 1563 580 1640 Ἰσραήλ.”
627 1571 710 1624 30.
745 1569 837 1624 καὶ
869 1566 1168 1641 ἐπειδήπερ
1198 1565 1484 1639 ἀποβολὴν
1509 1569 1737 1624 ἐκείνων

123 1656 315 1725 σαφῶς
363 1651 454 1708 διὰ
497 1650 710 1709 τούτων
747 1650 777 1708 ὁ
809 1650 968 1723 λόγος
1000 1650 1306 1725 ἐμήνυσεν,
1350 1649 1573 1718 εἰκότως
1614 1653 1736 1722 ἑξῆς

125 1733 308 1794 οὐκέτ’
345 1733 546 1801 αὐτούς
592 1734 1004 1808 ἐπιγνώσεσθαι
1042 1734 1143 1808 τὴν
1181 1739 1294 1793 τῶν
1324 1736 1735 1808 προφητευομέ-

6 1856 10 1860 -
62 1847 105 1879 20
126 1844 243 1878 νων
277 1818 522 1893 δύναμίν
551 1839 755 1892 φησιν,
797 1816 936 1876 ἀλλὰ
975 1819 1102 1887 τοὺς
1134 1826 1516 1892 Χαναναίους,
1557 1822 1736 1891 λέγων
1762 1842 1784 1874 b

110 1903 243 1962 “καὶ
273 1903 585 1977 γνώσονται
615 1909 673 1961 οἱ
700 1912 1006 1962 Χαναναῖοι
1036 1903 1102 1961 τὰ
1133 1904 1383 1979 πρόβατα
1421 1903 1487 1961 τὰ
1516 1897 1739 1977 φυλασ-

122 1987 329 2062 σόμενά
370 1983 515 2062 μοι,
538 1987 677 2045 διότι
717 1986 876 2061 λόγος
907 1995 1105 2062 κυρίου
1139 1986 1308 2046 ἐστί.”’
1379 1993 1463 2046 31.
1496 1995 1644 2054 τίνες
1679 1986 1730 2044 δ’

121 2069 192 2131 ἂν
238 2074 352 2131 εἷεν
391 2078 447 2130 οἱ
486 2081 796 2131 Χαναναῖοι
836 2070 964 2129 ἀλλ’
997 2070 1030 2146 ἢ
1074 2069 1262 2146 ἡμεῖς,
1306 2078 1364 2130 οἱ
1398 2075 1532 2146 πρὶν
1571 2069 1738 2128 ἄλλό-

122 2165 291 2230 φυλοι
322 2159 414 2214 καὶ
448 2159 501 2225 ἐξ,
532 2153 796 2215 ἁπάντων
825 2163 939 2216 τῶν
968 2156 1138 2214 πάλαι
1171 2156 1363 2215 ἀθέων
1393 2159 1485 2214 καὶ
1515 2156 1738 2228 ἀσεβῶν

57 2267 100 2300 25
125 2245 310 2299 ἐθνῶν
341 2240 591 2316 πρόβατα
620 2245 698 2318 τῷ
720 2248 940 2318 Χριστῷ
963 2245 1407 2315 πεφυλαγμένοις
1439 2248 1494 2298 οἳ
1521 2243 1612 2298 καὶ
1646 2240 1739 2297 διὰ

121 2329 216 2400 τῆς
247 2322 419 2383 αὐτοῦ
462 2324 679 2400 χάριτος
720 2324 1213 2398 μεταβεβλήμεθα,
1256 2327 1348 2381 καὶ
1380 2327 1641 2389 συνέντες
1670 2324 1738 2380 τὰ

122 2413 530 2482 τεθεσπισμένα
569 2414 782 2480 γνῶσιν
821 2405 1005 2480 άληθῆ
1045 2411 1147 2465 τοῦ
1186 2407 1354 2480 λόγου
1398 2410 1499 2464 τοῦ
1536 2413 1736 2478 κυρίου

125 2491 450 2566 εἰλήφαμεν,
482 2494 731 2564 ἔγνωμέν
759 2515 817 2549 τε
847 2490 1005 2564 ἡμεῖς
1028 2497 1086 2549 οἱ
1105 2501 1410 2549 Χαναναῖοι
1442 2493 1534 2547 καὶ
1566 2490 1733 2564 συνή·
1758 2524 1776 2546 c

123 2599 297 2650 καμεν
326 2574 392 2632 τόι
426 2574 763 2649 δηλούμενα·
812 2572 913 2632 οὐκ
945 2582 1196 2648 ἔγνωσαν
1229 2577 1290 2632 δὲ
1320 2574 1453 2633 οὐδὲ
1484 2579 1735 2646 συνῆκαν

61 2685 103 2717 30
124 2666 182 2718 οἵ
198 2660 295 2718 τὸν
311 2658 528 2733 Ἰσραὴλ
548 2657 849 2733 αὐχοῦντες
873 2662 964 2716 καὶ
992 2662 1079 2717 ἐπὶ
1103 2664 1178 2738 τῷ
1203 2662 1471 2735 σπέρματι
1491 2656 1734 2734 Ἀβραὰμ

126 2743 491 2818 ἐπαιρόμενοι.
