1946 3158
239 131 341 184 190
789 118 792 122 ’
911 128 1158 170 EUSEBII

234 250 326 306 καὶ
366 244 560 305 ἄλλοτε
600 245 884 321 πρότερον.
956 251 1189 317 συνίστη
1238 247 1298 304 δὲ
1337 243 1445 318 ἄρα
1485 242 1513 304 5
1555 246 1714 320 λόγος
1743 252 1845 306 τοῦ

235 336 480 407 σωτῆρος
510 327 667 404 ἡμῶν
697 327 757 387 τὸ
782 329 1043 403 ἐμβριθὲς
1065 329 1157 386 καὶ
1181 327 1460 404 αὐστηρὸν
1481 335 1580 389 τοῦ
1603 330 1812 406 τρόπου
1829 348 1839 358 ·

234 413 605 490 σωφροσύνης
638 414 699 471 δὲ
731 410 908 472 αὐτοῦ
935 415 1074 487 μέγα
1107 417 1302 488 δεῖγμα
1333 407 1404 488 ἦν
1435 412 1663 489 κάκείνη
1694 412 1728 488 ἡ
1761 421 1842 474 δι-

236 507 535 571 δασκαλία,
569 494 647 556 δι’
681 490 744 571 ἧς
768 495 1030 571 ἁγνεύειν
1054 501 1107 566 ἐξ
1140 496 1312 556 αὐτοῦ
1342 502 1441 556 τοῦ
1470 504 1566 572 τῆς
1593 505 1841 568 διανοίας

231 585 447 656 βάθους
476 581 572 650 τοὶς
605 585 873 656 ἐμπαθεῖς
903 579 1110 658 ὀρέξεις
1135 580 1544 656 ἀποτέμνοντας
1577 589 1839 642 ἐδίδασκε
1861 607 1884 639 5

232 672 410 741 λέγων
443 663 627 725 “ει’σὶν
669 666 922 741 εὐνοῦχοι
966 671 1166 733 οἵτινες
1218 666 1604 741 ἐγεννήθησαν
1645 666 1841 742 οὕτως,

231 755 323 810 καὶ
364 753 509 811 εἰσὶν
548 751 804 826 εὐνοῦχοι
844 756 1043 819 οἵτινες
1091 748 1540 825 εὐνουχίσθησαν
1585 750 1694 810 ὑπὸ
1739 750 1844 811 οἶν-

229 835 506 910 θρώπων,
538 838 630 893 καὶ
663 839 806 894 εἰσὶν
838 833 1094 909 ευνοῠχοι
1124 840 1324 903 οἵτινες
1349 835 1684 910 εὐνούχισαν
1715 839 1842 894 ἑαυ-

190 958 206 980 c
230 919 358 988 τούς
401 919 492 978 δια
533 921 635 994 τὴν
673 927 965 1005 βασιλείαν
994 925 1107 978 τῶν
1147 918 1419 996 οὐρανῶν.
1431 917 1460 939 ”
1532 926 1578 978 6.
1613 919 1781 979 παλιν
1811 921 1840 979 5

229 1031 332 1078 μεν
373 1004 504 1078 γόης
550 1008 642 1062 καὶ
684 987 909 1079 ἀληθῶς
940 1003 1248 1072 λαοπλανος
1279 1029 1458 1063 παντα
1484 1008 1721 1079 ἐγχειρεῖ
1748 1009 1840 1064 καὶ
1863 1027 1905 1059 10

230 1089 454 1164 πράττει
488 1093 805 1157 δοξοκοπῶν
827 1115 894 1147 τα
918 1087 1094 1147 πολλὰ
1118 1092 1209 1146 καὶ
1239 1093 1723 1162 φαντασιοκοπῶν,
1747 1094 1841 1148 καὶ

229 1177 398 1232 πλέον
428 1199 478 1231 τι
509 1174 658 1247 παρὰ
687 1174 816 1242 τούς
847 1172 1084 1241 πολλοὺς
1117 1175 1324 1231 εἰδέναι
1365 1177 1457 1231 καὶ
1502 1181 1647 1247 ἔχειν
1675 1198 1839 1248 μεγα-

229 1257 629 1332 λαυχούμενος·
684 1255 713 1316 5
747 1260 808 1316 δε
848 1258 1030 1331 σωτὴρ
1063 1260 1155 1315 καὶ
1196 1257 1384 1332 κύριος
1415 1254 1606 1331 ἡμῶν,
1652 1257 1734 1316 ὅτι
1764 1259 1838 1332 μὴ

232 1342 536 1416 δοξομανὴς
575 1344 666 1400 καὶ
706 1341 921 1412 ἀλαζών
971 1344 1062 1399 καὶ
1107 1341 1555 1414 φαντασιοκόπος
1594 1336 1694 1416 ἦν,
1735 1342 1833 1416 ἀφ’

228 1453 308 1485 ων
354 1427 583 1501 ἰώμενος
626 1425 863 1502 παρῄνει
903 1429 1102 1500 μηδενὶ
1133 1426 1371 1528 φράζειν
1409 1427 1550 1501 μηδε
1589 1434 1667 1495 εἰς
1709 1436 1837 1485 πολ·
1861 1444 1930 1480 15“

227 1510 357 1581 λους
389 1509 558 1569 αὐτὸν
594 1515 910 1586 ἐκφαίνειν,
942 1507 1145 1584 γένοιτ’
1179 1507 1250 1568 ἂν
1276 1517 1505 1585 ε’κδηλος
1528 1510 1639 1570 ἀπό
1659 1535 1718 1570 τε
1742 1517 1841 1571 τοῦ

225 1596 321 1664 τὰς
354 1600 413 1688 έν
443 1595 596 1668 όρεσι
629 1594 914 1669 διατριβὰς
944 1598 1037 1653 καὶ
1069 1620 1163 1663 τας
1197 1594 1576 1670 ἀναχωρήσεις
1613 1595 1838 1657 διώκειν

181 1707 201 1737 ,ι
226 1683 318 1738 καὶ
348 1675 583 1754 φεύγειν
610 1706 708 1749 τας
739 1706 878 1739 κατα
907 1679 1093 1747 πόλεις
1123 1684 1235 1737 τῶν
1265 1685 1487 1738 πολλῶν
1520 1684 1836 1753 ἐπιβλαβεῖς

224 1762 456 1839 ὁμιλίας.
537 1772 582 1824 7.
630 1772 682 1823 εἰ
723 1764 858 1839 μήτε
897 1767 1194 1838 τοιγαροῦν
1239 1762 1400 1837 δόξης
1444 1763 1579 1837 μήτε
1631 1764 1836 1840 χρημά-

224 1874 336 1908 των
375 1849 511 1923 μήτε
551 1849 757 1923 ἡδονῆς
790 1853 981 1907 ἕνεκεν
1023 1850 1349 1920 ἐπιβέβλητο
1380 1851 1450 1922 τῇ
1482 1853 1832 1926 διδασκαλίᾳ,
1856 1868 1898 1901 20

224 1940 305 2001 τίς
338 1940 415 1991 ἔτι
455 1933 606 2008 χώρα
637 1941 1012 2008 περιλείπεται
1055 1930 1324 1998 ὑπονοίας
1364 1935 1463 1990 τοῦ
1493 1932 1705 1992 πλάνον
1735 1932 1835 1992 αὖ·

224 2016 321 2075 τόν
351 2019 443 2074 καὶ
474 2017 643 2090 γόητα
674 2024 942 2091 νομίζειν;
987 2018 1185 2085 σκέψαι
1222 2018 1282 2074 δε
1314 2018 1405 2073 καὶ
1436 2021 1608 2075 ταῦτα
1637 2017 1830 2077 παλιν

224 2100 384 2174 γόης,
414 2099 549 2158 ὅταν
582 2103 785 2175 ἑτέροις
815 2125 880 2158 τα
909 2104 1026 2203 τῇς
1036 2107 1229 2168 κακίας
1261 2106 1571 2175 μεταδιδῶ,
1606 2101 1832 2170 ὁποίους

224 2183 432 2259 ἄνδρας
476 2184 892 2255 κατασκευάζει·
936 2181 1026 2259 ἀρ’
1069 2182 1194 2258 ουχὶ
1234 2185 1434 2258 γόητας
1466 2189 1558 2244 καὶ
1587 2186 1833 2256 πλάνους

224 2273 315 2326 καὶ
346 2274 669 2343 φαρμακέας
710 2267 862 2347 αυτῷ
891 2267 1027 2326 κατὰ
1059 2268 1239 2326 πάντα
1270 2277 1716 2353 παραπλησίους;
1747 2278 1830 2340 τίς
1853 2298 1895 2331 25

223 2347 326 2411 οὖν
376 2352 482 2427 ἤδη
535 2353 755 2412 πώποτε
796 2354 855 2411 τὸ
907 2356 1019 2410 πᾶν
1051 2357 1400 2428 Χριστιανων
1439 2356 1598 2427 γένος
1638 2357 1698 2412 ἐκ
1736 2361 1832 2429 τῆς

225 2443 440 2496 ἐκείνου
489 2444 846 2506 διδασκαλίας
877 2461 1144 2511 γοητευον
1185 2435 1218 2511 ἢ
1259 2443 1618 2512 φαρμακεῦον
1649 2447 1831 2498 κατεί-

119 2531 428 2596 «27)ληφεν;
475 2529 521 2582 8.
556 2521 683 2581 ἄλλ’
717 2522 820 2581 οὐκ
852 2528 999 2580 ἐστιν
1032 2529 1238 2595 εἰπεῖν,
1271 2529 1506 2596 ε’μπαλιν
1541 2523 1602 2580 δε
1632 2523 1830 2597 λόγους

169 2607 566 2681 ’φιλοσόφους
596 2607 813 2683 μετιόν,
847 2632 920 2675 ως
951 2605 1353 2664 ἀποδέδεικται.
1417 2606 1444 2664 5
1479 2607 1547 2680 δὴ
1579 2610 1681 2666 οὐν
1713 2611 1826 2666 ετέ-

223 2717 336 2765 ροις
390 2697 596 2766 σεμνοῦ
641 2695 732 2751 καὶ
784 2691 1073 2767 σώφρονος
1126 2697 1253 2763 βίου
1298 2688 1584 2764 εὐσεβείας
1625 2717 1683 2751 τε
1733 2695 1893 2767 τῆςεο

333 2888 357 2927 6
389 2886 553 2930 Matth.
581 2889 645 2940 19,
673 2889 736 2931 12.
