1992 3186
534 145 841 187 DEMONST.
869 144 1091 187 EVANG.
1119 146 1175 187 v.
1197 144 1238 184 6.
1259 146 1300 186 7.
1639 141 1743 194 321

129 273 328 334 ζοντος.
397 262 814 335 ᾱζητουμένου
858 257 971 317 δε’
948 258 1055 334 άρα
1095 256 1232 316 κατὰ
1268 257 1396 316 τὸ“
1406 255 1570 324 αὐτὸς
1603 258 1741 328 εἷπε,

130 351 222 406 καὶ
254 345 632 421 ἐγενήθησαν,
664 342 827 411 αὐτὸς
859 348 1193 417 ἐνετείλατο,
1226 346 1317 400 καὶ
1350 340 1741 415 ἐκτίσθησαν,”

129 439 239 490 τίνι
266 429 370 505 τὴν
399 434 512 489 τῶν
541 434 825 504 γεννητῶν
865 431 1174 486 ἐντέταλται
1209 433 1605 502 δημιουργίαν,
1636 430 1744 484 νῦν

130 519 322 590 σαφῶς
355 511 803 573 ἀποδέδεικται”
772 539 854 571 οτι
878 516 956 590 τῷ
977 513 1218 586 φήσαντι
1239 508 1312 584 “ἡ
1343 519 1462 585 χείρ
1485 536 1592 584 μου
1618 514 1746 568 ἐθε-

84 623 107 655 5
130 609 366 673 μελίωσε
395 599 497 673 τὴν
537 602 643 675 γῆν
685 600 778 656 καὶ
819 594 854 671 ἡ
887 595 1040 665 δεξιά
1061 622 1170 670 μου
1196 600 1490 670 ἐστερέωσε
1519 594 1618 654 τόν
1648 620 1746 653 ου-

128 682 367 757 ρανόν·”
414 681 474 751 ὃς
505 687 598 742 καὶ
628 680 764 758 πρὸς
794 686 892 740 τοῦ
916 689 1225 756 κρείττονος
1250 679 1596 738 ἀπεστάλθαι
1619 678 1745 753 ὁμο-

130 777 284 842 λογεῖ
321 771 501 842 λέγων
534 764 681 827 “νῦν
721 766 909 839 κύριος
950 764 1139 839 κύριος
1180 765 1492 823 ἀπέσταλκέ
1514 789 1610 837 με,
1654 767 1747 822 καὶ
1771 787 1794 819 <1

128 851 190 910 τὸ
231 857 452 926 πνεῦμα
495 849 683 910 αὐτοῦ.
694 848 723 869 ”
807 856 854 908 6.
891 860 975 923 εἴη
1017 847 1071 907 δ’
1114 847 1185 907 ἂν
1215 849 1243 907 ὁ
1286 848 1417 917 θεὸς
1463 849 1623 921 λόγος
1654 851 1747 906 καὶ

127 940 299 994 ταῦτα
338 937 572 1010 φάσκων
602 933 834 1008 “ε’πειδὴ
878 938 953 1011 τῷ
997 932 1142 1010 λόγῳ
1185 941 1384 1008 κυρίου
1425 938 1482 991 οί
1516 932 1747 1007 οὐρανοὶ

69 1044 108 1074 ιο
133 1017 582 1095 ἐστερεῶθ-ησαν”
615 1018 752 1077 κατὰ
768 1018 871 1092 τὴν
895 1017 1004 1076 ἀπὸ
1027 1022 1126 1076 τοῦ
1147 1021 1383 1092 Ψαλμοῦ
1412 1016 1743 1091 παράθεσιν.

129 1103 275 1178 πλὴν
305 1102 444 1162 ἀλλὰ
476 1112 527 1162 εἰ
555 1106 646 1162 καὶ
678 1101 846 1171 αὐτὸς
876 1099 904 1160 ὅ
936 1106 1038 1161 τοῦ
1065 1106 1209 1160 θεοῦ
1247 1102 1406 1174 λόγος
1448 1106 1514 1177 τῇ
1556 1100 1747 1175 κύριος

128 1197 474 1262 θεολογεῐται
498 1195 858 1264 προσηγορίᾳ,
884 1186 1031 1261 ὅμως
1055 1187 1152 1244 τὸν
1170 1186 1433 1245 ἀνωτάτω
1449 1188 1541 1243 καὶ
1565 1192 1749 1260 κρείτ-

128 1297 262 1331 τονα
292 1276 501 1347 πατέρα
542 1272 715 1331 αὑτοῦ
756 1275 848 1330 καὶ
880 1271 1075 1346 κύριον
1108 1264 1168 1329 εὖ
1208 1270 1356 1345 μάλα
1387 1268 1628 1344 εὐσεβῶς
1660 1273 1747 1336 δὶς

131 1356 328 1431 κύριον
367 1355 541 1415 αὐτὸν
580 1354 879 1429 ἀνακαλεῖ,
920 1360 995 1434 τῷ
1039 1355 1292 1433 διαφόρῳ
1334 1354 1615 1429 χριόμενος
1658 1353 1741 1411 ἐπ’

68 1460 109 1492 15
133 1438 306 1498 αὐτοῦ
338 1438 578 1514 ὀνόματι.
642 1446 688 1498 7.
721 1444 813 1498 καὶ
853 1445 960 1498 νῦν
999 1439 1104 1512 γάρ
1136 1460 1274 1513 φησι
1299 1437 1528 1515 ῃ’κύριος
1560 1437 1749 1512 κύριος

130 1523 442 1582 ἀπέσταλκέ
466 1522 592 1598 με,”
628 1523 701 1593 ῶς
732 1520 802 1581 ἂν
834 1530 1038 1596 κυρίως
1078 1522 1239 1589 ὄντος
1269 1528 1369 1581 τοῦ
1402 1526 1490 1581 ἐπὶ
1523 1522 1750 1580 πάντων

130 1612 273 1666 θεοῦ
302 1608 523 1682 πρώτου
554 1611 647 1666 καὶ
677 1606 903 1681 ἀληθῶς
934 1613 1133 1680 κυρίου
1165 1604 1338 1664 αὐτοῦ
1369 1631 1429 1664 τε
1458 1613 1558 1664 τοῦ
1587 1630 1749 1680 μονο-

132 1697 330 1765 γενοῦς
363 1690 534 1750 αὐτοῦ
576 1691 775 1763 λόγου,
818 1695 910 1749 καὶ
939 1694 1051 1749 τῶν
1092 1690 1208 1764 μετ’
1255 1688 1426 1748 αὐτὸν
1465 1695 1751 1764 γεννητῶν

130 1775 412 1850 ἁπάντων,
444 1773 578 1834 καθ’
613 1769 693 1834 ῶν
725 1778 996 1850 δευτέρως
1025 1773 1128 1847 τὴν
1157 1782 1390 1848 κυρείαν
1418 1777 1511 1832 καὶ
1542 1781 1745 1833 δεσπο-
1770 1798 1860 1840 (232)

69 1867 286 1919 mvstav
329 1860 478 1933 παρὰ
515 1867 615 1919 τοῦ
655 1860 860 1934 πατρὸς
899 1856 927 1917 ὁ
969 1863 1068 1917 τοῦ
1114 1863 1256 1917 θεοῦ
1285 1859 1444 1932 λόγος
1475 1857 1747 1928 ἀναδεξά-

132 1967 321 2018 μενος,
374 1943 463 2002 οἷα
515 1944 742 2018 γνήσιος
793 1944 914 2010 υἱὸς
965 1946 1059 2002 καὶ
1105 1942 1436 2017 μονογενὴς,
1489 1943 1747 2017 δεύτερος

135 2027 356 2095 εἰκότως
385 2032 478 2087 καὶ
509 2027 673 2096 αὐτὸς
703 2025 774 2087 ἂν
806 2028 1050 2101 εὐσεβῶς
1081 2035 1396 2103 χρηματίζοι
1427 2026 1631 2103 κύριος.

644 2237 775 2296 Ἀπὸ
806 2242 902 2312 τῆς
934 2241 1232 2306 Γενέσεως.

130 2344 212 2395 Ὡς
233 2343 360 2389 καὶὸ
372 2344 604 2414 μέγιστος
626 2347 710 2388 τοῦ
733 2346 856 2388 θεοῦ
879 2341 1300 2415 θεράπωνΜωσῆς
1323 2341 1374 2389 ἐν
1390 2347 1444 2414 τῇ
1463 2347 1748 2416 κοσμοποιίᾳ

72 2412 114 2444 25
137 2398 242 2444 οἶδε
262 2400 444 2469 πατέρα
466 2399 548 2444 καὶ
571 2397 691 2445 θεὸν
712 2403 804 2444 τῶν
826 2395 947 2444 ολων
971 2397 1111 2456 ἑτέρῳ
1141 2400 1567 2471 κοινολογούμενον
1590 2397 1668 2444 ἐπὶ
1690 2402 1747 2455 τῇ

137 2458 220 2499 τοῦ
251 2452 513 2513 ἀνθρώπου
544 2458 852 2513 δημιουργίᾳ·
894 2457 976 2500 τὸν
1004 2460 1146 2502 θεῖον
1170 2455 1222 2500 δε
1253 2457 1393 2513 λόγον
1423 2459 1594 2500 τοῦτον
1617 2453 1747 2499 εἶναι

707 2512 1168 2570 προμεμαθήκαμεν.

264 2626 361 2675 Vll.
405 2611 554 2673 “Kal
597 2617 752 2674 εἶπεν
790 2615 818 2674 ὁ
859 2616 990 2684 θεὸς
1006 2662 1020 2689 ,
1075 2615 1392 2689 ποιήσωμεν
1440 2613 1748 2687 ἄνθρωπον

139 2695 262 2756 κατ’
297 2697 483 2756 εἰκόνα
511 2699 781 2773 ἡμετέραν
806 2703 896 2758 καὶ
921 2697 1054 2758 καθ’
1087 2696 1409 2774 ὁμοίωσιν.”
1464 2702 1555 2756 καὶ
1581 2690 1747 2767 αὖθις

253 2892 307 2931 29
341 2890 454 2933 Gen.
480 2893 516 2942 1,
542 2893 609 2933 26.

224 2973 450 3000 Eum-:mus
484 2973 558 3000 111.
1365 2961 1431 3011 21
