1992 3186
236 136 342 187 264
863 123 866 126 ’
914 136 1163 178 EUSEBJI

238 261 444 310 Μωσεῖ
480 253 1005 325 νενομοθετημένων
1048 254 1107 308 ἐν
1139 253 1350 326 ἑορταῖς
1397 256 1489 310 καὶ
1518 259 1846 326 νουμηνίαις
1886 307 1890 310 ,

238 338 329 393 καὶ
357 335 672 408 σαββάτοις,
707 333 770 400 δὶς
802 332 966 391 σκιάν
995 334 1138 392 εἶναι
1159 331 1400 410 ἡμερῶν,
1426 335 1549 394 ἀλλ’
1583 336 1684 411 οὐχ
1713 333 1847 410 ἡμέ-

238 445 338 494 ρας
378 419 406 477 ὁ
456 430 610 485 θεῖος
650 416 951 485 ἀπόστολος
1005 418 1268 477 διδάσκει.
1339 420 1480 494 μόνη
1532 422 1591 478 δὲ
1633 419 1772 494 αὕτη
1812 418 1845 494 ἡ

236 510 335 577 μία
365 501 599 577 κυριακὴ
639 507 738 560 τοῦ
780 508 1023 578 σωτῆρος
1063 499 1221 576 ἡμῶν
1250 502 1424 577 ἡμέρα
1455 503 1558 563 οὐκ
1590 508 1649 563 ἐν
1678 508 1844 562 παντὶ

237 587 384 663 τόπῳ
409 595 685 660 φωτίζειν,
720 584 841 644 ἀλλ’
871 591 930 645 ἐν
950 586 1142 661 μόναις
1166 603 1283 653 ταις
1308 588 1502 655 αὐλαις
1525 593 1623 647 τοῦ
1647 595 1845 663 κυρίου
1867 614 1889 646 5

237 673 501 728 λέλεκται.
576 676 660 728 21.
697 672 809 729 εἷεν
855 669 909 729 δ’
957 669 1028 730 ἀν
1074 697 1235 729 αυται
1267 697 1324 730 αι
1366 697 1502 730 κατα
1533 677 1718 731 πᾶσαν
1746 673 1847 746 τὴν

237 757 570 828 οἰκουμένην
609 780 707 813 του
749 759 994 830 Χριστου
1034 759 1345 828 ἐκκλησίαι,
1390 755 1514 824 ἑνὸς
1553 767 1710 815 οἴκου
1749 761 1848 814 τοῦ

238 844 380 897 θεοῦ
411 839 786 914 τυγχάνουσαι
818 839 1011 913 αὐλαὶ,
1056 844 1116 897 ἐν
1147 838 1232 906 αἷς
1273 839 1459 917 ἀγαπᾷ
1490 843 1581 898 καὶ
1613 847 1848 915 αἱρεῖται

190 948 211 981 d
237 935 741 999 παραρριπτεῖσθαι
791 921 820 981 ὁ
871 924 938 982 τὰ
988 928 1213 982 τοιαῦτα
1266 924 1455 998 είδῶς,
1507 925 1656 1000 παρὰ
1707 923 1848 983 πολύ

236 1015 521 1083 κρείττονα
560 1006 662 1082 τὴν
704 1012 765 1066 ἐν
804 1007 1028 1075 ταύταις
1082 1008 1374 1083 διατριβὴν
1424 1007 1847 1083 ἀποφηνάμενος
1871 1033 1914 1064 10

235 1096 330 1164 τῆς
373 1096 433 1150 ἐν
475 1107 588 1159 τοῖς
632 1091 954 1166 σκηνώμασι
994 1097 1106 1150 τῶν
1136 1089 1500 1168 ἁμαρτωλῶν·
1561 1100 1611 1151 εἰ
1647 1093 1720 1166 μὴ
1751 1091 1848 1160 τάς

235 1180 348 1234 τῶν
375 1173 660 1235 Ἰουδαίων
692 1174 1019 1250 συναγωγὰς
1051 1175 1148 1234 τὸν
1179 1176 1419 1251 Χριστὸν
1447 1181 1548 1235 τοῦ
1577 1181 1719 1235 θεοῦ
1749 1176 1850 1248 ἀρ-

236 1263 540 1334 νουμένας,
572 1257 607 1333 ἦ
638 1263 730 1318 καὶ
760 1260 855 1328 τάς
885 1267 997 1318 τῶν
1027 1257 1216 1319 ἀθέων
1258 1260 1590 1335 ἑτεροδόξων
1616 1263 1706 1318 καὶ
1736 1265 1849 1318 τῶν

237 1342 423 1403 ἄλλων
467 1342 717 1402 ἀπίστων
759 1349 976 1417 ἐθνῶν,
1020 1343 1161 1402 πολὺ
1205 1352 1455 1417 βελτίους
1499 1345 1640 1403 εἶναι
1679 1341 1713 1417 ἢ
1753 1342 1848 1412 τὰς

240 1432 529 1502 ἐκκλησίας
558 1433 658 1487 τοῦ
673 1434 914 1503 Χριστοῦ
933 1433 1038 1495 πᾶς
1068 1428 1096 1486 ὁ
1127 1428 1329 1497 ταύτας
1353 1429 1680 1503 αἱρούμενος
1710 1428 1847 1487 ἀπο·
1871 1451 1914 1484 15

240 1520 513 1586 φαίνεται.

858 1699 1093 1768 Ψαλμοῦ
1125 1694 1241 1769 πη’.

235 1798 440 1871 Χριστὸς
463 1798 691 1867 ὀνομαστὶ
715 1798 1101 1869 ἐξουδενημένος,
1125 1802 1207 1845 καὶ
1227 1796 1283 1844 τοὶ
1311 1803 1534 1870 αι’σχιστα
1551 1798 1846 1868 πεισόμενος,

314 1855 623 1915 ἀντάλλαγμά
645 1873 694 1902 τε
716 1853 866 1902 αυτοῦ
886 1855 1000 1908 λαὸς
1022 1854 1172 1901 αὐτοῦ
1194 1853 1288 1901 ὑπὸ
1311 1859 1404 1900 τῶν
1427 1853 1615 1912 ἐχθρῶν
1637 1852 1760 1901 ὀνει-
1869 1873 1912 1905 20

909 1910 1169 1968 διζόμενος.

357 2011 483 2074 “Συ
515 2017 578 2073 δε
608 2013 814 2072 ἀπῶσω
856 2018 948 2072 καὶ
981 2016 1384 2086 ἐξουδένωσας,
1429 2013 1707 2088 ἀνεβάλου
1751 2014 1848 2073 τὸν

120 2124 217 2164 (187)
236 2099 478 2173 Χριστον
509 2121 630 2170 σου,
664 2101 1031 2172 κατέστρεψας
1063 2097 1164 2170 τὴν
1198 2098 1476 2202 διαθήκην
1505 2106 1607 2156 τοῦ
1639 2098 1847 2156 δούλου

237 2202 354 2241 σου.
440 2182 791 2256 ἐβεβήλωσας
833 2189 908 2249 είς
947 2182 1049 2254 τὴν
1088 2187 1195 2255 γῆν
1231 2183 1289 2240 τὸ
1335 2182 1577 2256 ἁγίασμα
1629 2179 1843 2240 αυτοῦ”

123 2292 210 2335 [119]
235 2270 326 2325 καὶ
357 2266 424 2324 τὰ
447 2271 581 2340 ἑξῆς.
637 2275 718 2333 οἱς
745 2265 1014 2340 ἐπιλέγει
1021 2263 1338 2339 μνήσθητι,
1371 2266 1545 2340 κύριε,
1575 2269 1675 2323 τοῦ
1703 2265 1843 2323 ὀνει-
1867 2289 1910 2321 25

238 2355 440 2425 δισμοῦ
478 2355 589 2409 τῶν
632 2349 853 2408 δούλων
894 2369 1025 2420 σου,
1066 2343 1135 2407 οὗ
1174 2347 1416 2424 ὑπέσχον
1462 2355 1523 2407 ἐν
1550 2353 1628 2425 τῷ
1657 2348 1842 2426 κόλπῳ

234 2460 342 2510 μου
373 2438 594 2493 πολλῶν
626 2439 840 2507 ἐθνῶν,
871 2427 939 2492 οὗ
962 2433 1263 2491 ῶνείδισαν
1285 2439 1343 2491 οἱ
1370 2438 1567 2506 ἐχθροί
1592 2453 1712 2506 σου,
1745 2433 1845 2491 κύ-

236 2544 346 2594 ριε,
380 2512 450 2578 οὗ
481 2517 780 2577 ῶνείδισαν
809 2516 868 2576 τὸ
899 2515 1254 2590 ἀντάλλαγμα
1283 2522 1381 2575 τοῦ
1411 2520 1655 2590 Χριστοῦ
1685 2514 1842 2574 σου.”

362 2609 444 2662 22.
483 2608 692 2677 Σαφῶς
724 2604 786 2660 δὲ
816 2605 907 2660 καὶ
942 2607 1002 2660 ἐν
1025 2600 1233 2667 τούτοις
1266 2599 1294 2658 ὁ
1319 2600 1552 2673 Χριστὸς
1580 2598 1843 2674 ὀνομαστὶ

234 2687 665 2761 μνημονεύεται,
717 2690 807 2744 καὶ
848 2685 882 2759 ἡ
925 2684 1061 2743 κατά
1094 2678 1154 2742 τὸ
1196 2684 1377 2753 πάθος
1415 2682 1585 2743 αὐτοῦ
1625 2708 1842 2760 προφη-
1864 2710 1905 2742 30

348 2882 398 2919 21
433 2882 507 2923 Ps.
530 2881 599 2931 88,
623 2882 691 2921 38.
