1946 3158
208 119 279 173 54
891 119 1140 160 EUSEBII

198 235 615 310 Ἱεροσολύμοις,
648 232 771 292 ἀλλ’
808 238 869 292 ἐν
899 235 1065 291 παντὶ
1096 233 1247 311 τόπῳ
1279 231 1675 308 προσκυνεῖν.”
1725 236 1820 291 καὶ
1895 269 1899 272 -

208 320 404 395 τὸ“μὴ
446 326 734 396 λιβανωτῷ
775 322 868 376 καὶ
909 326 1166 391 θυσίαις,
1210 323 1269 376 έν
1310 342 1582 392 πνευματι
1626 319 1686 375 δὲ
1727 320 1820 375 καὶ

209 404 447 482 ἀλήθεια
478 402 879 478 θρησκεύειν”
944 407 1036 460 καὶ
1066 402 1168 460 ὅσα
1198 407 1424 460 τοιαῦτα
1458 407 1516 460 ἐν
1546 405 1613 477 τῇ
1644 401 1818 460 αὐτοῦ

209 493 434 564 φέρεται
467 496 825 564 διδασκαλίᾳ,
869 491 1160 560 πανσόφου
1203 479 1273 560 ἦν
1313 512 1572 560 αντικρυς
1613 490 1706 544 καὶ
1736 510 1820 543 τε·

209 574 492 632 λειοτατου
522 576 847 647 νομοθέτου.
908 577 986 630 13.
1015 572 1100 630 διὸ
1131 575 1223 630 καὶ
1253 579 1311 630 οι
1337 571 1678 645 ἀκροώμενοι
1711 575 1863 640 &ge-5

209 659 541 731 πλήττοντο,
585 661 761 732 φησὶν
791 657 824 730 ἡ
857 664 987 715 θεία
1016 656 1231 731 γραφὴ,
1278 653 1360 715 ὅτι
1393 661 1687 724 ἐδίδασκεν
1717 654 1821 712 αὐ-

209 743 335 811 τοὺς
383 739 455 810 ὥς
502 747 759 811 ἐξουσίαν
802 749 975 816 ἔχων,
1030 745 1122 799 καὶ
1161 739 1262 815 οὐχ
1294 741 1366 807 ὡς
1405 747 1462 798 οἱ
1487 753 1856 815 γραμματεῖς“

210 827 399 885 αὐτῶν
430 831 520 885 καὶ
553 833 610 885 oc
638 837 946 902 Φαρισαῖοι.
1009 829 1102 883 καὶ
1126 831 1284 883 τοῦτο
1316 832 1508 883 τοίνυν
1538 826 1597 882 τὸ
1629 834 1823 883 λεῖπον

207 916 276 987 τῇ
306 916 558 981 Μωσέως
590 919 898 986 προφητεία
942 911 1131 984 λόγιον
1161 909 1517 985 ἀπεπλήρου,
1560 906 1824 975 ὡσαύτως

213 999 273 1054 δὲ
303 1001 394 1054 καὶ
425 997 491 1055 τὰ
521 998 683 1055 λοιπὰ
707 1001 820 1054 τῶν
844 999 1198 1068 προφητειῶν
1220 999 1332 1053 τῶν
1367 997 1493 1068 περὶ
1528 991 1697 1052 αὐτοῦ
1730 996 1823 1050 καὶ
1846 1015 1887 1048 10

209 1084 335 1154 περὶ
367 1086 460 1155 τῆς
491 1087 596 1149 τῶς
629 1085 813 1140 έθνῶν
837 1081 1080 1154 κλήσεως
1104 1086 1470 1152 θεσπίσματα.
1517 1083 1597 1137 14.
1630 1082 1826 1151 γέγονε

209 1173 404 1224 τοίνυν
435 1165 723 1239 πληρωτὴς
764 1169 864 1223 τοῦ
894 1165 1068 1238 νόμον
1100 1167 1192 1221 καὶ
1222 1169 1335 1221 τῶν
1365 1166 1696 1236 προφητῶν,
1728 1162 1825 1229 τὰς

211 1254 336 1324 περὶ
371 1253 576 1308 ἑαυτοῦ
605 1250 937 1325 προρρήσεις
962 1256 1039 1316 εἰς
1063 1252 1232 1322 πέρας
1253 1247 1508 1320 ἀγαγών’
1545 1250 1637 1304 καὶ
1667 1249 1826 1321 μέχρι

210 1336 314 1408 μὲν
344 1332 515 1393 αὐτοῦ
559 1334 758 1409 στήσας
798 1332 895 1392 τὸν
939 1333 1208 1407 πρότερον
1252 1331 1451 1405 νόμον,
1495 1327 1731 1405 ἀρχηγὸς
1764 1331 1826 1387 δὲ

209 1419 517 1494 ἀναφανεὶς
551 1422 814 1493 δευτέρου
844 1422 943 1476 τοῦ
971 1434 1083 1484 τοῖς
1114 1421 1283 1475 πᾶσιν
1306 1424 1498 1474 ἔθνεσι
1529 1423 1824 1489 κατηγγελ·
1849 1434 1891 1467 15

210 1507 383 1577 μένου
423 1509 518 1577 τῆς
557 1507 750 1577 καινῆς
793 1501 1067 1575 διαθήκης
1108 1501 1313 1575 νόμου,
1358 1497 1431 1567 ὥς
1470 1499 1612 1573 ὁμοῦ
1651 1500 1826 1573 νόμου

212 1591 300 1646 καὶ
333 1586 502 1662 αρχῆς
545 1598 722 1646 αἴτιον
762 1592 1099 1660 καταστῆναι
1138 1591 1250 1644 τῶν
1283 1591 1442 1643 δυειν
1471 1584 1822 1656 ὑποθέσεων,

204 1673 558 1747 Ἰουδαϊσμοῦ
606 1676 748 1746 λέγω
800 1675 891 1729 καὶ
946 1673 1393 1747 Χριστιανισμοῦ.
1477 1667 1507 1726 ὃ
1548 1671 1640 1726 καὶ
1693 1665 1826 1726 αυτό

212 1758 521 1832 θαυμαζειν
550 1756 722 1830 αξιον,
754 1755 857 1830 τῂν
886 1763 1053 1814 θείαν
1075 1754 1384 1830 πρόρρησιν
1409 1754 1523 1810 ωδέ
1549 1776 1663 1820 πως
1695 1752 1827 1809 ἀνα-

213 1847 518 1915 φωνοῦσαν
539 1839 732 1913 “ίδου,
785 1847 979 1914 τίθημι
1034 1844 1093 1898 ἐν
1151 1838 1301 1897 Σιων
1341 1845 1506 1896 λίθον
1550 1836 1824 1908 ἐκλεκτὸν,
1849 1859 1890 1891 20

215 1925 648 2001 ακρογωνιαῖον,
681 1933 926 1997 ἔντιμον
974 1927 1066 1982 καὶ
1090 1920 1118 1982 ὃ
1143 1922 1421 1982 πιστεύων
1453 1929 1530 1990 είς
1562 1919 1732 1980 αυτὸν
1761 1920 1828 1980 οὐ

217 2007 800 2084 καταισχυνθήσεταιῖ

346 2100 426 2153 15
469 2102 563 2161 Τίς
607 2093 658 2151 δ’
696 2119 765 2152 αν
813 2104 896 2166 εἰή
927 2091 1346 2167 ακρογωνιαῑοις
1391 2089 1424 2165 ἢ
1466 2084 1624 2158 οὗτος
1661 2115 1691 2148 ο
1723 2093 1829 2160 ζῶν

215 2182 307 2236 καὶ
339 2186 704 2252 πολυτίμητος
728 2186 887 2244 λίθος
917 2185 1050 2251 μίαν
1083 2183 1142 2235 ἐκ
1169 2184 1328 2235 δυεῖν
1352 2182 1661 2250 οἰκοδομῶν
1691 2173 1828 2232 ὑπο-

216 2263 554 2337 στησάμενος
608 2261 700 2321 δια
751 2267 846 2336 τῆς
898 2260 1074 2320 αὐτοῦ
1126 2267 1513 2331 διδασκαλίας;
1565 2258 1670 2332 τὴν
1719 2258 1825 2333 γὰρ
1849 2279 1892 2311 25

217 2352 469 2416 Μωσέως
499 2350 686 2423 μέχρις
719 2345 890 2405 αὐτοῦ
921 2357 1341 2421 παραταθεῖσαν
1373 2345 1595 2418 στήσας,
1631 2347 1690 2400 ἐκ
1719 2354 1830 2400 θα-

218 2436 381 2507 τέρου
411 2435 611 2507 μέρους
643 2433 743 2506 τὴν
774 2431 1044 2505 ἡμετέραν
1077 2434 1419 2503 έπισυνῆψεν
1458 2429 1559 2502 τὴν
1599 2425 1829 2485 κατὰτὸ

222 2516 544 2591 εὐαγγέλιον
585 2516 899 2591 οἰκοδομήν.
974 2520 1053 2574 16.
1086 2513 1225 2574 ὅθεν
1266 2513 1487 2581 εἰκότως
1527 2512 1828 2585 ἀκρογωνι-

221 2618 339 2670 αιος
371 2599 699 2676 ωνόμασται.
771 2605 861 2660 καὶ
906 2605 966 2660 ἐν
1007 2608 1241 2674 ψαλμοῖς
1285 2600 1347 2656 δε
1387 2607 1598 2671 εἰρηται
1629 2593 1833 2654 “λίθον

218 2683 284 2742 ὃν
322 2685 741 2761 ἀπεδοκίμασαν
789 2692 846 2745 οἱ
890 2687 1336 2759 οἰκοδομοῦντες,
1387 2707 1546 2750 ουτος
1586 2680 1828 2755 ἐγενήθη
1851 2701 1892 2732 30

333 2881 494 2922 201Es.
517 2882 585 2934 28,
610 2883 676 2922 16.
850 2882 904 2921 29
936 2879 1011 2920 Ps.
1037 2880 1132 2930 118,
1159 2880 1230 2919 22.
