1992 3186
262 143 368 195 384
945 139 1191 180 EUSEBII

265 258 445 317 πάντα
474 257 540 314 τὰ
565 264 704 327 ἔθνη
738 257 826 310 ἐπὶ
848 252 1203 327 Ἰερουσαλὴμ
1229 261 1306 321 εἰς
1330 253 1588 328 πόλεμον,
1619 257 1712 311 καὶ
1734 250 1874 311 ἁλώ-

266 363 415 400 σεται
445 340 479 413 ἡ
521 338 706 410 πόλις,
751 340 843 394 καὶ
876 337 1346 409 διαρπαγήσονται
1377 343 1439 396 αἱ
1464 344 1663 410 οἰκίαι,
1695 340 1787 395 καὶ
1818 344 1880 396 αἱ

266 439 524 499 γυναῖκες
564 421 1045 496 μολυνθ-ήσονται,
1087 425 1178 478 καὶ
1223 420 1564 491 ἐξελεύσεται
1602 420 1661 479 τὸ
1703 420 1876 496 ἥμισυ

266 518 360 582 τῆς
384 508 594 574 πόλεως
620 510 681 565 ἐν
704 511 1068 580 αἰχμαλωσίᾳ,
1100 510 1157 563 οί
1185 507 1247 564 δὲ
1272 505 1593 564 κατάλοιποι
1614 509 1716 564 τοῦ
1738 509 1878 563 λαοῦ

158 618 244 660 [176]
271 618 377 668 μου
418 590 484 649 οὐ
525 591 597 665 μὴ
643 593 1116 662 ἐξολοθρευθῶσι,
1157 593 1249 648 καὶ
1291 589 1629 659 ἐξελεύσεται
1668 589 1876 664 κύριος,
1901 615 1921 647 5

266 680 358 735 καὶ
408 674 773 749 παρατάξεται
827 677 887 732 ἐν
938 688 1052 741 τοῖς
1102 681 1330 732 ἔθνεσιν
1383 677 1639 746 ἐκείνοις,
1691 674 1880 740 καθώς

265 759 441 836 ἡμέρα
471 758 822 831 παρατάξεως
853 757 1027 816 αὐτοῦ
1054 763 1114 816 ἐν
1137 756 1311 834 ἡμέρᾳ
1335 761 1592 832 πολέμου.
1637 759 1730 815 καὶ
1753 756 1879 828 στή-

268 866 458 904 σονται
489 848 546 901 οἱ
572 842 739 909 πόδες
770 840 941 900 αὐτοῦ
966 847 1026 900 ἐν
1048 850 1114 916 τῇ
1145 842 1320 919 ἡμέρᾳ
1354 846 1536 916 ἐκείνῃ
1562 844 1650 899 ἐπὶ
1672 840 1733 898 τὸ
1754 839 1880 915 ὅρος

221 963 236 984 c
267 935 378 987 τῶν
421 931 620 986 ἐλαιῶν
659 925 719 984 τὸ
763 931 1053 984 κατέναντι
1076 924 1434 999 Ἰερουσαλὴμ
1475 930 1528 995 ἐξ
1574 925 1880 998 ἀνατολῶν,

267 1017 359 1072 καὶ
391 1011 751 1086 σχισθήσεται
781 1010 841 1068 τό
870 1010 998 1084 ὅρος
1027 1018 1139 1069 τῶν
1164 1016 1392 1083 ἐλαιῶν,
1423 1011 1483 1068 τὸ
1507 1009 1677 1084 ἥμισυ
1708 1007 1880 1068 αὐτοῦ
1904 1037 1944 1068 10

270 1096 405 1171 πρὸς
446 1094 715 1162 άνατολάς
758 1099 851 1152 καὶ
879 1093 940 1152 τὸ
981 1093 1152 1168 ἥμισυ
1184 1094 1358 1152 αὐτοῦ
1389 1095 1524 1167 πρὸς
1563 1093 1880 1165 θάλασσαν,

270 1182 397 1255 χάος
437 1182 577 1254 μέγα
617 1178 866 1253 σφόδρα,
920 1183 1012 1236 καὶ
1052 1188 1235 1236 κλινεῖ
1271 1179 1331 1236 τὸ
1371 1178 1541 1252 ἥμισυ
1581 1183 1679 1235 τοῦ
1718 1175 1882 1251 ὅρους

270 1265 405 1339 πρὸς
453 1264 551 1322 τὸν
596 1266 800 1337 βορρᾶν
846 1266 938 1320 καὶ
979 1263 1038 1320 τὸ
1086 1261 1255 1336 ἥμισυ
1307 1262 1481 1319 αὐτοῦ
1523 1262 1658 1335 πρὸς
1701 1260 1880 1320 νότον.

270 1356 318 1407 2.
355 1351 447 1406 καὶ
491 1347 943 1421 ἐμφραχθήσεται
982 1344 1015 1419 ἡ
1059 1346 1244 1413 κοιλὰς
1275 1354 1386 1404 τῶν
1416 1344 1592 1418 ὀρέων
1622 1370 1759 1419 μου,
1791 1348 1884 1402 καὶ

274 1431 737 1507 ἐγκολληθήσεται
791 1431 824 1504 ἡ
878 1430 1094 1504 φάραγξ
1146 1429 1324 1504 ὀρέων
1369 1434 1470 1498 ἕως
1504 1429 1738 1504 Ἀσαὴλ,
1791 1432 1884 1487 καὶ
1907 1455 1948 1488 15

274 1515 726 1591 ἐμφραχθήσεται
767 1514 832 1573 ὃν
871 1515 1077 1589 τρόπον
1120 1514 1396 1590 ἐνεφράγη
1436 1514 1543 1572 ἀπὸ
1583 1512 1884 1589 προσώπου

271 1605 371 1660 τοῦ
401 1603 630 1674 σεισμοῦ
671 1603 731 1657 ἐν
774 1596 1000 1673 ἡμέραις
1024 1599 1198 1668 Ὀζίου
1239 1601 1507 1671 βασιλέως
1532 1596 1729 1658 Ἰούδα.
1792 1599 1885 1654 καὶ

272 1688 539 1759 παρέσται
570 1683 759 1759 κύριος
790 1684 818 1741 ὁ
850 1684 984 1751 θεός
1014 1709 1121 1757 μου
1153 1686 1244 1740 καὶ
1273 1683 1474 1750 πάντες
1505 1689 1562 1741 οἱ
1587 1682 1733 1756 ἅγιοι
1762 1678 1880 1755 μετ’

273 1769 462 1827 αὐτοῦ.
507 1771 600 1825 καὶ
632 1775 784 1826 ἔσται
816 1772 876 1825 ἐν
909 1772 1092 1842 ἐκείνῃ
1122 1773 1188 1842 τῇ
1219 1765 1414 1842 ἡμέρᾳ,
1445 1765 1547 1825 οὐκ
1571 1773 1722 1824 ἔσται
1745 1771 1883 1838 φῶς,

274 1853 411 1911 ἀλλὰ
443 1857 616 1926 ψῦχος
647 1854 740 1909 καὶ
780 1852 953 1924 πάγος
996 1859 1146 1909 ἔσται
1184 1857 1317 1924 μίαν
1347 1848 1572 1924 ἡμέραν.
1643 1855 1690 1907 3.
1724 1851 1815 1907 καὶ
1846 1847 1947 1921 7‘120

232 1961 251 1992 d
275 1935 449 2011 ἡμέρα
483 1941 665 2008 ἐκείνη
696 1935 915 2007 γνωστὴ
947 1942 1022 2011 τῷ
1054 1941 1258 2010 κυρίῳ,
1302 1937 1394 1991 καὶ
1426 1932 1525 2008 οὐχ
1556 1934 1759 2008 ἡμέρα,
1792 1936 1884 1991 καὶ

276 2019 398 2093 οὐχὶ
427 2020 562 2091 νὺξ,
597 2018 656 2075 τὸ
687 2019 823 2092 πρὸς
855 2021 1094 2092 ἑσπέραν
1127 2025 1276 2075 ἐσται
1308 2043 1441 2091 φως.
1517 2021 1610 2076 καὶ
1641 2025 1793 2076 ἔσται
1823 2021 1885 2076 ἐν

275 2111 341 2179 τῇ
365 2103 540 2203 ἡμέρᾳ
561 2107 766 2175 ἐκείνῃ,
787 2101 1127 2170 ἐξελεύσεται
1139 2100 1292 2176 ὕδωρ
1319 2109 1424 2171 ζῶν
1443 2106 1496 2170 ἐξ
1513 2099 1884 2178 Ἰερουσαλήμ.

275 2189 335 2245 τὸ
379 2187 547 2261 ἥμισυ
592 2185 765 2244 αὐτοῦ
807 2193 883 2253 εἰς
922 2187 1022 2259 τὴν
1063 2185 1357 2244 θάλασσαν
1395 2185 1498 2259 τὴν
1526 2186 1762 2294 πρωτην
1791 2188 1884 2244 καὶ

277 2272 333 2328 τὸ
366 2289 534 2344 ημισυ
576 2267 751 2328 αὐτοῦ
793 2277 868 2337 εἰς
910 2270 1011 2342 τὴν
1056 2270 1348 2328 θάλασσαν
1377 2269 1480 2343 τὴν
1512 2269 1759 2343 ἐσχάτην.
1825 2273 1885 2327 ἐν
1907 2295 1949 2328 25

276 2358 434 2429 θέρει
465 2357 556 2411 καὶ
590 2358 650 2412 ἐν
681 2362 799 2428 ἔαρι
842 2362 991 2412 ἔσται
1021 2353 1211 2422 οὕτως.
1282 2357 1374 2412 καὶ
1406 2360 1555 2412 ἔσται
1586 2353 1774 2428 κύριος
1807 2360 1884 2420 εἰς

278 2441 504 2512 βασιλέα
529 2441 616 2496 ἐπὶ
639 2442 823 2496 πᾶσαν
853 2437 954 2512 τὴν
984 2442 1109 2512 γῆν,
1143 2442 1202 2496 ἐν
1224 2442 1292 2512 τῇ
1316 2437 1493 2513 ἡμέρᾳ
1521 2441 1702 2512 ἐκείνῃ
1734 2444 1885 2496 ἔσται

277 2523 465 2597 κύριος
499 2520 603 2595 εἷς,
646 2525 738 2580 καὶ
778 2522 838 2580 τὸ
869 2521 1041 2596 ὄνομα
1073 2521 1242 2581 αὐτοῦ
1283 2527 1372 2595 ἓν,
1415 2529 1659 2581 κυκλοῦν
1699 2525 1885 2580 πᾶσαν

277 2609 378 2680 τὴν
407 2611 513 2679 γῆν
543 2610 635 2664 καὶ
664 2607 766 2679 τὴν
797 2606 1034 2681 ἔρημονῖ

403 2696 450 2747 4.
486 2690 646 2748 Μετὰ
674 2691 776 2763 τὴν
805 2691 1029 2765 πρώτην
1059 2699 1381 2764 πολιορκίαν
1411 2695 1505 2764 τῆς
1528 2690 1884 2765 Ἰερουσαλὴμ
1905 2716 1947 2750 30

280 2778 370 2830 καὶ
401 2768 503 2845 τὴν
533 2779 777 2850 παντελῇ
807 2783 1138 2850 καθαίρεσιν
1163 2775 1332 2848 αὐτῆς
1363 2779 1455 2832 καὶ
1479 2775 1755 2849 ἐρήμωσιν
1783 2773 1884 2846 τὴν

279 2855 387 2913 ὑπὸ
414 2864 791 2929 Βαβυλωνίων
822 2863 913 2916 καὶ
944 2884 1077 2933 μετα
1108 2859 1208 2931 τὴν
1233 2856 1338 2916 άπὸ
1369 2863 1463 2932 τῆς
1494 2867 1756 2932 πολεμίας
1786 2865 1883 2931 γῆς
