1992 3186
256 96 360 149 648
567 63 570 66 ⁴
936 95 1183 137 EUSEBII

256 215 609 287 πυρουμένας
648 214 741 268 καὶ
781 212 1224 284 δοκιμαζομένας.
1298 216 1379 269 16.
1411 209 1550 270 ὅθεν
1579 209 1606 269 δ
1632 210 1866 281 Ἀκύλας

249 295 526 371 “ἔρριψα”
574 295 756 368 φήσας
791 293 890 353 “vd
936 292 1207 369 ἀργύριον
1259 298 1319 352 ἐν
1358 299 1436 372 τῷ
1484 307 1618 372 οἴκῳ
1665 302 1866 371 κυρίου

206 405 229 438 d
258 380 393 455 πρὸς
423 380 519 437 τὸν
548 378 835 452 πλάστην”
869 382 1060 452 σαφῶς
1087 377 1338 436 διδάσκει
1359 379 1434 447 ’ὦς
1451 386 1549 437 τοῦ
1573 380 1740 455 λόγου
1769 385 1866 439 τοῦ

254 471 418 524 θείου
451 470 615 538 δίκην
645 463 893 522 πλάστου
923 467 1310 531 κατοικοῦντος
1343 470 1420 531 εἰς
1450 462 1548 522 τὸν
1586 465 1741 523 οἷκον
1771 490 1866 522 κυ-

255 557 400 624 ρίου,
433 551 525 606 καὶ
547 548 878 615 πλάττοντος
909 551 1001 606 καὶ
1033 546 1401 616 άνανεοῦντος
1430 548 1524 616 τὰς
1555 552 1667 607 τῶν
1695 567 1868 623 προσ-
1889 571 1912 604 5

255 632 456 691 ιόντων
496 631 692 707 ψυχάς.
764 631 911 706 πλὴν
951 632 1073 690 ἀλλ’
1112 636 1335 706 ἐπείπερ
1378 630 1410 706 ἡ
1442 633 1569 706 τιμὴ
1599 638 1699 691 τοῦ
1728 657 1870 692 τετι-

253 720 504 792 μημένου
537 724 614 785 εἰς
646 721 862 775 ἐκεῖνον
891 725 1303 791 μεταβληθεῖσα
1325 715 1422 775 τὸν
1452 717 1606 775 οἷκον
1630 720 1871 791 βέβηλον
1903 719 1906 722 ’

254 801 426 860 αὐτὸν
449 801 839 875 κατεστήσατο,
866 801 1088 869 εἰκότως
1114 799 1284 868 εὐθυς
1303 804 1543 875 ἐπιλέγει
1557 798 1689 859 “nal
1706 799 1870 874 ἀπέρ-

255 901 392 962 ριψα
439 887 543 959 τὴν
594 885 807 962 ῥάβδον
856 886 959 959 τὴν
1011 888 1279 960 δευτέραν
1327 885 1387 944 τὸ
1436 893 1727 966 σχοίνισμα
1774 889 1874 944 τοῦ

258 970 619 1029 διασκεδάσαι
649 971 752 1044 τὴν
785 971 1065 1045 διαθήκην
1095 970 1201 1028 ἀνὰ
1233 974 1403 1045 μέσον
1430 969 1610 1029 Ἰούδα
1640 974 1734 1028 καὶ
1764 968 1871 1029 ἄνα
1894 994 1936 1026 10

254 1059 426 1129 μέσον
452 1053 719 1131 Ἰσραήλ.”
796 1059 850 1124 ἐξ
893 1061 1111 1114 ἐκείνου
1151 1055 1255 1129 γάρ
1297 1080 1380 1113 τοι
1418 1056 1478 1113 τὸ
1518 1060 1734 1128 πλῆθος
1774 1058 1874 1112 τοῦ

255 1146 460 1206 ἔθνους
500 1138 780 1213 ἀπερρίφη
822 1143 917 1213 τῆς
948 1139 1119 1197 πάλαι
1149 1138 1420 1213 πρότερον
1453 1138 1737 1214 ἐφορώσης
1769 1138 1873 1196 αὐ-

253 1249 383 1292 τους
415 1228 715 1297 ἐπισκοπῆς
746 1229 844 1282 τοῦ
875 1229 1030 1282 θεοῦ.
1077 1227 1346 1296 δευτέραν
1374 1225 1435 1281 δε
1462 1224 1726 1299 ῥάβδον
1699 1229 1872 1296 ηγοῦ-

254 1334 353 1383 μαι
382 1308 442 1366 τὸ
474 1315 585 1366 πᾶν
617 1306 839 1380 άθρόως
863 1307 1166 1367 Ἰουδαίων
1181 1315 1346 1376 ἔθνος
1387 1312 1633 1366 ἐνταῦθα
1667 1314 1872 1382 &⁷220ss—

255 1404 405 1451 σθαι.
478 1402 638 1449 καλει
677 1391 728 1449 δ’
775 1394 889 1450 οὐν
920 1392 1097 1466 αυτὴν
1148 1400 1468 1467 σχοίνισμα,
1519 1390 1745 1466 λέγων(
1749 1389 1871 1466 ’τὴν
1893 1414 1935 1447 15

144 1500 217 1541 (48
206 1501 232 1541 )
257 1485 392 1551 μίαν
421 1477 653 1535 ἐκάλεσα
677 1476 895 1551 κάλλος,
929 1481 1019 1535 καὶ
1044 1475 1145 1550 τὴν
1171 1481 1438 1552 δευτέραν
1463 1476 1694 1535 ἐκάλεσα
1725 1483 1872 1551 σχοί-

255 1561 494 1635 νισμα.”.
547 1564 639 1619 καὶ
672 1567 863 1634 σαφῶς
896 1565 1134 1635 ἐπιλέγει
1175 1566 1303 1636 περὶ
1343 1566 1437 1636 τῆς
1469 1565 1732 1635 δευτέρας
1761 1560 1872 1635 φά-

257 1665 408 1704 σκων
441 1643 572 1704 “scal
618 1645 897 1718 ἀπέρριψα
935 1645 1038 1719 τὴν
1089 1645 1301 1722 ῥάβδον
1348 1646 1451 1720 τήν
1503 1649 1772 1719 δευτέραν
1809 1644 1870 1704 τὸ

257 1738 570 1804 σχοίνισμα,
601 1734 704 1788 τοῦ
729 1730 1092 1788 διασκεδάσαι
1122 1730 1224 1803 τὴν
1257 1730 1536 1804 διαθήκην
1565 1729 1672 1788 άνά
1701 1733 1870 1803 μέσον

143 1831 231 1874 [300]
249 1814 431 1873 Ἰούδα
462 1818 555 1873 καὶ
578 1813 685 1873 άνά
712 1818 883 1888 μέσον
909 1813 1180 1888 Ἰσραήλ.”
1228 1820 1308 1873 18.
1334 1807 1485 1872 οὗτοι
1514 1814 1620 1887 γὰρ
1642 1806 1786 1886 ἦσαν
1809 1813 1868 1871 τὸ
1893 1838 1935 1870 20

254 1907 547 1974 σχοίνισμα
571 1902 663 1957 καὶ
686 1901 719 1972 ἡ
752 1899 958 1975 ῥάβδος
981 1897 1015 1971 ἡ
1042 1902 1287 1971 δευτέρα.
1333 1895 1366 1970 ἡ
1394 1900 1456 1954 δὲ
1479 1900 1717 1972 προτέρα
1742 1897 1869 1955 κάλ-

254 1992 348 2050 λος
373 1982 737 2057 ὠνομασμένη
761 1981 885 2040 οὐδ’
910 1982 1048 2055 ἄλλη
1072 1985 1285 2054 γένοιτο
1309 1978 1379 2040 ἂν
1402 1986 1496 2055 τῆς
1512 1981 1870 2055 Ἰερουσαλὴμ

254 2066 456 2139 αὐτῆς,
489 2071 582 2124 καὶ
612 2070 706 2139 τῆς
737 2066 874 2124 κατα
898 2069 1111 2124 Μωσέα
1134 2074 1417 2140 λατρειάς,
1449 2066 1665 2140 ἁπάσης
1693 2090 1751 2124 τε
1773 2073 1869 2139 τῆς

255 2154 491 2217 παλαιᾶς
525 2149 810 2223 διαθήκης.
884 2156 964 2209 19.
999 2153 1090 2207 καὶ
1129 2154 1290 2208 τοῦτο
1323 2153 1383 2208 δὲ
1425 2155 1477 2219 ἐξ
1510 2150 1678 2224 αὐτῆς
1709 2158 1869 2225 παρί-

255 2254 449 2292 σταται
501 2240 597 2308 τῆς
638 2242 976 2309 προφητείας
1017 2233 1313 2308 φησάσης(
1319 2238 1434 2292 ‘nal
1483 2234 1724 2308 λήψομαι
1765 2234 1868 2307 τὴν
1891 2257 1934 2290 25

205 2345 228 2377 b
256 2318 470 2392 ῥάβδον
508 2344 616 2392 μου
659 2343 760 2421 την
800 2318 1005 2392 καλην,
1059 2321 1150 2377 καὶ
1191 2318 1484 2393 ἀπορρίψω
1526 2317 1730 2391 αὐτὴν,
1769 2322 1911 2377 τοῦ

256 2403 619 2462 διασκεδάσαι
661 2428 762 2477 την
808 2404 1089 2476 διαθήκην
1127 2428 1250 2477 μου.
1367 2401 1499 2478 ὁρᾷς
1531 2429 1604 2470 ως
1635 2428 1736 2476 την
1765 2405 1868 2477 μὲν

255 2487 538 2590 διαθήκην
568 2487 742 2546 αὑτοῦ
770 2488 873 2561 τὴν
903 2489 1116 2563 ῥάβδον
1162 2495 1370 2560 ἔφησεν
1412 2489 1554 2546 εἶναι
1583 2487 1686 2560 τὴν
1715 2485 1869 2562 προό-

253 2596 383 2645 την,
435 2572 537 2645 τὴν
581 2574 641 2630 δε
682 2575 950 2645 δευτέραν
996 2572 1206 2647 ῥάβδον
1245 2574 1305 2629 τὸ
1351 2579 1669 2646 σχοίνισμα,
1722 2571 1867 2645 πλὴν

253 2653 568 2730 ἀμφοτέρας
590 2655 686 2723 τάς
708 2656 950 2732 ῥάβδους
972 2656 1303 2731 ἀπορρίψειν
1326 2656 1558 2728 ἀπειλεῖ,
1584 2656 1865 2729 προειπών
1889 2678 1930 2710 3ο

253 2739 525 2813 πρότερον
557 2737 686 2798 “noel
731 2741 973 2815 λήψομαι
1027 2744 1245 2817 ἐμαυτῷ
1296 2740 1397 2798 δύο
1441 2740 1710 2815 ῥάβδους,
1761 2737 1864 2812 τὴν

253 2830 390 2896 μίαν
415 2823 646 2882 ἐκάλεσα
669 2824 883 2897 κάλλος,
915 2829 1004 2883 καὶ
1030 2825 1131 2899 τὴν
1155 2827 1422 2896 δευτέραν
1455 2825 1685 2883 ἐκάλεσα
1715 2829 1862 2898 σχοί-
