1992 3186
250 142 352 194 318
925 142 1172 183 EUSEBH

206 282 225 314 b
250 256 528 331 ὑπουργὸς
565 251 636 330 ἧν
677 255 878 328 αὐτοῦ,
921 254 1060 313 ῶστε
1102 259 1556 360 ἐπικελευομένου
1599 262 1698 313 τοῦ
1738 264 1860 331 μεί-

253 349 402 410 ζονος
434 340 604 398 αὐτὸν
631 347 1007 441 δημιουργεῖν,
1045 343 1166 413 ἑξῆς
1191 339 1327 398 κατα
1349 341 1446 399 τὸν
1468 340 1715 415 παρόντα
1741 344 1859 398 ἐπι-

252 427 396 498 λε’γει
427 425 659 498 Ψαλμὸν
682 420 1025 497 “φοβηθη’τω
1056 423 1152 482 τὸν
1176 423 1370 499 κύριον
1393 431 1539 482 πᾶσα
1569 422 1602 498 ἡ
1633 429 1723 498 γῆ,
1755 424 1852 483 ὑπ’

253 507 426 566 αὐτοῦ
467 511 526 565 δὲ
566 508 1002 581 σαλευθήτωσαν
1042 507 1242 575 πάντες
1283 514 1340 567 οὗ
1365 513 1747 576 κατοικοῦντες
1777 515 1859 566 οἰ-

252 595 558 665 κουμένην,
601 591 683 650 ὅτι
734 590 896 658 αὐτὸς
942 592 1086 665 εἶπε,
1130 595 1222 649 καὶ
1274 592 1650 666 ἐγενήθησαν,
1697 591 1859 659 αὐτὸς
1881 626 1901 658 5

253 679 583 748 ἐνετείλατο,
617 679 708 733 καὶ
742 679 1100 749 ἐκτίσθησαν.
1108 674 1140 696 ”

376 765 424 817 4.
472 760 771 867 Πρόδηλον
801 759 905 835 γὰρ
938 786 1010 828 ως
1041 760 1069 818 ὁ
1102 762 1280 834 λέγων
1321 763 1489 837 ἑτέρῳ
1520 763 1668 834 λέγει
1710 763 1800 818 καὶ
1831 757 1860 819 ὁ

252 832 636 918 ἐντελλόμενος
668 847 834 922 ἑτέρῳ
875 844 1004 919 παρ’
1059 844 1257 902 ἑαυτὸν
1290 847 1608 902 ἐντέλλεται.
1671 849 1861 918 σαφῶς

253 929 313 985 δε
356 931 444 985 ἐπὶ
484 932 552 1002 τῇ
597 935 694 987 τοῦ
744 935 986 1004 σωτῆρος
1026 929 1183 1003 ἡμῶν
1226 928 1648 1003 ε’νανθρωπήσει
1689 935 1860 1003 μυρία

250 1011 439 1085 πλήθη
495 1017 554 1070 ἐκ
593 1012 772 1087 πάσης
811 1019 906 1086 τῆς
948 1019 1075 1086 γῆς,
1121 1012 1270 1072 τοῦτ’
1317 1021 1467 1071 ἔστιν
1509 1017 1560 1081 ἐξ
1599 1010 1860 1071 ἁπάντων
1883 1046 1923 1078 10

213 1129 228 1149 e
253 1102 363 1154 τῶν
396 1099 483 1154 ε’πὶ
515 1102 610 1170 τῆς
640 1104 739 1170 γῆς
774 1101 988 1168 ἐθνῶν,
1021 1095 1203 1155 οὐκέτι
1236 1097 1308 1164 ῶς
1338 1096 1397 1155 τὸ
1421 1099 1554 1170 πρὶν
1584 1096 1710 1165 τοὺς
1743 1103 1860 1154 δαί-

250 1204 449 1253 μονας,
490 1179 613 1238 ἀλλ’
658 1179 830 1238 αὐτὸν
872 1181 1124 1255 ἐφοβήθη
1156 1180 1254 1239 τὸν
1293 1180 1487 1254 κύριον
1520 1180 1766 1255 Ἰησοῦν,
1809 1187 1857 1240 5.

251 1263 453 1332 πάντες
478 1289 536 1321 τε
566 1270 622 1322 οἱ
648 1272 1030 1333 κατοικοῦντες
1060 1265 1161 1338 τὴν
1192 1267 1525 1339 οἰκουμένην
1558 1265 1860 1339 ἐσαλεύθη-

251 1369 358 1405 σαν
391 1351 479 1405 ἐπὶ
509 1355 584 1425 τῷ
615 1355 712 1407 τοῦ
745 1355 987 1422 Χριστοῦ
1018 1347 1262 1423 ὀνόματι,
1294 1349 1617 1417 ἀκολούθως
1648 1353 1722 1426 τῶ
1755 1354 1862 1407 νῦν

251 1432 522 1503 φάσκοντι
561 1439 729 1510 λογίῳ
763 1430 1108 1507 “φοβηθήτω
1147 1434 1244 1491 τὸν
1283 1433 1478 1508 κύριον
1517 1438 1665 1491 πᾶσα
1706 1433 1738 1506 ἡ
1770 1439 1853 1507 γῆ.
1882 1465 1922 1497 15

250 1515 349 1574 ἀπ’
388 1515 559 1574 αὐτοῦ
592 1519 653 1574 δὲ
684 1517 1122 1591 σαλευθήτωσαν
1153 1517 1353 1585 πάντες
1394 1523 1451 1576 οἱ
1477 1521 1859 1586 κατοικοῦντες

251 1602 351 1673 τὴν
381 1599 767 1675 οἰκουμένην.”

378 1691 425 1744 6.
479 1691 661 1743 Ταῦτα
711 1687 813 1759 μὲν
864 1678 968 1744 οὖν
1021 1690 1078 1743 ἐκ
1129 1690 1227 1744 τοῦ
1269 1685 1330 1759 β’
1373 1688 1463 1743 καὶ
1505 1685 1561 1743 λ’
1609 1691 1856 1759 Ψαλμοῦ.

251 1768 526 1842 σύμφωνα
568 1771 630 1827 δὲ
670 1769 883 1837 τούτοις
917 1768 1099 1844 εὕροις
1129 1769 1199 1828 ἄν
1238 1772 1330 1827 καὶ
1365 1773 1424 1827 ἐν
1454 1768 1590 1843 ρμη’
1627 1773 1857 1846 Ψαλμῷ,
1919 1809 1927 1813 -

250 1851 309 1920 ὃς
341 1853 594 1911 διδάσκει
629 1851 694 1911 οὗ
735 1854 801 1911 τὰ
841 1857 965 1924 περὶ
998 1859 1104 1927 γῆν
1132 1852 1302 1927 μόνα,
1344 1851 1482 1909 ἄλλα
1513 1855 1604 1910 καὶ
1636 1853 1702 1910 τὰ
1733 1852 1850 1910 κατ’
1879 1885 1921 1917 20

252 1936 493 2011 οὐρανὸν
543 1942 635 1996 καὶ
688 1937 1012 2009 συλλήβδην
1061 1937 1283 1994 ἅπασαν
1330 1935 1431 2010 τὴν
1490 1945 1669 1995 κτίσιν
1732 1936 1853 1994 κατ’

253 2023 598 2078 ἐπικέλευσιν
630 2027 727 2077 τοῦ
757 2025 870 2077 τῶν
900 2018 1046 2078 ὅλων
1075 2026 1215 2078 θεοῦ
1246 2023 1549 2093 γεγονέναι.
1625 2023 1769 2094 λέγει
1803 2019 1857 2079 δ’

203 2126 225 2157 «1
251 2097 353 2160 οὖν
377 2101 619 2161 “advehe
649 2104 745 2161 τὸν
775 2102 968 2178 κύριον
996 2108 1053 2161 ἐκ
1083 2109 1194 2161 τῶν
1219 2105 1495 2177 οὐρανῶν,
1528 2111 1732 2164 αἰνεῖτε
1756 2104 1859 2162 αὐ-

250 2187 346 2245 τὸν
377 2191 439 2245 ἐν
477 2201 589 2255 τοῖς
631 2187 911 2256 ὑψίστοις·
969 2194 1171 2246 αἰνεῖτε
1203 2185 1375 2246 αὐτὸν
1405 2188 1606 2256 πάντες
1637 2187 1858 2261 ἄγγελοι

251 2268 451 2343 αὐτοῦ,
485 2278 689 2329 αἰνεῖτε
720 2271 889 2329 αὐτὸν
919 2276 1089 2330 πᾶσαι
1121 2277 1182 2329 αἱ
1220 2271 1483 2346 δυνάμεις
1523 2271 1723 2346 αὐτοῦ,
1770 2278 1857 2330 αἰ-
1880 2301 1920 2334 25

252 2369 396 2413 νεῖτε
436 2355 609 2413 αὐτὸν
647 2353 798 2428 ἥλιος
837 2358 927 2413 καὶ
970 2355 1199 2430 σελήνη,
1243 2363 1447 2415 αἰνεῖτε
1478 2353 1648 2414 αὐτὸν
1678 2354 1857 2413 πάντα

250 2439 313 2496 τὰ
344 2438 518 2511 ἄστρα
551 2443 641 2497 καὶ
671 2440 732 2498 τὸ
776 2444 923 2513 φῶς,
966 2437 1048 2497 ὅτι
1080 2439 1243 2507 αὐτὸς
1276 2440 1425 2512 εἶπε,
1467 2442 1559 2497 καὶ
1592 2439 1857 2513 ἐγενήθη·

140 2543 226 2584 [1451
255 2542 387 2595 σαν,
421 2523 584 2592 αὐτὸς
618 2528 949 2598 ἐνετείλατο,
982 2527 1073 2582 καὶ
1109 2522 1499 2597 ἐκτίσθησαν.”

380 2613 423 2664 7.
457 2615 531 2665 Ed
572 2608 674 2682 γὰρ
708 2607 869 2676 αὐτὸς
903 2611 1231 2679 ἐνετείλατο,
1275 2611 1366 2664 καὶ
1395 2614 1477 2675 τίς
1507 2601 1578 2680 ἦν
1607 2606 1635 2666 ὁ
1667 2611 1856 2665 τοσοῦ-

251 2715 339 2758 τος
391 2691 463 2758 ῶς
511 2692 613 2764 τὴν
665 2696 791 2768 περὶ
831 2696 942 2750 τῶν
993 2691 1332 2765 τηλικούτων
1375 2692 1601 2766 ἐντολὴν
1651 2688 1855 2749 ὑποδέ-
1878 2719 1920 2751 30

364 2886 416 2924 23
449 2885 521 2924 ΡΞ.
548 2885 641 2937 148,
669 2888 705 2926 1,
