1946 3158
102 605 123 636 5

78 1027 118 1058 10

79 1452 118 1483 15

78 1875 118 1906 20

589 133 897 175 DEMONST.
926 133 1148 175 EVANG.
1180 134 1238 173 11.
1274 135 1311 174 1.
1689 131 1755 182 79

591 247 673 306 θ’.
729 246 862 306 Ἀπὸ
892 247 990 306 τοῦ
1020 254 1314 322 Ζαχαρίου

147 354 352 401 Πάντων
372 357 466 400 τῶν
485 354 658 408 ἐθνῶν,
681 356 762 400 καὶ
782 373 872 399 των
890 373 1021 410 παρα
1041 351 1224 405 πάντας
1243 350 1756 410 ὃεισιὸαιιιονεστάτων

146 413 439 478 Αἰγυπτίων,
478 413 561 455 τοῦ
598 410 747 467 μόνου
784 413 866 456 καὶ
901 397 1120 466 ἀληθοῦς
1156 413 1278 456 θεοῦ
1308 413 1388 456 καὶ
1421 414 1504 465 τῆς
1526 409 1648 454 κατὰ
1672 408 1756 455 τὸν

176 472 318 513 θεῖον
341 465 488 524 νόμον
509 471 838 524 πνευματικῆς
856 471 1077 523 λατρείας
1100 484 1147 511 τε
1169 469 1251 513 καὶ
1275 464 1438 524 ἑορτῆς
1461 467 1724 523 ἐπίγνωσις.
1780 475 1803 508 d

212 569 396 630 ·‘20.
401 568 533 630 οΚαὶ
565 579 746 645 ἔσται,
788 570 908 629 όσοι
938 570 1008 628 ἄν
1040 576 1492 646 καταλειφθῶσιν
1524 575 1582 629 ἐκ
1613 571 1756 629 πάν-

143 682 255 714 των
283 662 396 715 τῶν
438 661 624 715 ἐθνῶν
656 661 775 764 τῶν
821 655 1104 714 ἐλθόντων
1136 660 1222 714 ἐπὶ
1249 653 1630 732 Ἰερουσαλὴμ,
1663 660 1755 713 καὶ

143 740 519 814 ἀναβήσονται
550 739 668 799 κατ’
709 739 965 799 ἐνιαυτὸν
1005 744 1107 798 τοῦ
1136 745 1519 815 προσκυνῆσαι
1549 749 1624 799 τῶ
1656 748 1753 814 βα-

143 835 288 884 σιλεῖ
336 835 512 925 κυρίῳ
557 825 991 900 παντοκράτορι,
1041 829 1134 882 καὶ
1185 833 1280 884 τοῦ
1330 826 1603 898 ἑορτάζειν
1653 826 1754 900 τὴν

143 909 340 984 ἑορτὴν
369 915 463 984 τῆς
494 918 884 1012 σκηνοπηγίας.
941 912 1032 967 καὶ
1065 917 1235 983 ἐσται,
1266 909 1386 968 ὅσοι
1416 909 1486 968 ἂν
1515 910 1589 984 μὴ
1621 936 1754 968 ανα-

141 1000 319 1068 βῶσιν
351 999 409 1053 ἐκ
449 995 628 1069 πάσης
667 999 763 1067 τῆς
793 1000 974 1068 φυλῆς
1003 999 1099 1067 τῆς
1142 999 1242 1069 γῆς
1273 1002 1351 1064 εἰς
1373 993 1745 1070 Ιερουσαλὴμ,
1776 1017 1843 1060 [32]

141 1084 524 1154 προσκυνῆσαι
575 1083 652 1158 τῷ
702 1087 919 1153 βασιλεῖ
959 1087 1136 1157 κυρίῳ
1178 1080 1609 1154 παντοκράτορι,
1662 1084 1752 1137 καὶ

143 1162 300 1222 αὐτοὶ
353 1167 582 1231 ἐκείνοις
635 1164 1128 1240 προστεθήσονται.
1209 1170 1294 1222 21.
1340 1165 1436 1222 ἐὰν
1490 1166 1550 1222 δὲ
1602 1164 1753 1237 φυλὴ

142 1248 434 1321 Αἰγύπτου
473 1249 546 1323 μὴ
588 1246 800 1324 άναβῇ,
857 1251 997 1324 μηδὲ
1043 1255 1215 1325 ἔλθῃ,
1259 1252 1350 1307 καὶ
1395 1251 1484 1307 ἐπὶ
1523 1247 1753 1315 τούτους

143 1341 294 1391 ἔσται
334 1333 366 1406 ἡ
412 1338 645 1407 πτῶσις,
689 1331 759 1408 ἣν
799 1335 1025 1404 πατάξει
1065 1333 1255 1407 κύριος
1286 1334 1464 1392 πάντα
1494 1333 1560 1391 τά
1592 1339 1752 1406 ἔθνη,

140 1415 243 1475 ὅσα
274 1413 344 1475 ἂν
373 1417 447 1491 μὴ
475 1417 657 1493 ἀναβῇ
697 1421 797 1477 τοῦ
834 1417 1091 1492 ἑορτάσαι
1122 1418 1222 1491 τῆν
1255 1417 1453 1493 ἑορτὴν
1491 1422 1586 1491 τῆς
1617 1438 1753 1491 σκη-

141 1509 437 1575 νῡπηγίας,
492 1500 630 1575 αὕτη
689 1509 841 1561 ἔσται
880 1502 912 1576 ἡ
953 1505 1192 1577 ἁμαρτία
1231 1502 1552 1576 Αἰγύπτου,
1594 1506 1686 1560 καὶ
1715 1501 1748 1575 ἡ
1776 1518 1843 1559 (48)

141 1583 379 1659 ἁμαρτία
419 1585 646 1645 πάντων
684 1593 796 1645 τῶν
843 1591 1055 1660 ἐθνῶν,
1096 1586 1199 1644 ὅσα
1230 1584 1300 1644 ἂν
1336 1588 1410 1661 μῆ
1441 1587 1624 1660 ἀναβῇ
1654 1594 1752 1644 τοῦ

143 1669 401 1780 ἑορτάσαι
440 1671 542 1744 τὴν
574 1671 769 1746 ἑορτὴν
807 1677 904 1745 τῆς
947 1672 1378 1770 σκηνοπηγιάς.”
1441 1677 1525 1729 22.
1560 1675 1752 1745 σαφῶς

140 1759 231 1815 καὶ
263 1760 435 1814 ταῦτα
465 1761 663 1829 κλῆσιν
686 1755 950 1814 απάντων
973 1760 1084 1815 τῶν
1117 1760 1304 1814 ἐθνῶν
1326 1759 1584 1830 περιέχει,
1617 1756 1753 1813 κατὰ

144 1839 398 1899 διάνοιαν
439 1840 617 1914 μόνην
655 1844 1067 1922 θεωρουμένων
1105 1845 1217 1899 τῶν
1257 1844 1383 1913 περὶ
1422 1846 1516 1914 τῆς
1555 1840 1751 1913 Ἰερου-

140 1925 321 2028 σαλὴμ
365 1928 457 1983 καὶ
498 1929 594 1998 τῆς
634 1933 1011 2000 σκηνοπηγίας
1051 1929 1387 2001 εἰρημένων,
1428 1951 1461 1982 α
1495 1929 1585 1983 καὶ
1615 1950 1752 1983 κατα

140 2010 336 2084 καιρὸν
365 2015 460 2083 τῆς
491 2010 878 2086 προσηκούσης
909 2010 1212 2080 τεύξεται
1185 2019 1495 2086 ερμηνείας.

617 2179 675 2238 ι’.
733 2178 863 2238 Ἀπὸ
894 2183 993 2238 τοῦ
1017 2176 1264 2238 Ἠσαίου.

213 2282 426 2343 Δήλωσις
448 2289 531 2344 τῆς
560 2290 654 2331 τῶν
675 2283 949 2332 αποστόλων
973 2283 1168 2345 ἐκλογῆς
1190 2289 1271 2332 καὶ
1295 2289 1378 2344 τῆς
1402 2290 1493 2331 τῶν
1516 2283 1697 2332 ἐθνῶν

832 2343 1054 2402 κλήσεως.

266 2451 350 2505 23.
375 2446 405 2467 “
423 2453 598 2506 Τοῦτο
629 2451 850 2522 πρῶτον
881 2455 1004 2522 πίε,
1046 2446 1189 2522 ταχὺ
1223 2455 1382 2506 ποίει.
1455 2446 1605 2521 χώρα
1636 2457 1749 2505 Ζα-
1778 2471 1797 2502 b

141 2532 380 2606 βουλῶν,
413 2528 445 2605 ἡ
475 2536 914 2607 γῆΝεφθαλεὶμ,
947 2535 1039 2591 καὶ
1062 2538 1119 2590 οἱ
1146 2534 1328 2590 λοιποὶ
1359 2537 1416 2590 οἱ
1441 2531 1541 2606 τὴν
1571 2555 1749 2604 παρα-

140 2623 268 2674 λίαν
312 2619 488 2691 πέραν
527 2622 626 2675 τοῦ
651 2617 964 2691 Ἰορδάνου,
1006 2624 1276 2676 Γαλιλαία
1317 2619 1429 2674 τῶν
1474 2619 1688 2690 ἐθνῶν,
1720 2616 1749 2673 ὁ

142 2699 270 2768 λαός
315 2697 343 2758 ὁ
386 2701 701 2776 καθήμενος
742 2707 800 2760 ἐν
851 2701 1060 2776 σκότει,
1117 2708 1262 2760 ι”δετε
1312 2705 1430 2775 φῶς
1470 2705 1636 2775 μέγα·
1696 2705 1754 2759 οἶ

254 2899 279 2937 5
309 2896 448 2937 Zach.
474 2897 540 2948 14,
564 2898 630 2937 16.
806 2898 859 2937 26
892 2899 966 2937 Es.
992 2899 1033 2949 9,
1061 2900 1097 2938 l.
