1992 3186
583 146 888 188 DEMONST.
922 146 1143 191 EVANG.
1175 147 1254 187 IX.
1286 149 1324 188 5.
1641 145 1743 198 577

135 268 232 335 τῆς
256 260 464 337 ἐρῄμου
488 261 865 365 κηρῦσσουσα,
896 258 929 335 ἢ
952 276 1066 329 τοῖς
1092 263 1543 334 ἐκπορευομένοις
1565 259 1746 335 ὄχλοις

137 349 518 420 βαπτισθῆναι
556 344 658 404 ὑπ’
694 344 886 420 αὐτοῦ,
919 371 993 412 ως
1028 349 1274 418 ἑρπετοῖς
1307 344 1511 419 ἐρήμου
1541 345 1746 420 τυγχά-

136 450 351 504 νουσιν,
376 437 592 498 οἰκείως
607 434 683 508 τῷ
715 430 1052 505 γεννήματα
1077 434 1331 504 ἐχιδνῶν,
1355 437 1437 497 τίς
1457 426 1747 498 ὑπέδειξεν

105 511 274 617 ,ὑμῖν
304 531 510 589 φυγεῖν
540 514 648 574 ἀπὸ
666 522 760 589 τῆς
783 515 1090 589 μελλούσης
1121 512 1336 588 ὀργῆς;’
1343 511 1557 573 ’πάλιν
1586 540 1645 572 τε
1676 517 1748 572 αὐ

93 623 115 656 5
137 601 232 668 τὰς
263 601 486 667 σκολιὰς
528 600 706 675 ψυχὰς
748 607 826 667 είς
867 599 1094 666 εὐθείας
1137 601 1229 656 καὶ
1259 598 1354 664 τὰς
1384 605 1639 701 τραχείας
1672 606 1749 665 εἰς

134 682 301 752 ὁδοὺς
330 691 480 751 λείας
509 684 988 758 μετασκευάζουσα
1012 690 1219 758 ἔφασκε
1241 696 1355 750 τοῖς
1378 682 1564 750 αὐτοῖς
1610 681 1749 742 ‘22:00-

135 767 303 842 ήσατε
347 770 452 829 οὐν
495 769 742 841 καρποὺς
782 767 968 838 ἀξίους
1007 774 1103 841 τῆς
1142 773 1449 842 μετανοίας.
1458 765 1490 788 ”
1565 773 1612 826 4.
1656 771 1744 826 καὶ

136 852 310 910 ταῦτά
351 878 414 926 γε
454 862 801 912 συνετελεῖτο
833 851 1452 926 προπαρασκευάζοντος
1489 850 1748 911 Ἰωάννου

137 937 264 1004 τοὺς
293 936 602 1011 ὀψομένους
631 937 734 1010 τὴν
764 936 933 1006 δόξαν
955 944 1174 1011 κυρίου,
1206 940 1298 994 καὶ
1320 935 1379 994 τὸ
1403 935 1751 1011 καλούμενον

74 1045 116 1077 10
138 1022 414 1095 σωτήρων
442 1027 541 1080 τοῦ
570 1026 732 1094 θεοῦ,
763 1019 867 1079 ουκ
897 1020 1068 1080 ἄλλον
1097 1020 1248 1079 ὄντα
1261 1026 1358 1079 τοῦ
1381 1026 1643 1094 Χριστοῦ,
1678 1019 1750 1088 ὠς

139 1105 431 1180 ἐμαρτύρει
456 1105 666 1179 λέγων“
671 1105 803 1179 ‘5706
826 1130 928 1180 μεν
950 1105 1093 1179 ὑμᾶς
1115 1105 1280 1163 ῦδατι
1304 1113 1567 1178 βαπτίζω,
1599 1112 1747 1180 ἔρχε-
1772 1130 1864 1170 (429)

136 1214 226 1247 ται
247 1187 354 1248 δὲ’
329 1215 358 1248 ο
385 1190 734 1265 ἰσχυρότερός
757 1214 864 1263 μου
886 1187 1065 1248 ὀπίσω
1089 1214 1215 1263 μου,
1248 1192 1316 1248 οὑ
1338 1187 1442 1248 οῦκ
1467 1193 1577 1263 εἰμὶ
1601 1189 1750 1258 ἄξιος

137 1273 204 1331 τὰ
253 1274 585 1348 ὑποδήματα
638 1274 938 1348 βαστασαι,
993 1272 1156 1342 αὐτὸς
1206 1271 1350 1348 ὑμᾶς
1394 1281 1649 1347 βαπτίσει
1692 1279 1751 1332 ἐν

137 1357 411 1433 πνεύματι
439 1356 579 1437 ἁγίῳ
611 1362 703 1418 καὶ
735 1357 926 1432 πυρί.”
968 1364 1016 1417 5.
1048 1356 1109 1425 ὃς
1139 1361 1231 1416 καὶ
1257 1359 1395 1417 ι’δών
1418 1357 1515 1416 τὸν
1536 1359 1752 1433 Ἰησοῦν

75 1466 116 1498 15
142 1442 438 1517 ἐρχόμενον
459 1442 824 1518 ἀνεφώνησεν
846 1440 970 1502 “ἰδὲ
991 1440 1021 1501 6
1044 1441 1214 1516 ἀμνὸς
1238 1450 1336 1502 τοῦ
1358 1447 1499 1501 θεοῦ
1522 1441 1551 1501 6
1576 1453 1752 1516 αἴρων

136 1528 240 1600 τὴν
278 1527 553 1601 ἁμαρτίαν
591 1533 691 1587 τοῦ
732 1527 958 1602 κόσμου.
1037 1520 1196 1595 οῦτός
1237 1532 1351 1586 ἐστι
1381 1531 1508 1600 περὶ
1538 1521 1605 1586 οῦ
1646 1527 1751 1598 ἐγώ

139 1611 317 1684 εἷπον,
341 1611 518 1670 ὀπίσω
541 1637 649 1686 μου
673 1619 888 1686 ἔρχεται
917 1611 1080 1685 ἀνὴρ,
1110 1609 1170 1678 ὃς
1190 1615 1508 1685 ἔμπροσθέν
1530 1637 1638 1685 μου
1662 1614 1748 1685 γε’-
1779 1636 1864 1678 [2671

139 1695 323 1768 γονε.”
371 1697 469 1756 τὸν
499 1696 670 1755 αὐτὸν
702 1698 764 1754 δὲ
795 1698 938 1757 εἶναι
967 1695 1025 1754 τὸ
1059 1695 1333 1770 σωτήριον
1362 1702 1460 1754 τοῦ
1490 1700 1631 1754 θεοῦ
1661 1700 1752 1754 καὶ

138 1777 167 1838 ὁ
199 1780 441 1854 Συμεών
473 1781 874 1855 ἐμαρτύρησεν,
906 1779 964 1847 ὃς
996 1780 1186 1852 λαβὼν
1218 1783 1307 1838 ἐπὶ
1337 1794 1457 1848 ταῖς
1488 1780 1753 1853 ἀγκάλαις

76 1888 117 1920 20
139 1866 345 1938 βρέφος
374 1862 508 1924 ὄντα
537 1864 634 1923 τόν
655 1865 871 1938 Ἰησοῦν
902 1872 1008 1938 ἔφη
1032 1862 1178 1923 “susm
1201 1861 1459 1934 ἀπολύεις
1492 1865 1589 1923 τὸν
1625 1870 1754 1926 δοῦ-

140 1948 239 2007 λόν
269 1967 402 2021 σου,
435 1952 702 2022 δέσποτα,
734 1950 872 2008 κατὰ
901 1948 961 2008 τὸ
993 1948 1139 2023 ῥῆμά
1171 1968 1302 2022 σου,
1328 1952 1387 2007 ἐν
1426 1949 1639 2025 εἰρήνῃ,
1670 1949 1754 2007 ὅτι

143 2035 296 2092 εἶδον
326 2038 383 2091 οἱ
408 2034 695 2108 ὀφθαλμοί
721 2058 829 2108 μου
858 2033 920 2092 τὸ
948 2033 1221 2107 σωτήριόν
1241 2054 1362 2106 σου,
1394 2030 1424 2090 ὂ
1454 2033 1754 2107 ἡτοίμασας

140 2116 279 2175 κατὰ
308 2117 607 2190 πρόσωπον
643 2119 871 2177 πάντων
908 2143 1021 2176 των
1052 2123 1234 2190 λαων,
1276 2143 1395 2191 φως
1437 2125 1513 2186 εἰς
1545 2116 1755 2178 ἀποκά-
1780 2144 1801 2175 b

142 2211 313 2270 λυψιν
344 2206 545 2261 ἐθνῶν.
552 2200 584 2222 ”
646 2209 694 2260 6.
728 2201 811 2271 οἷς
840 2202 1075 2261 συνάδει
1095 2202 1233 2260 καὶ
1211 2227 1239 2260 ο
1264 2202 1551 2276 προφήτης
1583 2202 1755 2262 εἰπων

76 2308 118 2340 25
151 2283 262 2344 καὶ
302 2285 495 2355 όψεται
535 2292 685 2345 πᾶσα
725 2286 860 2360 σὰρξ
902 2288 963 2344 τὸ
996 2285 1269 2359 σωτήριον
1308 2291 1409 2344 τοῦ
1438 2286 1632 2345 θεοῦ.”
1695 2286 1754 2344 τὸ

141 2370 245 2443 γὰρ
277 2375 425 2428 πᾶσα
456 2370 589 2447 σὰρξ
620 2371 744 2430 ἀντὶ
760 2371 1003 2430 ,πάντων
1034 2380 1248 2443 εἴρηται
1287 2395 1400 2428 των
1443 2375 1641 2429 ἐθνῶν
1707 2376 1751 2427 7.

141 2453 290 2521 ὅπως
321 2456 382 2512 δὲ
411 2459 584 2513 ταῦτα
614 2459 806 2523 τέλους
838 2463 997 2529 ἔτυχε
1019 2457 1112 2511 καὶ
1140 2454 1208 2512 τὰ
1233 2460 1373 2527 ἔθνη
1403 2454 1500 2512 τὸν
1515 2453 1756 2524 Χριστὸν

146 2540 358 2609 ἐπέγνω
387 2541 489 2596 τοῦ
516 2543 659 2597 θεοῦ
686 2544 917 2613 μακρτ”ν
947 2536 1013 2596 οὐ
1048 2544 1137 2595 δεῖ
1165 2537 1360 2610 λόγων.
1434 2542 1524 2596 καὶ
1558 2537 1622 2595 τοὶ
1653 2540 1755 2611 μὲν

146 2621 283 2694 ῥητὰ
326 2627 523 2680 τοῦτον
569 2626 870 2695 ἐπληροῦτο
923 2622 1020 2680 τὸν
1063 2621 1294 2693 τρόπον·
1379 2632 1434 2679 τί
1482 2620 1535 2680 δ’
1581 2616 1651 2695 ἦν
1695 2622 1754 2680 τὸ

81 2732 123 2765 30
146 2716 324 2763 αἴτιον
354 2709 453 2764 τοῦ
481 2705 555 2779 μὴ
589 2710 649 2764 ἐν
680 2705 898 2778 πόλεσι,
939 2704 1071 2779 μηδ’
1113 2703 1200 2763 ἐπ’
1235 2703 1403 2778 αὐτῆς
1434 2711 1529 2779 τῆς
1552 2706 1756 2778 Ἰερου-

261 2902 313 2941 15
342 2900 414 2940 Jo.
438 2903 475 2951 1,
500 2901 566 2941 ²29.
742 2902 796 2941 20
828 2901 941 2943 Luc.
965 2902 1006 2947 2,
1030 2902 1099 2946 29.

231 2982 458 3012 EUSEBIUS
491 2983 567 3010 111.
1376 2970 1443 3022 37
