1946 3158
236 146 335 198 112
839 167 850 175 -
905 145 1154 187 EUSEBII

185 288 209 310 20
233 269 351 337 φῶς
393 260 801 337 διερμηνεύων,
847 262 938 317 καὶ
981 260 1084 332 τὴν
1124 267 1307 318 αἰτίαν
1345 264 1440 335 τῆς
1470 258 1839 330 άποπτώσεως

233 346 419 406 αὐτῶν
459 346 737 422 παριστάς.
821 346 1014 417 ἐπειδὴ
1071 344 1176 420 γὰρ
1235 348 1335 403 τοῦ
1378 351 1622 419 σωτῆρος
1682 345 1839 421 ἡμῶν

236 432 593 534 διδάσκοντος
626 434 686 489 ἐν
717 428 905 496 αὐτοῖς
935 427 1274 498 ἀκούσαντες
1307 428 1407 488 ὠσὶ
1445 436 1694 498 διανοίας
1722 430 1837 534 ‚ofin

232 515 508 618 ἤκουσαν,
533 514 667 573 οὐδε
699 517 952 587 συνῆκαν
990 511 1138 581 ὅστις
1167 507 1265 588 ἦν,
1313 513 1524 582 ἰδόντες
1568 517 1627 573 δὲ
1667 513 1837 574 αὐτὸν

234 621 436 675 σαρκος
482 597 822 673 ὀφθαλμοῖς,
864 613 977 666 τοῖς
1029 602 1124 672 τῆς
1170 604 1347 672 ψυχῆς
1405 597 1470 657 οὐ
1522 603 1880 709 τεθέανται,5

218 691 219 694 ’
243 682 557 759 “ἐπάχυνάν
586 707 644 742 τε
687 686 901 741 ἑαυτῶν
941 681 1042 756 τὴν
1083 690 1351 756 καρδίαν,
1389 685 1481 741 καὶ
1539 687 1838 758 μονονουχὶ

230 794 356 836 τους
399 767 728 842 ὀφθαλμοὺς
768 772 863 840 τῆς
905 774 1155 834 διανοίας
1196 774 1439 842 ἔμυσαν,
1481 770 1574 825 καὶ
1613 793 1679 826 τα
1725 793 1837 826 ωτα

232 850 569 928 ἐβάρυναν,”
615 852 689 920 ὥς
729 872 903 926 φησιν
955 850 987 926 ἡ
1039 859 1376 927 προφητεία,
1424 850 1628 910 τούτου
1675 852 1839 928 χάριν

233 937 700 1012 ἐρημωθήσεσθαι
731 934 918 995 αὐτῶν
947 956 1084 1010 φησι
1117 937 1211 1004 τὰς
1241 936 1428 1005 πόλεις
1459 937 1607 1012 παρὰ
1659 939 1719 995 τὸ
1762 939 1836 1012 μὴ

181 1051 205 1082 b
230 1033 627 1095 κατοικεῖσθαι,
660 1024 751 1079 καὶ
781 1020 884 1094 τὴν
913 1025 1021 1095 γῆν
1050 1020 1389 1094 γενήσεσθαι
1421 1026 1654 1095 ἔρημον,
1698 1029 1838 1095 βρα-
1859 1046 1901 1078 10

229 1122 342 1180 χεϊς
375 1111 439 1165 δέ
465 1132 619 1174 τινας
652 1111 705 1175 ἐξ
738 1103 924 1165 αὐτῶν
953 1105 1506 1179 ὑπολειφθήσεσθαι,
1553 1112 1717 1180 δίκην
1747 1131 1836 1180 yo-

229 1199 395 1265 νίμου
437 1194 529 1248 καὶ
579 1190 836 1265 ζωπύρου
881 1194 1190 1265 σπέρματος
1237 1193 1729 1265 πεφυλαγμένους,
1785 1198 1842 1249 οἳ

229 1278 321 1332 καὶ
353 1282 429 1342 είς
461 1276 671 1342 πάντας
701 1275 1071 1350 προελθόντες
1119 1272 1457 1350 ἀνθρώπους
1498 1274 1838 1349 πληθυνθή-

230 1370 431 1418 σεσθαι
464 1363 552 1418 ἐπὶ
584 1366 681 1433 τῆς
711 1363 810 1433 γῆς
831 1362 1099 1432 λέγονται.
1145 1365 1226 1416 86.
1242 1357 1389 1433 πλὴν
1419 1356 1558 1416 άλλόι
1589 1362 1680 1417 καὶ
1700 1359 1836 1434 μετὰ

224 1443 331 1517 τὴν
359 1443 603 1519 πρόοδον
631 1443 844 1502 τούτων
883 1441 1068 1502 αὐτῶν
1111 1444 1324 1517 δηλαδὴ
1363 1447 1476 1501 τῶν
1515 1440 1837 1503 ἀποστόλων
1858 1467 1900 1501 15

224 1534 326 1586 ’τοῦ
370 1532 616 1603 σωτῆρος
671 1525 830 1602 ἡμῶν
879 1536 958 1587 ἔτι
1010 1531 1185 1602 φησὶν
1227 1525 1315 1586 ἐπ’
1358 1525 1526 1601 αὐτῆς
1566 1533 1660 1602 τῆς
1705 1526 1835 1587 Ἰου-

227 1619 393 1680 δαίας
414 1612 594 1688 χώρας
625 1620 905 1687 διαμεῖναι
935 1612 995 1671 τὸ
1027 1615 1370 1686 ἐπιδέκατον,
1394 1615 1486 1670 καὶ
1506 1612 1642 1687 μετὰ
1660 1617 1834 1671 ταῦτα

230 1691 397 1764 αὖθις
430 1704 659 1756 ἔσεσθαι
691 1696 894 1764 αὐτοὺς
935 1703 1013 1764 εἰς
1053 1697 1340 1770 προνομὴν
1379 1696 1452 1763 ὡς
1491 1698 1834 1771 τερέβινθος,

225 1785 322 1839 καὶ
354 1778 425 1849 ὦς
456 1782 695 1854 βάλανος
726 1781 860 1840 ὅταν
891 1783 1095 1856 ἐκπέσῃ
1127 1786 1221 1853 τῆς
1260 1780 1439 1853 θήκης
1479 1778 1664 1854 αὐτῆς.
1726 1805 1835 1840 πα-

223 1873 443 1941 ρίστησι
477 1868 556 1939 δὲ,
591 1866 663 1933 ὡς
704 1866 874 1939 οἶμαι,
909 1864 1000 1922 διὰ
1040 1863 1253 1922 τούτων
1286 1864 1314 1922 ὁ
1347 1864 1534 1938 λόγος,
1560 1863 1659 1923 ὅτι
1698 1866 1834 1940 μετὰ
1855 1891 1896 1924 20

229 1952 332 2024 τὴν
354 1949 580 2025 πρώτην
595 1955 919 2023 πολιορκίαν
943 1945 1014 2023 ἢν
1045 1949 1183 2007 κατὰ
1210 1948 1337 2016 τούς
1367 1956 1480 2008 τῶν
1509 1948 1834 2010 ἀποστόλων

227 2034 463 2108 χρόνους
505 2038 594 2092 καὶ
645 2034 782 2092 κατά
821 2033 1105 2108 Ῥωμαίων
1149 2032 1526 2108 αὐτοκράτορα
1570 2032 1832 2093 Οὐεσπα-

136 2143 204 2183 (τι)
230 2117 424 2176 σιανὸν
456 2124 802 2191 ἱστοροῦνται
833 2121 1197 2192 πεπονθέναι,
1224 2111 1391 2187 αὖθις
1423 2121 1512 2176 ἐπὶ
1538 2116 1832 2195 Ἀδριανοῦ

229 2202 491 2277 δεύτερον
539 2205 1001 2276 πολιορκηθέντες
1052 2208 1333 2271 παντελῶς
1390 2213 1695 2278 εἴρχθησαν
1733 2208 1832 2262 τοῦ

225 2287 416 2360 τόπου,
450 2312 522 2355 ως
571 2290 710 2362 μηδε
750 2291 850 2346 τοῦ
901 2287 1142 2360 ἐδάφους
1190 2292 1286 2361 τῆς
1319 2284 1674 2364 Ιερουσαλημ
1715 2292 1829 2346 ἐπι-
1851 2313 1893 2345 25

227 2379 450 2445 βαίνειν
475 2375 882 2448 ἐπιτρέπεσθαι.
925 2396 1087 2431 τουτο
1106 2370 1155 2429 δ’
1183 2374 1288 2430 οὐν
1319 2371 1693 2446 αἰνιττόμενός
1722 2397 1834 2446 φη-

223 2476 317 2515 σιν
344 2453 478 2514 “uoci
519 2456 688 2515 πάλιν
731 2464 883 2516 ἔσται
925 2463 1002 2525 είς
1046 2456 1332 2532 προνομὴν
1372 2481 1446 2523 ως
1486 2460 1828 2530 τερέβινθος,

225 2544 318 2599 καὶ
350 2541 640 2614 βάλανος
622 2541 755 2600 όταν
789 2545 990 2617 ἐκπέσῃ
1024 2545 1082 2599 ἐκ
1104 2544 1200 2613 τῆς
1229 2540 1408 2614 θήκης
1439 2539 1652 2614 αὐτῆς.”

352 2631 435 2683 87.
475 2625 636 2684 “Koch
668 2633 818 2686 ἔσται
852 2629 910 2684 ἐν
939 2629 1008 2701 τῇ
1037 2625 1212 2701 ἡμέρα
1246 2627 1458 2699 ἐκείνῃ,
1500 2636 1702 2700 θρεψει
1731 2623 1826 2683 ἅν-

225 2719 450 2783 θρωπος
485 2710 723 2784 δάμαλιν
754 2716 904 2785 βοῶν
934 2713 1023 2769 καὶ
1068 2709 1168 2768 δύο
1214 2708 1488 2782 πρόβατα·
1531 2713 1622 2768 καὶ
1675 2716 1887 2768 ἔσται30

337 2907 362 2944 6
394 2906 469 2944 Es.
505 2906 545 2957 6,
583 2908 647 2946 10.
826 2909 877 2947 17
908 2907 985 2947 Es.
1020 2907 1059 2957 6,
1086 2908 1151 2950 13.
1327 2907 1380 2946 29
1411 2907 1486 2948 Es.
1523 2907 1561 2954 7,
1586 2906 1652 2945 21.
