1946 3158
205 119 307 172 108
585 159 598 167 ,
882 118 1132 161 EUSEBII

210 235 540 310 στροῖφησαν
581 233 746 293 αὐτοί
782 258 839 292 τε
863 231 1120 291 Ἰουδαῖοι
1161 235 1252 291 καὶ
1292 240 1351 292 οἱ
1386 236 1566 292 λοιποὶ
1609 233 1811 303 πάντες

206 320 499 396 ἅνθρωποι
538 318 671 394 μετὰ
711 317 814 391 τὴν
853 324 953 375 τοῦ
995 321 1239 393 σωτῆρος
1269 314 1424 393 ἡμῶν
1457 317 1806 392 ἐπιφάνειαν,

1484 399 1515 423 (θ
1575 407 1597 417 m

208 403 652 472 καταπτύσαντες
704 401 880 476 πάσης
943 407 1391 476 δεισιδαιμονίας.
1532 427 1598 477 τῃ
1671 406 1812 476 γοῦν

210 489 382 565 ἡμέρα
424 493 626 563 ἐκείνῃ,
673 488 876 561 φησὶν,
921 489 1143 559 ἐκβαλεῖ
1179 485 1479 562 ἅνθρωπος
1518 487 1582 545 τὰ
1614 486 1812 559 βδελύ-

207 598 383 647 γματα
415 571 591 630 αὐτοῦ
620 570 685 629 τὰ
724 574 930 645 χρυσᾶ,
967 573 1057 628 καὶ
1090 569 1155 629 τὰ
1186 568 1403 645 ἀργυρᾶ
1445 569 1478 628 ἂ
1527 576 1810 646 ἐποίησαν,
1834 605 1858 638 5

208 672 545 732 προσκυνεῖν
578 671 692 725 τοῖς
731 652 1027 730 ματαίοις”.
1093 659 1172 713 73.
1207 653 1342 714 καθ’
1384 653 1516 713 ὅλου
1557 652 1630 724 ὥς
1671 654 1814 723 εἰκὸς

208 743 298 798 καὶ
360 742 486 813 περὶ
527 740 732 807 παντὸς
772 737 1078 815 ἀνθρώπου
1110 743 1281 798 ταῦτα
1332 738 1668 813 ἀναφωνῶν,
1724 738 1816 798 διὰ

207 824 309 897 τὴν
339 826 652 898 μέλλουσαν
685 830 916 882 ἔσεσθαι
947 828 1058 882 τῶν
1091 827 1275 883 ἐθνῶν
1299 827 1510 897 κλῆσιν.
1548 829 1629 882 74.
1658 829 1815 892 ἰδίως

211 911 269 967 δὲ
297 901 465 976 αὖθις
480 911 717 984 περὶτοῦ
729 906 1017 967 Ἰουδαίων
1031 914 1232 976 ἔθνους
1263 907 1372 967 ὑπὸ
1403 914 1537 982 μιάν
1563 907 1819 966 διάνοιαν

211 996 333 1066 ἑξῆς
377 996 615 1067 ἐπιλέγει
647 990 679 1014 “
702 992 828 1051 ἰδοῦ
861 991 930 1066 δὴ
961 991 988 1051 ὁ
1025 991 1292 1067 δεσπότης
1338 993 1526 1067 κύριος
1562 992 1817 1066 Σαβαὼθ
1839 1027 1881 1059 10

208 1077 403 1151 ἀφελεῖ
437 1075 543 1136 ἀπὸ
576 1082 670 1152 τῆς
703 1075 973 1146 Ἰουδαίας
1004 1079 1095 1135 καὶ
1126 1075 1234 1135 ἀπὸ
1266 1075 1619 1151 Ἰερουσαλὴμ
1659 1076 1817 1152 ἰσχύ-

209 1187 340 1220 οντα
372 1165 465 1219 καὶ
500 1161 822 1236 ἰσχύουσαν,
856 1160 1016 1236 ἰσχὺν
1047 1160 1236 1237 ἄρτου,
1268 1164 1358 1220 καὶ
1394 1161 1554 1236 ἰσχὺν
1593 1159 1813 1229 ὕδατος.

210 1254 444 1319 γίγαντα
475 1250 566 1304 καὶ
592 1246 870 1322 ἰσχύοντα,
896 1247 987 1304 καὶ
1019 1244 1324 1320 ἄνθρωπον
1340 1243 1693 1320 πολεμιστὴν,
1724 1249 1819 1304 καὶ

214 1330 513 1405 δικαστὴν,
546 1334 636 1388 καὶ
676 1331 986 1407 προφήτην,
1019 1333 1110 1388 καὶ
1144 1330 1468 1405 στοχαστὴν,
1516 1334 1607 1388 καὶ
1646 1350 1817 1405 πρεσ-

119 1432 187 1473 (68)
213 1414 471 1490 βύτερον,
504 1419 596 1473 καὶ
635 1414 1143 1489 πεντηκόνταρχον,
1181 1417 1274 1472 καὶ
1305 1414 1634 1489 θαυμαστὸν
1674 1414 1815 1490 σύμ-

210 1506 436 1574 βουλον,
469 1502 559 1557 καὶ
593 1498 771 1573 σοφὸν
800 1498 1181 1574 ἀρχιτέκτονα,
1222 1502 1315 1557 καὶ
1346 1498 1580 1558 συνετὸν
1618 1498 1815 1575 ἀκροα-

261 1583 274 1599 l
325 1582 369 1610 ,θ’

208 1609 310 1656 την
403 1587 494 1642 καὶ
525 1582 591 1642 τα
614 1583 825 1650 τούτοις
866 1587 1001 1658 ἑξῆς.
1076 1588 1156 1642 75
1190 1589 1331 1642 ἔνθα
1372 1583 1666 1657 ἐπιστήσας
1709 1607 1817 1642 πα-

210 1667 380 1742 ραθες
410 1667 477 1727 τὰ
506 1668 884 1744 προλεγόμενα
914 1673 1009 1741 τῆς
1050 1675 1386 1743 προφητείας
1433 1665 1509 1726 δι’
1551 1670 1631 1726 ὠν
1671 1677 1817 1744 εἴρη-

323 1749 396 1772 ‘e‘

209 1778 298 1810 ται
371 1777 399 1810 ο
433 1752 594 1826 λόγος
625 1749 653 1810 ὁ
685 1752 979 1827 γενόμενος
1011 1775 1159 1828 παρα
1189 1759 1390 1825 κυρίου
1423 1751 1559 1825 πρὸς
1582 1751 1818 1810 “Ησα“ιάν

1839 1448 1883 1480 15

210 1837 336 1895 υἱὸν
363 1834 555 1911 Ἀμως,
582 1835 723 1910 νπὲρ
741 1841 835 1909 τῆς
848 1834 1114 1902 Ἰουδαίας
1146 1833 1291 1894 καὶ
1260 1832 1809 1911 υπερ’1ερουσαλὴμ,”
1836 1867 1881 1899 20

213 1920 286 1990 ὡς
345 1925 556 1994 μᾶλλον
606 1918 727 1978 κατ’
755 1945 942 1979 αυτων
994 1916 1027 1994 ἢ
1066 1916 1208 1996 νπὲρ
1258 1919 1444 1978 αὐτῶν
1501 1921 1567 1979 τὰ
1619 1924 1816 1996 ἐπενη-

211 2007 451 2078 νεγμένα
479 2028 767 2079 τυγχανει,
811 2011 861 2063 εἰ
888 2004 963 2079 μή
993 2029 1072 2073 τις
1103 2030 1210 2080 αρα
1252 2008 1310 2063 ἐν
1354 2003 1566 2074 τούτοις
1607 2004 1816 2064 λανθα-

211 2113 326 2146 νων
366 2092 672 2163 περιέχεται
712 2092 859 2156 νοῦς.
927 2094 1006 2147 76.
1031 2092 1147 2157 πῶς
1178 2089 1281 2163 γὰρ
1311 2093 1529 2164 μέλλων
1551 2087 1817 2166 ἀφαιρεῖν

212 2170 318 2230 ἀπὸ
349 2177 444 2246 τῆς
470 2170 741 2240 Ἰουδαίας
772 2175 862 2230 καὶ
908 2170 1014 2232 ἀπὸ
1036 2173 1390 2248 Ἰερουσαλὴμ
1423 2173 1683 2249 ἰσχύοντα
1724 2177 1815 2232 καὶ

167 2280 190 2312 b
215 2256 537 2330 ἰσχύουσαν,
571 2255 731 2332 ἰσχύν
761 2256 931 2334 ἄρτου
962 2261 1053 2316 καὶ
1086 2257 1244 2332 ἰσχὺν
1266 2258 1486 2332 ὕδατος,
1511 2261 1603 2317 καὶ
1634 2258 1814 2317 πάντα
1836 2285 1881 2318 25

212 2340 276 2398 τοὶ
310 2345 370 2399 ἐν
393 2341 582 2409 αὐτοῖς
611 2341 780 2399 πάλαι
813 2345 1203 2417 διαπρέποντα,
1236 2342 1376 2418 ὑπὲρ
1415 2346 1511 2415 τῆς
1544 2342 1815 2409 Ἰουδαίας

213 2428 303 2483 καὶ
335 2422 476 2501 ὑπὲρ
499 2425 854 2502 Ἰερουσαλὴμ
886 2432 1114 2485 ἔσεσθαι
1154 2425 1220 2484 τὰ
1246 2425 1615 2500 θεσπιζόμενα
1646 2427 1814 2500 πρού-

213 2518 367 2583 λεγε,
415 2535 531 2578 πως
574 2511 635 2569 δε
669 2510 810 2586 ὑπερ
869 2508 1054 2569 αὐτῶν
1095 2515 1208 2570 ε’στι
1254 2514 1345 2569 καὶ
1375 2511 1440 2568 τὰ
1486 2513 1608 2585 εξῆς
1651 2505 1819 2580 αὖθις

499 2592 575 2616 ‘e’

212 2595 481 2700 λεγόμενα
547 2608 760 2654 ανεῖται
782 2595 1154 2669 Ἰερουσαλὴμ,
1188 2598 1280 2653 καὶ
1321 2591 1355 2668 ἡ
1393 2592 1632 2654 Ἰουδαία
1672 2614 1813 2670 συμ-

212 2702 492 2754 πεπτωκε,
534 2683 625 2738 καὶ
657 2686 718 2738 αἱ
755 2686 1000 2754 γλωσσαι
1042 2679 1228 2738 αὐτων
1269 2703 1404 2754 μετα
1450 2676 1708 2755 ανομίας,
1748 2705 1813 2738 τα
1835 2705 1880 2736 30

215 2761 351 2836 πρὸς
383 2767 577 2837 κύριον
608 2761 1024 2833 ἆπειθοῦντες.”

325 2890 377 2928 29
408 2890 484 2931 Es.
518 2891 557 2941 3,
582 2889 620 2928 8.
