1992 3186
568 136 874 178 DEMONST.
907 135 1127 178 EVANG.
1161 137 1261 177 vn.
1298 138 1335 178 1.
1658 134 1763 186 439

153 252 478 327 φητεύεται,
526 249 701 318 οὕτως
747 254 838 308 καὶ
883 257 978 323 τῆς
1023 250 1204 325 χώρας
1249 249 1464 324 ἁπάσης
1504 255 1601 308 τοῦ
1627 250 1761 309 'Iov-

156 345 332 396 δαίων
356 343 556 402 ἔθνους
580 340 677 393 τοῦ
700 360 758 392 τε
783 333 1104 409 ἀμπελῶνος
1134 334 1317 393 αὐτῶν
1349 342 1426 402 είς
1448 337 1648 410 χέρσον
1671 339 1762 393 καὶ

154 421 412 480 ἄκανθαν
441 423 952 494 μεταβεβλημένου,
995 422 1085 476 καὶ
1121 418 1212 476 διὰ
1242 423 1414 477 ταῦτα
1444 435 1556 487 τοῖς
1598 428 1761 478 πολε-

154 514 297 580 μίοις
337 507 821 579 παραδεδομένου,
875 512 1108 577 ἔμπαλιν
1162 509 1221 561 ἐκ
1272 507 1515 578 θατέρου
1563 507 1763 578 μέρους

107 614 131 646 5
155 594 268 647 πᾶν
298 614 422 663 ορος
461 587 869 663 άροτρισόμενον
912 587 1422 663 ἀροτριαθήσεσθαι
1453 587 1763 662 προφητεύ-

155 699 283 732 εται.
346 673 584 747 ἡγοῦμαι
616 674 676 730 δε
706 673 807 746 τὴν
836 675 935 730 τοῦ
965 676 1207 746 σωτῆρος
1239 671 1396 746 ἡμῶν
1422 670 1603 747 Ἰησοῦ
1634 683 1761 747 Χρι-
1788 696 1876 735 (zm)

154 765 287 816 στοῦ
321 761 616 830 ἐκκλησίαν
646 756 820 823 οὕτως
845 763 1209 829 αἰνίττεσθαι,
1243 760 1369 828 περὶ
1389 759 1452 830 ἡς
1477 761 1569 814 καὶ
1601 754 1764 824 αὐτός

153 839 358 948 φησιν”
363 839 451 900 οὐ
484 841 716 900 δύναται
747 841 904 907 πόλις
940 844 1214 914 κρυβῆναι
1246 841 1431 898 ἐπάνω
1462 840 1624 915 ὅρους
1654 865 1763 899 κει-

153 925 329 1000 μένηῖ
409 925 468 984 τὸ
499 926 603 999 γὰρ
638 927 946 1000 ἐπηρμένον
976 924 1253 1025 μετέωρόν
1290 950 1348 983 τε
1379 928 1470 982 καὶ
1501 923 1765 995 υψιπετες

80 1033 130 1064 -ιο
153 1014 253 1068 τοῦ
296 1015 391 1083 τῆς
437 1014 724 1083 ἐκκλησίας
770 1007 1163 1082 πολιτεύματος
1207 1007 1331 1083 όρος
1388 1010 1626 1083 ηγοῦμαι
1674 1009 1766 1068 δια

151 1093 363 1152 τούτων
403 1093 837 1168 ἆνηγορεῦσθαι.
911 1099 993 1151 87.
1028 1097 1188 1150 τοῦτο
1235 1093 1287 1149 δ’
1336 1096 1464 1166 οὐν,
1508 1097 1673 1166 φησὶ,
1705 1095 1764 1152 τὸ

151 1177 276 1252 ὅρος
307 1177 716 1254 ἆροτριώμενον
747 1175 1240 1253 άροτριαθήσεται,
1290 1174 1363 1244 ὦς
1395 1178 1469 1251 μὴ
1505 1182 1765 1236 ἐπελθεῖν

154 1266 267 1320 ἐκεῖ
295 1261 509 1335 φόβον,
552 1260 690 1319 ἄλλα
735 1264 826 1319 καὶ
858 1269 936 1329 εἰς
966 1265 1231 1320 τοσοῦτον
1262 1260 1395 1320 αὐτὸ
1434 1270 1765 1336 μεταβαλεῖ-

154 1357 288 1404 σθαι
319 1345 426 1403 ἀπὸ
457 1350 552 1419 τῆς
583 1348 848 1420 προτέρας
876 1351 1100 1422 ἐρημίας
1125 1349 1217 1403 καὶ
1248 1350 1448 1420 χέρσου
1473 1350 1563 1404 καὶ
1598 1344 1764 1404 άκάν-

89 1451 131 1483 ι5
152 1440 279 1503 θης,
308 1429 380 1496 ὡς
403 1430 714 1503 ἐπιτήδειον
744 1434 1077 1504 καταστῆναι
1102 1437 1178 1498 είς
1203 1431 1454 1505 βόσκημα
1477 1431 1759 1505 προβάτου
1785 1456 1813 1497 [
1803 1458 1858 1488 >20
1865 1455 1875 1496 ]

154 1518 245 1571 καὶ
277 1513 636 1587 καταπάτημα
675 1515 818 1587 βοός
894 1520 976 1572 88.
1010 1517 1101 1572 καὶ
1154 1514 1390 1589 πάρεστί
1425 1540 1486 1587 γε
1521 1519 1809 1588 ἐπιλογί-ι)

154 1610 361 1656 σασθαι
391 1596 538 1665 ὅπως
565 1596 598 1671 ἡ
622 1623 720 1656 του
702 1602 974 1672 Χριστοῦ
1001 1603 1260 1671 ἐκκλησία
1283 1598 1451 1676 πάλαι
1482 1600 1620 1657 οὐσα
1644 1601 1763 1674 χέρ-

154 1701 248 1749 σος
288 1686 377 1740 καὶ
418 1681 640 1740 ἄκανθα
672 1682 762 1740 δια
808 1687 903 1755 τῆς
937 1679 1112 1741 αυτοῦ
1142 1682 1361 1756 χάριτος
1393 1689 1470 1750 εἰς
1500 1688 1765 1741 τοσοῦτον

150 1764 321 1839 ἤλασε
351 1770 657 1840 μεταβολῆς
689 1765 827 1824 ὥστε
851 1767 994 1825 πόαν
1026 1770 1116 1824 καὶ
1147 1765 1392 1840 βοτάνην
1408 1765 1640 1825 εὔθετον
1670 1772 1764 1839 τῆς

85 1872 131 1905 20
154 1855 374 1924 λογικῆς
407 1858 787 1926 καρποφορίας
820 1854 907 1909 ἐπὶ
941 1856 1205 1909 τοσοῦτον
1236 1855 1542 1923 βλαστῆσαι
1568 1849 1638 1918 ὡς
1670 1857 1761 1908 καὶ

151 1933 278 2002 τούς
310 1934 687 2008 προβατεόδεις
719 1938 810 1994 καὶ
830 1931 1239 2010 ἁπλουστέρους
1265 1934 1569 1993 ἀπολαύειν
1593 1933 1764 2008 αὐτῆς

154 2017 463 2092 δύνασθαι,
506 2019 632 2087 τούς
673 2044 732 2077 τε
764 2025 823 2078 ἐν
856 2024 961 2089 ε’ξει
991 2024 1299 2096 τελειοτέρα
1343 2019 1764 2094 προβεβηκότας

151 2101 327 2175 ἀροῦν
357 2107 448 2160 καὶ
478 2117 748 2179 γεωργεῖν
772 2102 964 2179 αὐτὴν,
996 2104 1130 2178 βόας
1159 2108 1764 2179 προσαγορευομένους,

153 2205 338 2261 ωσπερ
379 2180 482 2245 οὖν
520 2188 616 2246 τὸν
654 2199 816 2246 θεῖον
855 2186 1165 2246 ἀπόστολον
1216 2187 1551 2247 παιδεύοντα
1593 2213 1762 2262 παρε-

85 2291 132 2323 25
154 2270 431 2344 στήσαμεν
463 2275 522 2328 ἐν
551 2297 626 2348 τῳ
658 2272 831 2346 φάναι
854 2270 965 2347 “μὴ
1006 2298 1118 2331 των
1149 2279 1298 2345 βοῶν
1327 2275 1479 2346 μέλει
1509 2276 1587 2349 τῷ
1616 2277 1762 2348 θεω;

152 2349 186 2425 ἢ
220 2353 294 2411 δι’
328 2351 470 2428 ὑμᾶς
509 2356 728 2423 πάντως
769 2360 943 2430 λέγει;
990 2355 1067 2414 δι’
1099 2354 1240 2430 ὑμᾶς
1282 2357 1386 2430 γὰρ
1430 2332 1640 2431 ἐγράφη
1679 2355 1762 2412 ὅτι
1785 2390 1802 2411 c

153 2436 365 2508 ὀφείλει
404 2438 432 2495 ὃ
470 2437 742 2514 ἀροτριῶν
774 2441 858 2498 ἐπ’
896 2446 1079 2498 ἐλπίδι
1105 2439 1368 2514 ἀροτριᾶν
1399 2443 1490 2496 καὶ
1520 2436 1548 2496 ὁ
1580 2439 1763 2496 ἀλοῶν

887 2520 917 2543 9,

158 2517 244 2576 ἐπ’
280 2524 459 2578 ἐλπίδι
488 2530 586 2580 τοῦ
615 2527 876 2598 μετέχειν.
979 2530 1060 2581 89.
1095 2522 1270 2590 οὕτως
1299 2519 1333 2596 ἡ
1365 2523 1534 2580 πάλαι
1566 2531 1764 2598 ἔρημος

156 2606 247 2660 καὶ
278 2607 466 2676 χέρσος
496 2611 869 2680 μεταβέβληκε
891 2608 1026 2681 μετὰ
1048 2606 1149 2679 τὴν
1172 2610 1271 2664 τοῦ
1281 2611 1523 2680 Χριστοῦ
1554 2630 1761 2680 παρου-

91 2708 135 2740 30
160 2694 316 2758 σίαν,
350 2684 422 2755 ὦς
453 2692 544 2746 καὶ
573 2705 686 2757 τοῖς
727 2689 900 2758 οὕτως
930 2693 1282 2763 νενοημένοις
1322 2694 1523 2763 βουσὶν
1555 2698 1630 2758 εἰς
1662 2692 1763 2765 τὴν

157 2769 498 2848 κατάλληλον
541 2782 816 2848 γεωργίαν
859 2780 1178 2846 ἐπιτηδείως
1220 2781 1379 2849 ἔχειν.
1465 2780 1763 2849 ἐπίστησον

269 2894 294 2932 8
326 2893 491 2935 Matth.
514 2899 552 2947 5,
578 2898 645 2939 14.
817 2900 870 2938 25
903 2899 940 2937 1.
966 2896 1068 2940 Cor.
1092 2900 1131 2948 9,
1155 2900 1195 2938 9.
