1992 3186
602 101 1333 145 DEMONST.EVANG.HR6.
1677 101 1781 153 223

171 215 528 291 ἀπεργάσαιτ’
559 213 628 273 ἂν
651 215 777 283 τοὺς
802 220 914 274 τῶν
936 216 1197 290 ὁρώντων
1220 215 1548 290 ὀφθαλμούς
1572 217 1781 290 βλάβης

171 305 262 360 καὶ
302 305 521 374 φθορᾶς
562 298 705 358 πολύ
747 303 957 373 μᾶλλον
995 297 1029 373 ἢ
1077 299 1347 371 ὠφελείας
1389 300 1629 375 γεγονώς
1667 315 1781 369 τοῖς

170 391 342 444 πᾶσιν
373 396 573 457 αἴτιος,
608 383 674 442 οὐ
706 385 806 458 τὴν
838 384 1012 458 φύσιν
1043 384 1208 452 αὐτὸς
1241 382 1320 443 ῶν
1351 389 1592 452 τοιοῦτος
1611 430 1624 457 ,
1666 400 1780 452 τοῖς

172 472 233 528 δὲ
263 468 553 542 ἀφορήτως
586 475 772 542 ἔχουσι
806 468 874 526 δι’
914 475 1126 527 οἰκείαν
1155 468 1456 528 ἀσθένειαν
1485 474 1580 543 τῆς
1611 469 1778 543 ὑπερ·
1799 493 1891 536 (155)

125 553 482 628 5ssocMov'6ng
528 554 704 625 αὐγῆς
744 550 1047 611 ἀπολαύειν
1093 552 1308 611 τοιόσδε
1355 579 1435 621 τις
1484 553 1779 612 ἀποτελού-

167 663 347 713 μενος.
411 643 458 695 6.
491 644 550 694 τί
582 644 776 695 τοίνυν
815 635 880 694 τὰ
918 635 1078 711 ὅμοια
1118 637 1430 711 μανθάνων
1470 640 1597 712 περὶ
1637 643 1778 696 θεοῦ

167 721 498 796 θαυμάζεις,
530 713 598 780 οὗ
628 721 696 796 δὴ
729 724 818 779 καὶ
851 719 1000 794 ἥλιος
1033 727 1196 796 ἔργον
1238 725 1330 779 καὶ
1365 722 1581 795 σύμπας
1622 721 1650 780 ὁ
1683 722 1778 780 οὐ·

169 806 332 880 ρανὸς
364 808 456 863 καὶ
499 805 728 878 κόσμος;
772 812 823 862 εἰ
851 805 919 878 δὴ
960 810 1054 878 τῆς
1100 804 1344 880 ἀρρήτου
1374 810 1467 863 καὶ
1497 806 1773 881 ἀνεκφράκ

168 908 302 948 στου
356 889 643 963 δυνάμεως
696 914 754 947 τε
806 892 898 946 καὶ
944 889 1136 956 οὐσίας
1176 889 1368 947 οὐδενὶ
1411 893 1627 964 με’τεστι
1667 895 1779 949 τῶν

104 1001 144 1033 10
167 972 344 1032 ὄντων
383 972 529 1046 πλὴν
572 976 655 1031 ἑνὶ
699 972 850 1051 μόνῳ
882 981 1204 1047 κοινωνίας,
1247 971 1312 1032 ὃν
1343 974 1506 1040 αὐτὸς
1538 974 1566 1031 ὁ
1598 975 1778 1048 πατὴρ

166 1064 398 1134 προνοίᾳ
443 1061 555 1115 τῶν
593 1055 740 1115 ὅλων
779 1058 885 1130 πρὸ
925 1062 1038 1116 τῶν
1079 1057 1263 1116 ἄλλων
1304 1057 1568 1116 ἁπάντων
1610 1077 1772 1116 συνε-

166 1141 402 1216 στήσατο
420 1188 435 1215 ,
482 1141 553 1210 ῶς
584 1139 655 1200 ἂν
684 1141 758 1216 μὴ
803 1146 1087 1208 παντελῶς
1117 1141 1151 1216 ἡ
1182 1147 1294 1200 τῶν
1325 1146 1608 1216 γεννητῶν
1639 1141 1779 1200 ἀπο-

166 1230 323 1284 πέσοι
353 1227 522 1300 φύσις
567 1225 639 1282 δι’
686 1232 897 1284 οἰκείαν
937 1225 1167 1284 ἀτονίαν
1207 1230 1298 1284 καὶ
1332 1225 1652 1300 ἀδυναμίαν
1682 1230 1777 1299 τῆς

165 1309 472 1383 ἀγεννήτου
503 1312 594 1367 καὶ
626 1309 913 1386 ἀχωρήτου
953 1316 1220 1385 πατρικῆς
1260 1310 1452 1378 οὐσίας
1487 1316 1775 1384 διεστῶσα,

105 1420 145 1452 15
167 1397 323 1468 μένοι
368 1395 428 1451 δὲ
469 1396 560 1451 καὶ
601 1392 758 1462 αὕξοι
798 1397 891 1452 καὶ
919 1397 1173 1468 τρέφοιτο
1205 1399 1299 1467 τῆς
1329 1399 1496 1469 μέσης
1530 1394 1778 1453 ἀπολαύ-
1802 1418 1830 1449 b

167 1495 307 1536 ουσα
337 1485 625 1552 χορηγίας,
669 1475 739 1550 ἣν
777 1476 806 1535 ὁ
837 1478 1140 1551 μονογενὴς
1179 1484 1278 1536 τοῦ
1318 1483 1460 1537 θεοῦ
1489 1479 1648 1552 λόγος
1679 1477 1779 1537 οὔ-

167 1585 299 1620 ποτε
328 1577 442 1630 τοῖς
471 1566 643 1620 πᾶσιν
675 1565 929 1637 ἐπαρκῶν
962 1562 1343 1636 διαλιμπάνει,
1377 1562 1555 1636 πάντη
1581 1565 1642 1620 δὲ
1667 1588 1778 1636 χω-

166 1649 281 1720 ρῶν
311 1649 403 1703 καὶ
437 1645 528 1703 διά
552 1645 777 1705 πάντων
800 1646 1297 1721 περιπορευόμενος
1320 1645 1545 1705 πάντων
1571 1650 1623 1715 ἐξ
1656 1657 1777 1720 ἴσης

165 1734 259 1802 τῆς
299 1730 571 1805 σωτηρίας
611 1744 862 1803 προνοεῖ,
916 1735 1154 1804 λογικῶν
1204 1730 1345 1804 ὁμοῦ
1395 1735 1483 1789 καὶ
1538 1731 1776 1805 ἀλόγων,

103 1841 144 1873 20
166 1819 394 1887 θνητῶν
423 1839 482 1873 τε
511 1817 602 1872 καὶ
636 1813 954 1888 ἀθανάτων,
988 1814 1270 1890 οὐρανίων
1292 1840 1350 1873 τε
1374 1818 1465 1872 καὶ
1500 1819 1777 1889 ἐπιγείων,

165 1906 342 1957 θείων
371 1924 429 1957 τε
460 1902 551 1956 καὶ
583 1898 836 1971 ἀοράτων
869 1898 1187 1973 δυνάμεων,
1222 1901 1312 1956 καὶ
1345 1899 1669 1973 συλλήβδην
1702 1906 1774 1958 εἰ-

167 1997 311 2055 πεῖν,
343 1981 605 2042 ἁπάντων
628 1982 730 2041 ὅσα
757 1983 825 2056 δὴ
849 1988 947 2041 τοῦ
981 1985 1122 2042 εἶναι
1155 1982 1227 2041 δι’
1267 1983 1439 2041 αὐτοῦ
1473 1991 1773 2058 μετείληχε,

163 2067 309 2126 πολύ
338 2092 401 2140 γε
430 2067 542 2141 μὴν
573 2069 742 2126 πλέον
768 2067 1142 2143 διαφερόντως
1165 2072 1260 2142 τῆς
1283 2073 1479 2142 νοερᾶς
1515 2071 1606 2125 καὶ
1631 2076 1775 2142 λογι-
1803 2101 1824 2122 e

164 2156 263 2224 κῆς
293 2151 538 2226 φύσεως,
572 2151 645 2210 δι’
682 2177 752 2225 ην
782 2151 914 2210 οὐδε
936 2152 995 2210 τὸ
1019 2151 1382 2226 ἀνθρώπινον
1405 2151 1776 2227 ὑπερεφρόνει

103 2260 143 2292 25
167 2238 352 2310 γένος,
398 2240 554 2310 ἐτίμα
595 2237 657 2294 δε
689 2238 752 2294 εὐ
783 2236 928 2310 μάλα
968 2239 1059 2294 καὶ
1103 2236 1324 2310 ἐκήδετο
1355 2240 1449 2310 τῆς
1480 2241 1578 2294 τοῦ
1609 2236 1775 2309 λόγου

165 2319 327 2394 χάριν
370 2319 506 2395 πρὸς
553 2319 754 2379 ἑαυτὸν
793 2320 1120 2388 οἰκειῶσεῶς
1160 2345 1218 2379 τε
1249 2324 1339 2378 καὶ
1383 2327 1698 2395 συνεχείας,
1740 2322 1774 2394 ᾑ

166 2407 259 2461 καὶ
301 2404 420 2463 κατ’
469 2405 656 2463 εἰκόνα
697 2404 872 2463 αὐτοῦ
909 2408 1313 2479 μεμορφῶσθαι
1355 2409 1415 2463 ἐν
1453 2418 1565 2470 τοῖς
1607 2409 1776 2477 ιεροῖς

166 2495 368 2560 λογίοις
400 2487 697 2564 ἀνείρηται.
763 2495 807 2548 7.
841 2488 962 2547 ἀλλ’
999 2489 1026 2547 ὅ
1058 2491 1160 2563 μὲν
1187 2489 1288 2562 τὴν
1322 2489 1508 2547 εἰκόνα
1538 2486 1640 2560 τὴν
1671 2487 1772 2544 αὖ-

166 2576 266 2629 τοῦ
296 2571 368 2639 ῶς
399 2569 469 2630 ἀν
507 2580 647 2632 θεοῦ
687 2573 844 2647 λόγος
875 2574 978 2647 τὴν
1008 2574 1208 2647 νοεράν
1248 2573 1468 2630 ἅπασαν
1499 2574 1591 2629 καὶ
1621 2580 1768 2644 λογι·

104 2680 144 2713 3ο
167 2656 273 2729 κὴν
294 2653 558 2730 ὑφίστησι
583 2655 703 2715 κατ’
730 2657 899 2732 ἀρχὰς
923 2664 1017 2731 τῆς
1040 2662 1139 2715 τοῦ
1163 2656 1366 2724 παντὸς
1390 2662 1776 2730 δημιουργίας,

281 2851 334 2890 27
369 2850 723 2902 Gen.1‚26.2z
