1992 3186
232 118 336 171 613
916 118 1162 159 EUSEBII

236 255 386 294 σκων
416 232 723 292 “άνατελεῐ
759 237 819 290 ἐν
863 247 983 299 ταῖς
1025 229 1252 342 ἡμέραις
1291 231 1464 293 αὐτοῦ
1518 234 1844 310 δικαιοσύνη

235 322 326 377 καὶ
366 322 578 391 πλῆθος
596 314 892 422 εἰρήνηςίἰ
961 319 1054 375 καὶ
1088 314 1312 384 Ἡσαΐας
1354 319 1416 376 δὲ
1452 318 1666 387 τούτοις
1712 339 1844 378 συν-

234 407 411 477 τρέχει
453 400 527 460 δι’
573 404 653 460 ὠν
692 402 873 476 φησι“
878 400 1002 460 ’καὶ
1047 402 1391 474 συγκόψουσι
1434 428 1530 471 τας
1574 412 1844 478 μαχαίρας

234 487 420 545 αὑτων
463 493 540 552 εἰς
580 511 785 559 αροτρα
835 489 927 545 καὶ
967 510 1063 552 τας
1103 485 1326 558 ζιβύνας
1371 485 1556 545 αὐτῶν
1602 495 1679 556 εἰς
1723 492 1844 563 δρέ-

182 606 201 627 e
234 594 400 644 πανα,
434 574 524 628 καὶ
557 568 624 629 οὐ
656 571 888 644 λήψεται
919 579 997 629 ἔτι
1029 577 1193 638 ἔθνος
1227 571 1315 628 ἐπ’
1351 578 1516 639 ἔθνος
1548 571 1842 647 μάχαιραν,
1866 599 1887 631 5

233 659 325 713 καὶ
354 652 420 712 οὐ
449 655 523 729 μὴ
553 654 813 729 μάθωσιν
845 662 922 713 ἔτι
953 653 1259 729 πολεμεῖν.”
1333 660 1412 713 18.
1464 653 1644 731 εὕροις
1688 654 1743 713 δ’
1776 654 1846 715 ἂν

231 742 325 797 καὶ
366 746 611 813 Μιχαίαν
648 738 862 808 τούτοις
903 739 1221 816 συνᾴδοντα
1252 742 1343 797 καὶ
1385 738 1586 808 ἄλλους
1619 747 1846 808 πλείους

229 828 342 882 τοῖν
372 829 689 898 προφητῶν.
753 824 1046 898 ἐπιστήσας
1079 826 1158 898 δὲ,
1193 823 1265 890 ὥς
1297 831 1459 899 ἔφην,
1484 840 1598 892 τοῖς
1628 824 1844 900 χρόνοις

234 909 448 984 δυνήσῃ
481 915 737 967 συνιδεῖν
769 905 843 975 ὦς
873 907 982 966 ἀπὸ
1011 913 1122 967 τῶν
1153 906 1483 982 Αὐγούστου
1513 908 1730 983 χρόνων
1753 913 1846 967 καὶ

229 998 325 1066 τῆς
356 992 475 1051 κατ’
513 992 685 1051 αὐτὸν
717 992 1100 1067 ἐπιλαμψάσης
1129 1000 1227 1052 τοῦ
1258 997 1501 1067 σωτῆρος
1531 993 1688 1068 ἡμῶν
1728 997 1847 1052 ἐπι-
1870 1022 1909 1054 ιο

230 1087 466 1151 φανείας
506 1083 602 1151 τῆς
634 1074 916 1150 Ῥωμαίων
954 1085 1255 1152 μοναρχίας
1297 1077 1735 1152 ἐπικρατησάσης
1788 1083 1852 1136 αἱ

231 1161 400 1220 πάλαι
428 1167 541 1220 τῶν
567 1166 752 1220 ἐθνῶν
777 1162 1124 1235 διελύθησαν
1149 1161 1460 1230 διαστάσεις
1483 1166 1575 1220 καὶ
1598 1171 1847 1238 πολυαρ-

231 1255 344 1321 χίαι
363 1291 377 1318 ‚
410 1250 502 1304 καὶ
531 1246 695 1305 τόνδε
727 1250 780 1315 ἐξ
814 1250 1030 1304 ἐκείνου
1061 1247 1159 1305 τὸν
1187 1246 1394 1321 τρόπον
1423 1250 1615 1314 τέλους
1645 1246 1845 1320 ἤρξατο

229 1330 525 1405 τυγχάνειν
554 1330 620 1388 τὰ
650 1335 744 1403 τῆς
776 1335 1261 1405 προφητευομένης
1295 1331 1532 1405 εἰρήνης.
1593 1337 1672 1389 19.
1706 1330 1846 1389 ἀλλὰ

230 1419 338 1474 νῦν
375 1417 477 1488 μὲν
519 1418 653 1482 τέως
697 1413 928 1490 ἤρξατο,
985 1422 1134 1473 ἔσται
1180 1416 1242 1473 δὲ
1285 1413 1375 1473 ὅτε
1419 1418 1765 1489 πληρέστατα
1809 1415 1909 1487 ἡι5

229 1507 539 1572 προφητεία
569 1499 1125 1573 συμπερασθήσεται,
1174 1498 1311 1557 ἐπὰν
1341 1500 1402 1558 τὸ
1433 1500 1703 1574 πλήρωμα
1732 1505 1846 1558 τῶν

230 1588 417 1642 ἐθνῶν
448 1588 674 1659 εἰσέλθῃ
705 1583 765 1642 τὸ
795 1582 930 1657 πρὸς
959 1588 1059 1643 τοῦ
1089 1589 1243 1659 ίερόῦ
1270 1583 1580 1643 ἀποστόλου
1605 1591 1847 1658 δεδηλω-

229 1666 444 1742 μένον.”

117 1926 207 1966 (459)
766 1892 896 1952 ’And
935 1896 1168 1966 Ψαλμοῦ
1197 1891 1308 1966 ριξ.
1861 1864 1901 1897 2⁰

356 2016 519 2066 XVIII.
539 2002 761 2064 “Λίθον
789 2004 856 2063 ὃν
879 2003 1297 2076 ἀπεδοκίμασαν
1320 2009 1377 2060 οἱ
1397 2009 1840 2078 οἰκοδομοῦντες,

229 2082 387 2154 οὗτος
439 2089 678 2161 ἐγενήθη
723 2096 800 2156 εἰς
852 2086 1102 2162 κεφαλὴν
1152 2094 1373 2160 γωνίας.
1454 2087 1603 2160 παρα
1642 2096 1843 2160 κυρίου

231 2174 445 2244 ἐγένετο
477 2170 633 2247 αὕτη,
665 2177 757 2231 καὶ
783 2181 894 2231 ἔστι
917 2171 1213 2246 θαυμαστὴ
1240 2176 1299 2229 ἐν
1325 2170 1639 2246 ὀφθαλμοῖς
1662 2172 1835 2246 ἡμῶν.

183 2283 204 2315 b
230 2254 370 2329 αύτη
401 2256 434 2330 ἡ
467 2253 639 2331 ἡμέρα
671 2256 741 2330 ἢν
772 2262 1030 2330 ἐποίησεν
1059 2253 1087 2314 ὁ
1123 2257 1339 2329 κύριος,
1371 2254 1838 2330 άγαλλιασώμεθα
1855 2282 1897 2315 25

229 2344 321 2398 καὶ
355 2338 766 2415 εὐφρανθῶμεν
799 2346 859 2401 ἐν
900 2340 1054 2416 αὐτῇ.
1126 2333 1170 2397 ὦ
1207 2341 1393 2414 κύριε,
1426 2345 1609 2398 σῶσον
1651 2340 1750 2413 δὴ,
1799 2342 1840 2397 ὠ

227 2425 414 2498 κύριε,
476 2424 758 2485 εὐόδωσον
798 2426 882 2500 δή.
972 2419 1338 2498 ευλογημένος
1378 2424 1406 2482 ὁ
1449 2424 1738 2498 ἐρχόμενος
1780 2429 1840 2482 ἐν

227 2507 454 2583 ὀνόματι
485 2518 697 2583 κυρίου.
766 2512 898 2579 θεὸς
930 2510 1136 2583 κύριος,
1170 2513 1262 2567 καὶ
1303 2512 1579 2582 ἐπέφανεν
1609 2506 1791 2582 ἡμῖν.”

355 2599 404 2652 2.
462 2602 572 2652 Τοῦ
603 2599 847 2668 σωτῆρος
887 2592 1044 2668 ἡμῶν
1066 2592 1243 2667 Ἰησοῦ
1275 2597 1519 2668 Χριστοῦ
1550 2591 1835 2651 εἰσελθόν-

228 2701 318 2744 τος
349 2680 477 2736 ποτὲ
510 2685 588 2747 εἰς
617 2680 682 2737 τὰ
705 2677 1071 2756 Ἰεροσόλυμα,
1102 2676 1191 2736 ὅτε
1221 2676 1357 2735 κατά
1384 2678 1486 2751 τὴν
1508 2676 1613 2752 πρὸ
1636 2675 1838 2749 ταύτης
1859 2701 1902 2734 30

345 2872 396 2910 16
426 2872 553 2915 Rom.
578 2874 642 2924 11,
666 2875 735 2913 25.
944 2875 997 2913 22
1029 2874 1104 2914 Ps.
1139 2875 1232 2923 117,
1257 2873 1326 2912 22.
