1946 3158
532 146 840 189 DEMONST.
859 146 1083 189 EVANG.
1117 146 1201 186 111.
1226 150 1261 186 3.
1609 142 1710 195 163

100 262 206 337 ἄρα
245 269 555 336 βουληθείη
611 262 755 319 εἶναι
804 260 1026 334 φύσεως
1075 259 1360 334 τοιαύτης,
1420 259 1605 333 ψυχὴν
1651 261 1713 317 δὲ

101 345 388 405 ἀθάνατον
428 354 574 420 ἔχειν
612 342 753 420 ἡμᾶς
798 343 919 403 κατ’
964 344 1134 403 οὐδὲν
1173 346 1273 419 μὲν
1327 347 1540 418 ἐμφερῆ
1597 358 1711 411 τοῖς
1743 379 1759 401 c

101 431 322 504 ἀλόγοις
356 430 527 509 ζῴοις,
558 436 672 489 τῶν
705 432 765 488 δὲ
795 433 895 488 τοῦ
924 433 1066 487 θεοῦ
1098 428 1391 503 δυνάμεων
1423 431 1711 502 φέρουσαν

99 515 533 590 άπεικονίσματα
565 513 794 584 διδάξας
823 511 1104 588 ἡγεῖσθαι,
1136 514 1310 582 ου’τως
1341 512 1388 571 τ’
1427 521 1573 587 ἔχειν
1618 515 1709 570 καὶ

35 623 55 657 5
101 607 418 659 διακεῖσθαι
457 602 551 658 καὶ
591 615 826 674 φρονεῖν
867 598 1046 657 πάντα
1087 597 1375 674 βάρβαρον
1415 600 1508 655 καὶ
1553 596 1712 655 ἰδιώ-

99 711 200 760 την
243 684 577 758 παιδεύσας,
632 684 719 759 αρ’
769 681 893 758 οὐχὶ
933 687 1285 758 σοφωτέρους
1345 682 1710 757 ἀπείργασται

99 769 227 838 τούς
258 768 388 828 καθ’
426 767 554 843 ὅλης
577 774 673 842 τῆς
705 770 1031 842 οἰκουμένης
1063 792 1128 824 τα
1160 766 1330 825 αὐτοῦ
1363 772 1712 841 φρονοῦντας

98 859 209 913 τῶν
237 855 333 922 τὰς
362 851 540 928 ὀφρῦς
570 851 992 925 ἀνεσπακότων,
1025 860 1082 909 οἳ
1107 853 1284 926 μηδὲν
1315 852 1451 910 κατὰ
1483 850 1582 924 τὴν
1614 850 1712 909 οὐ-

99 946 227 998 σίαν
260 941 550 1046 διαφέρειν
573 935 931 1012 ἀπεφήναντο
956 940 1183 1011 ἐμπίδος
1213 961 1271 994 τε
1302 939 1395 994 καὶ
1427 933 1589 1008 εύλῆς
1620 939 1711 994 καὶ

40 1047 81 1078 10
105 1029 272 1098 μυίας
315 1021 419 1096 τῆν
451 1026 510 1080 ἐν
540 1021 863 1098 ἀνθρώποις
895 1020 1100 1096 ψυχὴν,
1119 1019 1259 1079 ἄλλα
1291 1023 1381 1078 καὶ
1407 1019 1588 1094 ὄφεως
1619 1024 1712 1078 καὶ

101 1112 319 1183 ἐχίδνης
360 1106 566 1183 άρκτου
610 1131 669 1165 τε
711 1109 804 1165 καὶ
845 1106 1170 1181 παρδάλεως
1212 1109 1305 1163 καὶ
1346 1105 1478 1173 συὸς
1530 1109 1711 1206 ψυχῆς

99 1190 220 1251 κατ’
254 1189 483 1265 ουδεν,’
466 1189 600 1251 όσον
633 1195 722 1250 ἐπὶ
753 1191 897 1269 λόγω
929 1190 1150 1265 φύσει-ές
1172 1216 1230 1249 τε
1255 1193 1345 1248 καὶ
1377 1188 1588 1262 οὐσίας,
1608 1188 1712 1262 τῆν

101 1281 261 1351 σφῶν
299 1276 484 1335 αυτῶν
525 1280 637 1335 τῶν
693 1275 1165 1350 φιλοσοφωτάτων
1212 1274 1398 1349 ψυχὴν
1459 1274 1711 1331 διαλλάτ-

100 1385 243 1432 τειν;
315 1367 395 1418 17.
438 1363 529 1418 καὶ
571 1367 735 1419 θείου
776 1362 838 1418 δὲ
877 1361 1012 1435 πρὸς
1058 1360 1270 1428 τούτοις
1316 1366 1710 1434 δικαιωτηρίου
1736 1378 1758 1410 «11

38 1467 79 1499 15
104 1449 350 1520 συνεχῶς
380 1441 820 1520 ὑπομιμνῄσκων
851 1448 942 1502 καὶ
972 1444 1277 1518 μελλούσης
1315 1451 1547 1503 ἔσεσθαι
1593 1451 1718 1519 κρί-

103 1552 262 1602 σεως,
306 1528 558 1596 κολάσεις
594 1554 654 1587 τε
695 1531 786 1586 καὶ
826 1535 1090 1603 τιμωρίας
1142 1528 1550 1602 ἀπαραιτήτους
1603 1543 1718 1595 τοῖς

100 1614 362 1686 ἀσεβέσιν
391 1610 757 1688 ὑπογράφων,
802 1629 916 1681 τοῖς
956 1637 1014 1671 τε
1057 1612 1348 1685 ε’ὖσεβέσιν
1391 1616 1718 1686 ἐπαγγελίας

101 1702 242 1757 θεοῦ
272 1704 504 1756 αἰωνίου
536 1703 674 1771 ζωῆς
705 1701 798 1756 καὶ
838 1695 1098 1771 οὐρανῶν
1142 1704 1427 1770 βασιλείας
1472 1700 1561 1754 καὶ
1606 1697 1714 1754 σὺν

101 1788 216 1860 θεῷ
247 1789 519 1857 μακαρίας
553 1787 849 1856 διαγωγῆς,
880 1790 1006 1840 τίνα
1027 1808 1096 1840 αν
1118 1781 1474 1855 πλανῆσειεν,
1507 1781 1631 1855 οὐχὶ
1652 1783 1713 1839 δε

40 1888 81 1920 20
105 1871 313 1942 μᾶλλον
344 1868 712 1942 προτρέψαιτο
753 1866 1021 1925 σπεύδειν
1054 1892 1155 1940 μεν
1194 1864 1281 1924 ἐπ’
1327 1864 1558 1941 ἀρετὴν,
1601 1892 1714 1924 των

101 1955 582 2027 προσδοκωμένων
612 1955 776 2010 ε’νεκα
806 1966 918 2020 τοῖς
942 1951 1234 2024 εὐσεβέσιν
1266 1950 1549 2024 ἐπάθλων,
1574 1950 1714 2009 ἀπο-

100 2039 403 2110 τρέπεσθαι
435 2038 495 2095 δε
526 2036 706 2111 πάσης
737 2044 934 2104 κακίας
967 2035 1058 2094 διὰ
1087 2061 1182 2105 τας
1202 2038 1581 2111 ἐπηρτημένας
1598 2052 1712 2103 τοῖς

100 2118 324 2194 ἀσεβέσι
354 2129 646 2196 τιμωρίας;
711 2127 790 2180 18.
827 2125 887 2179 ἐν
916 2135 1032 2189 τοῖς
1075 2127 1426 2196 δογματικοῖς
1460 2125 1573 2178 τῶν
1616 2118 1712 2178 αύ-

100 2209 198 2264 τοῦ
228 2205 409 2279 λόγων
439 2205 862 2280 παρειλήφαμεν
894 2206 1046 2265 εἷναί
1072 2231 1226 2274 τινας
1266 2206 1401 2280 μετὰ
1431 2203 1528 2262 τὸν
1568 2202 1712 2264 ἄνω-

40 2309 82 2342 25
103 2289 245 2348 τάτω
276 2289 415 2349 θεὸν
448 2291 734 2365 δυνάμεις,
766 2290 1091 2365 ἀσωμάτους
1132 2289 1234 2364 τὴν
1264 2290 1440 2365 φύσιν
1469 2291 1561 2347 καὶ
1592 2313 1711 2348 νοε-

102 2400 218 2449 ρας,
251 2374 471 2448 λογικάς
502 2399 560 2434 τε
591 2379 684 2433 καὶ
713 2379 1077 2485 παναρέτους,
1110 2375 1206 2434 τὸν
1238 2377 1590 2449 παμβασιλέα
1619 2399 1713 2447 χο-

103 2458 400 2562 ρευούσας,
433 2485 512 2518 ων
542 2466 767 2527 πλείους
798 2462 890 2518 καὶ
919 2463 1077 2535 μέχρι
1119 2457 1441 2535 ἀνθρώπων
1479 2482 1713 2532 νευματι
1731 2487 1810 2527 (10
1814 2490 1825 2528 )

101 2546 201 2600 τοῦ
230 2543 432 2614 πατρὸς
466 2543 557 2602 διά
586 2563 739 2612 τινας
770 2552 1077 2620 σωτηρίους
1107 2550 1424 2618 οἰκονομίας
1442 2541 1712 2600 ἀπεστάλ-

102 2638 231 2685 θαι·
264 2625 327 2694 ἃς
361 2627 426 2701 δὴ
456 2637 743 2705 γνωρίζειν
785 2632 876 2687 καὶ
906 2633 1070 2704 τιμᾶν
1100 2627 1237 2686 κατὰ
1275 2627 1335 2686 τὸ
1377 2631 1578 2702 μέτρον
1616 2632 1713 2700 τῆς

42 2710 256 2780 θοᾶξίας
301 2711 703 2788 ἐδιδάχθημεν,
757 2714 909 2792 μόνῳ
952 2718 1029 2791 τῷ
1067 2720 1406 2787 παμβασιλεῑ
1453 2716 1570 2789 θεῷ
1608 2711 1713 2785 τὴν

106 2796 411 2870 σεβάσμιον
441 2797 603 2871 τιμὴν
625 2797 1009 2873 ἀπονέμοντες.
1084 2804 1164 2856 19.
1211 2805 1287 2856 ἔτι
1327 2796 1463 2873 πρὸς
1499 2795 1713 2864 τούτοις

106 2887 354 2954 ἔγνωμεν
393 2879 525 2955 παρ’
583 2880 758 2940 αὐτοῦ
797 2882 1071 2956 μαθόντες
1122 2889 1384 2956 πολεμίας
1430 2880 1582 2949 τινας
1621 2884 1712 2939 καὶ

1311 2976 1415 3027 11⁷³e
