1946 3158
534 126 840 169 DEMONST.
870 126 1090 170 EVANG.
1125 126 1219 169 111.
1255 129 1293 168 7.
1614 124 1719 176 209

108 269 227 303 τειν
259 246 515 302 ἐνεδίδου
544 243 605 300 τὸ
636 241 1010 315 καταθύμιον,
1052 238 1192 316 ὁμοῦ
1229 243 1331 315 μὲν
1371 247 1450 308 εἰς
1482 244 1720 309 ἔνδειξιν

92 331 222 386 νταῖν
249 331 344 401 τῆς
376 325 659 400 εὐσεβείας
690 323 981 399 ἀθλητῶν,
1021 325 1160 400 ὁμοῦ
1195 328 1254 384 δὲ
1285 328 1375 383 καὶ
1410 332 1486 391 εἰς
1517 326 1577 382 τὸ
1607 339 1721 393 τοῖς

111 419 246 470 πᾶσι
286 411 533 486 φανερὸν
573 414 908 482 καταστῆναι
949 408 1031 468 ὅτι
1075 410 1149 485 μὴ
1192 414 1244 479 ἐξ
1286 409 1607 482 ἀνθρώπων
1651 403 1721 482 ἦν

111 500 346 569 βουλῆς,
377 493 505 553 ἀλλ’
533 500 594 553 ἐκ
622 500 718 568 τῆς
747 499 845 551 τοῦ
876 500 1016 552 θεοῦ
1050 491 1394 568 δυνάμεωςὴ
1425 500 1522 552 τοῦ
1554 493 1722 567 λόγου

65 603 88 636 5
112 580 386 647 σύστασις.
450 585 534 638 37.
570 579 767 636 αὐτίκα
798 586 878 646 τίς
909 575 1012 636 οῦκ
1042 575 1113 636 ἂν
1143 578 1454 653 θαυμάσειε
1482 570 1549 636 τά
1580 597 1722 652 συμ-

110 672 330 738 βαίνειν
359 663 496 721 κατα
525 662 652 729 τοῦς
682 662 940 721 τοιούσδε
970 664 1196 736 καιροὺς
1229 662 1496 733 εἰωθότας
1537 668 1595 719 015
1619 663 1723 736 μὲν

110 747 215 823 γάρ
264 753 358 820 τῆς
413 746 698 821 εὐσεβείας
738 746 978 820 ἀθληταὶ
1023 746 1083 804 τὸ
1123 751 1257 818 πρὶν
1298 746 1619 821 ἀνθρώποις
1658 771 1722 820 γε

110 847 223 900 τοῖς
247 837 378 890 πᾶσι
396 831 647 905 διάδηλοι
670 834 763 889 καὶ
790 836 1112 904 διαπρεπεῖς
1146 835 1412 904 ἐγίνοντο,
1443 835 1555 888 τῶν
1575 832 1723 906 παρὰ

109 921 185 993 τῷ
215 921 335 993 θεῷ
366 919 758 989 κατηξιωμένοι
788 921 1095 988 βραβείων·
1144 920 1202 972 015
1230 916 1290 972 δὲ
1320 922 1414 987 τῆς
1437 912 1722 987 εὐσεβείας

48 1025 89 1057 ιο
112 1003 360 1074 πολέμιοι
389 999 484 1067 τὰς
516 998 902 1074 προσηκούσας
935 1002 1174 1068 ἐξέτινον
1214 1005 1398 1072 δίκας,
1430 999 1721 1073 θεηλάτοις

110 1084 360 1159 μάστιξιν
398 1084 783 1158 οἰστρούμενοι
823 1086 915 1141 καὶ
957 1090 1069 1141 πᾶν
1110 1083 1170 1141 τὸ
1202 1090 1362 1158 σῶμα
1396 1089 1599 1151 δεινοῖς
1631 1087 1723 1141 καὶ

110 1168 358 1244 ἀνιαροῖς
399 1168 606 1227 πάθεσι
649 1167 1141 1242 διαφθειρόμενοι,
1185 1167 1324 1226 ὥστε
1367 1166 1474 1242 ἤδη
1517 1171 1608 1225 καὶ
1643 1175 1719 1236 εἰς
1744 1193 1833 1234 (141)

110 1252 410 1327 ὁμολογίαν
438 1257 533 1326 τῆς
557 1253 693 1311 κατὰ
718 1256 963 1326 Χριστοῦ
994 1258 1325 1326 δυσσεβείας
1355 1251 1512 1327 ἥκειν
1543 1276 1722 1327 περιε-

113 1343 369 1411 λαθῆναι.
412 1343 496 1396 38.
531 1342 588 1394 οἱ
616 1341 680 1395 δέ
695 1362 758 1410 γε
782 1340 963 1395 λοιποὶ
979 1337 1181 1404 πάντες
1204 1342 1299 1411 τῆς
1325 1339 1526 1395 ἐνθέου
1550 1357 1725 1411 προσ-

50 1445 92 1478 15
114 1428 339 1496 ηγορίας
377 1418 669 1494 ἠξιωμένοι
707 1424 800 1478 καὶ
835 1421 902 1478 τὰ
936 1425 1176 1495 Χριστοῦ
1209 1437 1443 1495 φρονεῖν
1483 1420 1724 1495 αὐχοῦν-

113 1530 230 1578 τες,
273 1502 361 1563 ἐπ’
393 1504 583 1578 ὀλίγον
613 1507 1053 1579 γεγυμνασμένοι
1082 1520 1196 1572 τοῖς
1235 1513 1628 1580 πειρατηρίοις,
1663 1506 1722 1563 τὸ

116 1591 176 1647 δὲ
207 1589 439 1662 γνήσιον
479 1592 571 1647 καὶ
614 1591 905 1662 εἰλικρινὲς
936 1595 1034 1646 τοῦ
1065 1588 1416 1663 φρονήματος
1449 1588 1725 1658 ἐπιδειξά-

113 1697 302 1748 μενοι,
344 1674 446 1746 τὴν
486 1680 699 1731 οἰκείαν
739 1667 906 1741 αὖθις
937 1673 1334 1747 ἀπελάμβανον
1376 1678 1722 1747 ἐλευθερίαν,

117 1764 194 1825 εἰς
232 1766 416 1831 μεῖζον
445 1757 710 1832 ὁσημέραι
753 1757 830 1815 δι’
869 1756 1054 1815 αὐτῶν
1085 1758 1457 1831 ἐκλάμποντος
1488 1761 1588 1816 τοῦ
1618 1776 1723 1816 σω-

52 1865 94 1898 20
116 1848 309 1916 τηρίου
347 1841 544 1916 λόγου,
585 1845 677 1899 καὶ
720 1845 779 1900 ἐν
819 1839 1005 1908 αὐτοῖς
1048 1867 1111 1915 γε
1140 1845 1324 1916 μέσοις
1354 1856 1468 1909 τοῖς
1503 1847 1724 1916 ἐχθροῖς

116 1931 616 2002 κατακρατοῦντος,
658 1931 740 1984 39.
774 1925 848 2001 μὴ
878 1925 1052 2000 μόνον
1080 1950 1139 1983 τε
1168 1932 1281 1985 τῶν
1310 1927 1528 2001 ὁρατῶν
1560 1935 1724 1984 πολε-

116 2017 260 2084 μίων
288 2014 879 2085 κατεξανισταμένους,
925 2011 1064 2068 ἀλλὰ
1095 2014 1187 2068 καὶ
1218 2018 1332 2069 τῶν
1363 2010 1642 2084 ἀοράτων,
1678 2022 1731 2069 εἴ
1750 2038 1770 2069 b

115 2118 260 2163 τινες
289 2094 396 2170 ἄρα
427 2096 539 2154 εἷεν
569 2093 712 2170 ἀμφὶ
742 2095 839 2153 τὸν
868 2098 994 2170 περὶ
1024 2100 1132 2168 γῆν
1154 2092 1291 2170 άέρα
1315 2095 1534 2169 ζοφώδη
1558 2118 1724 2168 πονη·

117 2182 202 2253 ροὶ
246 2186 506 2254 δαίμονες
548 2184 639 2238 καὶ
678 2179 938 2254 ἄρχοντες
978 2178 1218 2252 τούτων,
1261 2178 1358 2247 οὓς
1399 2182 1490 2237 καὶ
1523 2179 1726 2246 αὐτούς

52 2285 97 2317 25
118 2267 176 2322 οἶ
199 2263 418 2337 γνήσιοι
447 2269 545 2322 τοῦ
577 2263 816 2338 Χριστοῦ
840 2267 1084 2338 μαθηταὶ
1112 2263 1183 2321 δι’
1220 2263 1443 2337 ἁγνείας
1473 2271 1603 2337 βίου
1634 2268 1724 2321 καὶ

117 2351 228 2405 τῶν
270 2348 406 2423 πρὸς
444 2347 541 2406 τὸν
579 2347 717 2407 θεὸν
759 2349 939 2423 εὐχῶν
984 2347 1076 2406 διά
1106 2371 1164 2405 τε
1194 2355 1287 2422 τῆς
1320 2347 1492 2406 αὐτοῦ
1525 2351 1724 2405 ἐνθέου

118 2440 485 2507 προσηγορίας
519 2431 898 2502 ἐξελαύνοντες
917 2479 932 2506 ,
966 2440 1211 2506 σημείων
1239 2437 1351 2490 τῶν
1382 2432 1549 2511 πάλαι
1583 2437 1725 2489 ἱστο-

119 2519 406 2589 ρουμένων
446 2514 544 2575 ὑπ’
596 2515 766 2575 αὐτοῦ
806 2520 1093 2590 γεγονέναι
1134 2517 1492 2590 παραδόξων,
1533 2518 1625 2573 καὶ
1666 2519 1727 2574 ἐν

119 2598 295 2677 τούτῳ
326 2616 436 2668 τοῖς
469 2608 715 2676 συνορᾶν
746 2604 1075 2675 δυναμένοις
1116 2601 1182 2658 τὰ
1214 2600 1478 2675 τεκμήρια
1508 2604 1603 2673 τῆς
1637 2603 1727 2657 ἐν-

56 2702 99 2736 30
122 2683 260 2740 θέου
290 2682 485 2756 ἀρετῆς
517 2682 688 2744 αὐτοῦ
720 2686 1148 2752 διαδεικνύντες.

248 2771 332 2824 40.
371 2764 530 2824 Ἀλλά
559 2768 663 2843 γάρ
706 2773 884 2828 ταῖνδε
929 2770 1064 2828 κατὰ
1106 2769 1299 2843 καιρὸν
1339 2791 1727 2844 προγεγυμνα-

124 2851 342 2923 σμένων
372 2851 559 2925 καιρὸς
589 2851 696 2927 ἤδη
727 2863 887 2912 καλεῖ
911 2859 1006 2928 τῆς
1036 2855 1443 2928 μυστικωτέρας
1466 2855 1593 2929 περὶ
1626 2850 1731 2910 αῦ-

206 2957 436 2988 ΕσεεΒΙῑῑε
470 2959 548 2991 111.
1411 2946 1477 2998 14
