1946 3158
581 122 890 165 DEMONST.
919 121 1140 166 EVANG.
1171 122 1206 162 1.
1239 124 1279 163 9.
1673 121 1739 173 61

138 241 192 307 ἐξ
224 234 436 309 αὐτῶν,
490 233 563 303 ὦς
608 233 720 310 ἅμα
765 242 899 313 σίτῳ
939 235 1184 310 καλάμης
1213 235 1581 309 ὑποφυείσης,
1613 234 1735 294 ἀλλ’

135 320 291 380 οὔπω
330 321 458 388 τοὺς
489 327 820 395 σπείραντας
851 323 1143 394 αἰτιατέον,
1174 319 1307 378 οὐδὲ
1335 320 1464 389 τοὺς
1495 315 1742 395 ἀναθρε-

137 408 443 480 ψαμένους·
477 407 592 463 ἐπεὶ
625 407 718 462 καὶ
748 410 861 463 τῶν
883 409 987 463 τοῦ
1014 409 1258 478 σωτῆρος
1280 410 1551 479 μαθητῶν
1581 415 1742 480 ἴσμεν

135 490 291 558 τινὰς
323 493 376 559 ἐξ
409 488 772 558 αὐτεξουσίου
789 494 1143 563 παρατροπῆς
1174 489 1613 564 ἀποσφαλέντας.
1657 495 1738 548 14.

93 598 115 631 5
137 574 172 648 ἡ
192 576 295 649 μὲν
324 569 428 633 οὖν
449 580 597 632 αἰτία
616 578 711 649 τῆς
733 581 846 632 τῶν
869 573 1037 632 πάλαι
1057 578 1343 648 θεοφιλῶν
1363 574 1589 649 ἀνδρῶν
1618 597 1742 632 παι-

139 665 390 727 δοποιίας
429 658 746 733 ἀνείρηται,
810 657 882 732 ἣν
926 656 1112 717 οὐκέτι
1176 657 1268 733 ἐφ’
1330 658 1488 732 ἡμῶν
1554 658 1743 735 χώραν

141 751 288 818 ἔχειν
319 750 409 803 δεῖ
435 746 636 818 λέγειν,
669 741 759 801 ’ὅτε
790 743 897 801 σὺν
927 750 1044 820 θεῷ
1090 743 1181 802 διὰ
1222 747 1318 816 τῆς
1353 748 1455 802 τοῦ
1496 749 1742 819 σωτῆρος

136 825 295 902 ἡμῶν
327 828 684 902 εὐαγγελικῆς
718 833 1077 895 διδασκαλίας
1098 834 1271 901 μυρία
1294 835 1435 901 ἔθνη
1459 831 1550 886 καὶ
1576 827 1742 896 λαούς
1773 851 1838 894 [23]

136 912 275 970 κατά
303 938 362 971 τε
392 912 579 980 πόλεις
608 915 701 970 καὶ
730 912 911 986 χώρας
942 914 1034 969 καὶ
1068 911 1271 987 ἀγροὺς
1302 912 1568 985 πάρεστιν
1607 910 1743 987 ἡμῖν
1767 938 1788 968 d

73 996 451 1072 ιοῐόφθαλμοῖς
479 994 619 1073 ὁρᾶν
649 997 964 1055 σπεύδοντα
1002 996 1140 1054 κατὰ
1179 998 1239 1054 τὸ
1273 996 1435 1071 αὐτὸ,
1477 1001 1570 1055 καὶ
1610 1017 1742 1055 συν·

134 1085 397 1156 τρέχοντα
440 1085 527 1139 ἐπὶ
556 1082 658 1155 τὴν
688 1081 824 1139 κατὰ
856 1079 996 1140 θεὸν
1025 1081 1274 1155 μάθησιν
1313 1087 1410 1155 τῆς
1455 1082 1744 1155 εὐαγγελι-

137 1170 236 1240 κῆς
278 1172 662 1234 διδασκαλίας·
706 1164 788 1234 οἷς
833 1165 1118 1240 ἀγαπητὸν
1167 1165 1451 1225 δύνασθαι
1493 1170 1746 1241 ἐξαρκεῖν

138 1250 266 1318 τούς
298 1250 666 1318 διδασκάλους
718 1254 811 1309 καὶ
852 1250 1096 1326 κη’ρυκας
1146 1255 1246 1308 τοῦ
1287 1254 1383 1324 τῆς
1416 1257 1744 1324 θεοσεβείας

141 1333 328 1408 λόγου,
360 1335 585 1394 πάντων
615 1335 1061 1410 ἀπολελυμένους
1090 1339 1204 1394 τῶν
1232 1339 1332 1394 τοῦ
1361 1343 1491 1409 βίου
1523 1340 1746 1410 δεσμῶν

78 1440 120 1473 15
142 1421 233 1476 καὶ
253 1423 367 1477 τῶν
386 1427 815 1495 πολυμερίμνων
830 1427 1166 1494 φροντίδων.
1203 1425 1282 1479 15.
1298 1421 1535 1494 μάλιστα
1557 1420 1609 1478 δ’
1641 1413 1746 1478 οὖν

142 1503 356 1572 τούτοις
396 1503 710 1578 ἀναγκαίως
749 1508 924 1562 τανῦν
966 1505 1058 1562 διὰ
1095 1503 1198 1578 τὴν
1242 1508 1366 1579 περὶ
1409 1505 1475 1562 τὰ
1517 1511 1745 1579 κρείττω

141 1587 346 1662 σχολὴν
375 1588 409 1661 ἡ
439 1592 552 1646 τῶν
586 1587 778 1662 γάμων
821 1588 1170 1664 ἀναχώρησις
1210 1588 1609 1662 σπουδάζεται,
1651 1588 1746 1646 ἅτε

141 1675 268 1747 περὶ
299 1672 402 1746 τὴν
433 1679 634 1731 ἔνθεον
664 1675 755 1730 καὶ
786 1672 1033 1748 ἀσαρκον
1073 1679 1435 1731 παιδοποιίαν
1474 1671 1748 1747 ἀσχολου-

141 1760 356 1831 μένοις,
397 1754 498 1831 οὐχ
529 1757 650 1824 ἑνὸς
681 1756 818 1815 οὐδὲ
866 1763 1026 1816 δυεῖν
1064 1764 1311 1831 παίδων,
1353 1755 1478 1815 ἀλλ’
1525 1756 1746 1829 ἀθρόως

77 1861 119 1894 20
143 1847 348 1916 μυρίου
387 1842 640 1914 πλήθους
686 1841 789 1915 τὴν
838 1847 1271 1917 παιδοτροφίαν,
1315 1845 1407 1899 καὶ
1457 1841 1559 1915 τὴν
1610 1842 1748 1899 κατὰ

141 1925 281 1985 θεὸν
311 1933 628 2000 παίδευσιν,
660 1931 757 1999 τῆς
786 1950 846 1984 τε
877 1925 1046 2000 ἄλλης
1077 1926 1297 2001 ἀγωγῆς
1337 1929 1438 1985 τοῦ
1475 1934 1605 1999 βίον
1646 1925 1747 1999 τὴν

143 2014 457 2085 ἐπιμέλειαν
481 2010 962 2085 ἀναδεδεγμένοις.
1018 2017 1098 2070 16.
1124 2014 1213 2070 ἐπὶ
1235 2010 1447 2079 τούτοις
1468 2010 1676 2069 ἅπασιν
1699 2021 1756 2068 εἴ

141 2119 222 2164 τις
252 2093 493 2172 ἀκριβῶς
525 2095 757 2166 ἐξετάζοι
786 2095 916 2165 τούς
945 2100 1058 2156 τῶν
1088 2100 1342 2154 παλαιῶν
1384 2102 1572 2170 βίους,
1619 2097 1746 2170 περὶ

144 2173 223 2239 ὧν
252 2181 352 2239 τὸν
382 2181 548 2254 λόγον
577 2180 909 2255 ποιούμεθα,
933 2188 1093 2255 γνοίη
1125 2177 1196 2239 ἀν
1225 2179 1426 2248 αὐτοὺς
1459 2185 1520 2240 έν
1549 2178 1742 2254 ἀρχαῖς
1768 2200 1836 2242 (33)

8 2276 19 2286 “’
80 2282 122 2316 25
143 2267 246 2340 μὲν
275 2269 371 2338 τῆς
401 2264 618 2338 ἡλικίας
657 2269 1218 2340 παιδοποιουμένους,
1260 2272 1470 2324 θᾶττον
1511 2266 1572 2322 δὲ
1610 2263 1750 2323 ἀνα-

144 2349 375 2425 σχόντας
416 2353 509 2407 καὶ
549 2347 1064 2425 ἀποπεπαυμένους.
1154 2354 1456 2424 γέγραπται
1505 2349 1609 2423 γὰρ
1665 2347 1747 2406 ὅτι

146 2433 519 2509 εύηρέστησεν
557 2432 727 2509 Ἐνωχ
779 2442 855 2513 τῷ
903 2439 1024 2513 θεῷ
1071 2434 1207 2510 μετὰ
1245 2434 1306 2493 τὸ
1346 2439 1613 2508 γεννῆσαι
1651 2431 1748 2490 τὸν

147 2519 532 2578 Μαθουσαλά·
593 2519 834 2594 ἀκριβῶς
873 2518 1017 2578 οὕτω
1048 2524 1143 2593 τῆς
1199 2524 1419 2594 γραφῆς
1465 2516 1598 2591 μετὰ
1646 2516 1749 2590 τὴν

146 2607 245 2661 τοῦ
275 2602 470 2671 παιδὸς
499 2607 763 2678 γέννησιν
794 2602 1222 2679 εὖηρεστηκέναι
1252 2605 1328 2682 τῷ
1358 2606 1480 2680 θεῷ
1519 2601 1616 2660 τὸν
1648 2607 1750 2675 δη-

83 2714 126 2748 30
151 2687 426 2762 λούμενον
457 2691 779 2763 ι”στορούσης
798 2735 812 2762 ,
843 2693 935 2747 καὶ
966 2689 1151 2748 οὐκέτι
1193 2692 1245 2757 ἐξ
1290 2693 1506 2747 ἐκείνου
1546 2691 1750 2753 παῖδας

149 2771 299 2849 αὐτῷ
331 2777 593 2845 γενέσθαι
616 2773 1017 2847 μαρτυρούσης.
1064 2779 1142 2831 17.
1168 2775 1260 2830 καὶ
1292 2776 1424 2832 Nais
1447 2773 1508 2829 δὲ
1528 2769 1749 2846 ἀνθρω-

263 2872 334 2937 2—8V
349 2872 484 2938 ”Gens
495 2901 533 2948 5,
567 2901 634 2941 22.
