1992 3186
249 157 352 209 433
921 159 1166 199 EUSEBII

203 294 422 348 qucnv
468 278 581 331 ἐκεῖ
623 272 749 339 τούς
794 272 896 345 τὴν
944 277 1199 341 ἐξουσίαν
1255 273 1546 348 εἰληφότας
1597 273 1707 332 ὑπὸ
1759 279 1860 333 τοῦ

248 363 417 429 θεοῦ,
451 362 546 415 τοῦ
586 356 930 431 παραδόντος
971 355 1160 425 αὐτοῖς
1191 355 1293 416 οὐκ
1333 357 1597 432 ἀκρίτως,
1639 356 1757 416 ἀλλ’
1797 353 1859 418 εὖ

247 442 391 515 μάλα
426 446 484 498 ἐν
518 447 676 514 δίκῃ,
722 439 804 498 ὅτι
839 440 906 514 δὴ
938 445 1129 517 χέρσος
1162 445 1251 499 καὶ
1293 441 1515 500 ἄκανθα
1548 442 1735 501 αὐτῶν
1765 447 1860 516 γε’-

247 551 378 597 γονε
409 531 557 582 πᾶσα
587 522 620 598 ἡ
651 530 736 598 γῆ.
799 531 881 583 82.
917 525 1007 583 δια
1037 530 1196 584 τοῦτο
1214 530 1351 599 γοῦν
1378 530 1600 601 ἐπείπερ
1634 535 1710 595 εἰς
1732 532 1860 601 χέρ-

249 630 349 667 σον
390 612 481 666 καὶ
519 607 777 667 ἄκανθαν
822 607 980 668 αὐτοὶ
1025 610 1254 678 ἑαυτούς
1299 614 1666 685 κατέστησαν,
1715 618 1902 670 εἰσε-5

247 693 565 766 λεύσονται,
609 698 808 767 φησὶν,
856 698 971 752 ἐκεῖ
1006 693 1139 768 μετὰ
1171 698 1370 768 βέλους
1401 698 1491 752 καὶ
1534 695 1860 769 τοξεύματος

246 783 304 835 οἱ
327 777 431 851 τὴν
462 777 578 835 κατ’
616 778 804 836 αὐτῶν
837 783 1093 847 ἐξουσίαν
1127 779 1425 853 εἰληφότες.
1497 780 1572 854 μὴ
1612 779 1861 854 θαύμαζε

249 861 297 918 δ’
338 870 389 919 εἰ
426 865 515 919 καὶ
556 867 727 920 ταῦτα
772 866 1254 937 συνεσκιασμένως
1285 867 1377 921 καὶ
1409 863 1482 921 δι’
1521 864 1860 938 αἰνιγμάτων

246 944 594 1004 ἀποδέδοται.
650 953 730 1005 83.
768 948 1017 1005 λέλεκται
1047 951 1184 1020 γοῦν
1214 947 1323 1021 ἤδη
1355 948 1680 1023 πρότερονὴ
1713 955 1860 1006 αἰτία

245 1035 338 1103 τῆς
370 1031 624 1104 τοιαύτης
649 1039 963 1109 οἰκονομίας
987 1037 1083 1090 τοῦ
1108 1031 1295 1104 λόγου,
1329 1036 1704 1106 βουληθέντος
1739 1037 1858 1090 ε’πι-

203 1147 220 1168 c
247 1115 572 1188 κρύψασθαι
614 1114 710 1174 τὸν
753 1122 983 1190 ἔσχατον
1026 1121 1122 1173 τοῦ
1156 1116 1444 1174 Ἰουδαίων
1495 1126 1697 1184 ἔθνους
1737 1115 1862 1174 ὄλε-

245 1210 416 1272 θρον,
471 1198 543 1266 ὡς
589 1197 658 1257 ἂν
703 1201 1030 1273 φυλάττοιτο
1077 1198 1211 1274 παρ’
1261 1198 1446 1268 αὐτοῖς
1486 1201 1518 1274 ἡ
1564 1201 1748 1275 γραφη
1784 1208 1860 1268 εἰς

245 1280 404 1356 ἡμῶν
433 1288 545 1341 τῶν
578 1288 764 1342 ε’θνῶν
795 1291 1091 1356 βελτίωσίν
1130 1308 1189 1341 τε
1219 1288 1311 1342 καὶ
1345 1281 1632 1358 ὠφέλειαν.
1697 1290 1775 1342 84.
1812 1292 1863 1342 εἰ

245 1371 384 1439 γοῦν
414 1365 745 1440 ἀναφανδὸν
776 1366 961 1436 αὐτοῖς
984 1370 1087 1442 μὲν
1103 1367 1361 1442 ὄλεθρον,
1392 1383 1505 1436 τοῖς
1539 1371 1600 1426 δὲ
1632 1377 1861 1427 ἔθνεσιν

244 1449 430 1523 ἀγαθὰ
471 1452 881 1527 προεκήρυττον
912 1459 972 1510 αἱ
1000 1468 1359 1526 προφητεῖαι,
1403 1452 1589 1520 οὐδεὶς
1632 1449 1702 1510 ἂν
1733 1458 1860 1524 περὶ

246 1533 414 1602 αὐτὰς
456 1537 766 1596 ἐσπούδασε
797 1541 908 1594 τῶν
941 1542 1000 1594 ἐκ
1031 1542 1352 1610 περιτομῆς,
1398 1537 1536 1595 ἀλλὰ
1570 1537 1642 1604 ὡς
1674 1535 1859 1604 αὐτοῖς

247 1625 499 1688 ἐναντίας
530 1619 699 1686 οὔσας
723 1624 822 1697 νκαὶ
854 1622 1056 1695 ἐχθρὰς
1088 1625 1421 1697 διέφθειραν
1444 1619 1515 1680 ἂν
1546 1621 1735 1694 αὐτὰς,
1766 1624 1855 1678 καὶ

245 1698 439 1762 οὐκέθ’
483 1705 617 1778 ἡμῖν
655 1721 768 1772 τοῖς
813 1709 864 1773 ἐξ
900 1710 1086 1763 ἐθνῶν
1126 1710 1313 1779 παρῆν
1352 1721 1470 1773 ταῖς
1500 1710 1612 1763 τῶν
1642 1729 1860 1779 προφη-

244 1793 355 1846 τῶν
396 1793 520 1860 περὶ
561 1794 661 1847 τοῦ
700 1795 944 1861 σωτῆρος
985 1789 1144 1862 ἡμῶν
1183 1793 1275 1846 καὶ
1315 1792 1442 1862 περὶ
1485 1789 1644 1862 ἡμῶν
1675 1787 1859 1846 αὐτῶν

197 1894 221 1926 d
244 1880 570 1946 μαρτυρίαις
601 1873 932 1947 χρήσασθαι.
976 1879 1057 1930 85.
1094 1871 1232 1929 ἀλλὰ
1255 1872 1360 1945 γὰρ
1392 1873 1669 1931 τοσούτων
1702 1876 1765 1930 ἐν’
1790 1876 1860 1947 τῇ

244 1961 344 2014 τοῦ
367 1955 714 2029 Ἐμμανουὴλ
746 1955 920 2031 ἡμέρα
952 1958 1078 2030 περὶ
1110 1958 1168 2012 τὸ
1195 1955 1483 2014 Ἰουδαίων
1510 1964 1673 2023 ἔθνος
1698 1980 1858 2029 γενη-

247 2044 498 2113 σομένων
550 2040 686 2096 κατα
729 2041 832 2112 τὴν
879 2043 1072 2112 ἑτέραν
1119 2042 1444 2114 ἑρμηνείαν,
1502 2040 1734 2108 σπάνιός
1778 2066 1858 2107 τις

247 2130 479 2180 ἔσεσθαι
524 2126 737 2195 λέγεται
781 2123 810 2180 ὁ
855 2127 1247 2197 καταλειφθεὶς
1281 2128 1332 2192 ἐξ
1365 2124 1578 2198 αὐτῶν,
1621 2127 1747 2197 περὶ
1791 2116 1860 2182 οὗ

242 2226 420 2280 φησιν
449 2206 477 2264 ὃ
510 2207 810 2274 ἀπόστολος
833 2207 1071 2280 “λεῑμμα
1103 2207 1220 2265 κατ’
1259 2210 1491 2281 ἐκλογὴν
1521 2207 1736 2281 χάριτος
1768 2211 1861 2282 γέ-

246 2315 427 2363 γονεν.
512 2289 571 2358 ὃς
620 2291 687 2363 δὴ
733 2295 933 2363 θρέψει
975 2291 1212 2364 δάμαλιν
1253 2296 1404 2364 βοῶν
1442 2295 1534 2348 καὶ
1577 2291 1677 2349 δύο
1720 2291 1860 2365 πρό-

248 2383 415 2447 βατα,
458 2379 548 2433 καὶ
590 2375 696 2433 ἀπὸ
736 2380 836 2433 τοῦ
873 2385 1133 2434 πλεῖστον
1173 2390 1354 2433 ποιεῖν
1393 2376 1534 2447 γάλα
1579 2375 1858 2448 βούτυρον

248 2463 339 2516 καὶ
369 2464 491 2532 μέλι
522 2458 811 2533 φάγεται.”
859 2463 1102 2526 τοιοῦτος
1134 2461 1195 2517 δὲ
1226 2457 1359 2532 ἡμῖν
1390 2460 1696 2533 ἀπεδείχθη
1721 2459 1859 2516 κατὰ

245 2545 348 2616 τὴν
373 2547 642 2617 δευτέραν
671 2568 774 2602 απο
766 2543 943 2602 ’δοσιν
973 2547 1076 2610 πᾶς
1101 2540 1129 2600 ὁ
1161 2541 1518 2611 άποστολικός
1542 2549 1654 2600 τῶν
1677 2554 1856 2616 μαθη-

247 2632 359 2684 τῶν
410 2627 568 2702 χορὸς
612 2634 710 2686 τοῦ
756 2633 998 2703 σωτῆρος
1036 2627 1193 2730 ἡμων
1231 2628 1410 2700 Ἰησοῦ
1451 2631 1707 2702 Χριστοῦ.
1770 2632 1853 2684 86.

245 2709 434 2782 ω’σπερ
469 2712 582 2769 δε
558 2738 586 2769 ο
613 2715 1003 2786 καταλειφθεὶς
1027 2713 1184 2778 οὗτος
1205 2736 1446 2780 τοιουτος
1474 2719 1702 2769 ἔσεσθαι
1726 2732 1922 2782 προ-30

363 2904 415 2941 24
451 2904 573 2942 Rom.
602 2907 666 2951 11,
691 2909 728 2946 ὑ.

1885 1057 1923 1089 10

1885 1477 1923 1508 15

1881 1897 1922 1928 20

1878 2314 1919 2346 25
