1992 3186
550 103 860 148 DEMONST.
888 103 1109 147 EVANG.
1142 105 1198 144 x.
1233 105 1274 145 ε.
1634 102 1737 155 675

123 220 216 276 καὶ
250 216 394 276 ἐκῶν
415 216 657 291 “γέγονα
698 218 913 292 σκώληξ
954 221 1046 276 καὶ
1086 217 1189 277 οὐκ
1218 216 1546 294 ἅνθρωπος,
1587 217 1736 277 ὅνει-
1762 244 1849 286 [312]

125 309 219 370 δος
259 301 582 375 ἀνθρώπων
620 305 712 360 καὶ
753 307 1091 376 ἐξουδένημα
1133 300 1329 360 λαοῦ·”
1387 306 1479 360 καὶ
1508 309 1616 361 νῦν
1645 301 1737 362 ὅτε

122 388 325 455 πάντες
348 393 407 445 οἱ
432 390 778 460 θεωροῦντές
801 412 908 462 μου
930 386 991 445 τὸ
1011 392 1167 461 σῶμα
1190 391 1267 463 τῷ
1289 394 1510 464 σταυρῷ
1533 408 1735 462 προση-

122 471 427 545 λοῦμενον,
459 471 835 544 ἀποτρόπαιον
863 468 1162 546 ἡγούμενοι
1193 469 1331 542 ὁρᾶν
1368 478 1592 546 πρᾶγμα
1625 477 1734 541 ἐξε-

78 583 98 615 5
121 556 466 629 μυκτήρισοέν
495 581 592 630 με,
633 556 907 629 τοσαύτην
938 554 1059 614 κατ’
1095 561 1226 630 ἐμοῦ
1258 555 1463 629 χλεύην
1493 560 1584 615 καὶ
1618 563 1734 615 δια-

120 640 336 714 συρμόν
373 643 728 715 καταχέοντες
773 640 846 709 ῶς
889 641 963 715 μὴ
1003 640 1175 714 μόνον
1219 645 1279 698 ἐν
1322 646 1542 717 διανοίᾳ
1587 649 1734 714 λογί·

120 733 314 795 ζεσθαι
354 728 445 783 καὶ
488 729 860 799 ἐνθυμεῖσθαι
900 729 1028 799 περὶ
1071 729 1206 799 ἐμοῦ
1250 726 1316 782 τὰ
1347 724 1550 799 ἀσεβῆ,
1595 724 1734 784 ἀλλὰ

119 813 210 867 καὶ
241 808 468 883 ἀφόβως
498 813 854 883 φθέγγεσθαι
884 813 976 867 καὶ
1007 813 1068 867 ἐν
1098 812 1326 886 φανερῷ
1355 818 1548 868 λαλεῖν
1572 807 1733 868 “5202-

118 902 294 966 λησαν
322 898 462 967 γοῦν
493 898 554 953 ἐν
582 901 843 968 χείλεσιν,
876 899 1138 967 ἐκίνησαν
1161 894 1429 968 κεφαλὴν,
1459 898 1732 968 λέγοντες,
1756 921 1845 961 (501)
1921 895 1936 905 ‘

54 1007 95 1038 10
119 977 355 1052 ’ἤλπισεν
386 982 475 1036 ἐπὶ
503 977 726 1052 κύριον,
770 978 1040 1054 ῥυσάσθω
1082 977 1268 1037 αὐτόν.
1281 977 1307 998 ”
1383 985 1466 1036 62.
1503 982 1595 1037 καὶ
1625 984 1734 1038 νῦν

119 1066 258 1136 γοῦν
296 1062 386 1122 ὅτε
426 1061 492 1121 τὰ
531 1062 756 1122 τοιαῦτα
794 1090 862 1137 με
903 1066 1254 1137 περιέστηκε,
1297 1063 1359 1122 σὲ
1398 1062 1496 1121 τὸν
1526 1066 1734 1138 πατέρα

116 1173 225 1221 μου
255 1147 352 1205 τὸν
384 1147 736 1206 ἐκσπάσαντά
774 1173 842 1222 με
875 1152 933 1206 ἐκ
962 1148 1196 1221 γαστρὸς
1226 1147 1427 1222 μητρός
1458 1173 1592 1221 μου,
1637 1148 1727 1220 ἐφ’

115 1230 181 1290 ὃν
215 1236 525 1306 ἐπερρίφην
557 1238 616 1291 ἐκ
645 1232 882 1308 μήτρας,
915 1239 993 1301 εἰς
1015 1230 1081 1291 ὃν
1110 1231 1318 1306 ἤλπισα
1349 1231 1456 1290 ἀπὸ
1486 1237 1732 1306 μαστῶν,

115 1317 212 1375 τὸν
252 1319 345 1374 καὶ
375 1314 482 1374 ἀπὸ
522 1316 755 1391 γαστρὸς
796 1316 998 1392 μητρός
1036 1342 1144 1390 μου
1183 1315 1589 1392 γνωριζόμενόν
1618 1343 1731 1391 μοι,

54 1428 94 1460 15
118 1403 208 1458 καὶ
248 1401 662 1475 γινωσκόμενον
701 1402 870 1475 θεὸν,
928 1401 1154 1460 ἱκετεύω
1199 1407 1291 1459 καὶ
1342 1400 1617 1475 ἀντιβολῶ
1658 1403 1732 1475 μὴ

115 1483 421 1559 ἀποστῆναι
459 1485 557 1543 ἀπ’
601 1491 762 1560 ἐμοῦ,
804 1485 887 1544 ὅτι
926 1495 1120 1554 ιθλῖψις
1161 1485 1340 1559 ἐγγύς.
1417 1491 1499 1543 63.
1545 1489 1732 1559 μέλλει

114 1571 249 1643 γὰρ,
299 1573 472 1644 φησὶ,
517 1574 610 1628 καὶ
648 1570 782 1629 ὅσον
820 1570 978 1628 οὔπω
1028 1570 1259 1644 πάρεστι
1303 1574 1395 1628 καὶ
1446 1569 1731 1644 πλησιάζει

114 1658 353 1728 συνέχον
381 1654 489 1728 ἤδη
519 1658 612 1713 καὶ
645 1654 995 1730 ἐπικείμενόν
1023 1680 1116 1728 μοι
1144 1654 1204 1713 τὸ
1234 1654 1459 1713 πάντων
1500 1661 1731 1728 ἔσχατον

113 1744 208 1812 τῆς
247 1736 708 1813 ὑπερβαλλούσης
747 1765 855 1814 μου
899 1747 1147 1808 θλίψεως
1194 1742 1375 1814 νέφος.
1438 1738 1593 1798 οὔπω
1624 1738 1729 1813 γὰρ

49 1851 92 1883 20
116 1822 222 1897 ἐγώ
262 1832 463 1893 θλῐψιν
514 1823 724 1897 ταύτην
773 1823 876 1897 τὴν
915 1830 1024 1882 νῦν
1064 1823 1432 1898 περιέχουσαν
1473 1847 1541 1898 με
1579 1828 1729 1900 καλῶ
1758 1851 1775 1881 b

112 1906 240 1966 οὔτε
279 1907 377 1966 τὸν
417 1909 690 1982 σταυρὸν,
731 1908 862 1966 οὔτε
899 1909 1028 1975 τούς
1069 1912 1123 1977 ἐξ
1162 1906 1484 1982 ἀνθρώπων
1522 1908 1730 1966 ὀνειδι-

114 1990 304 2065 σμοῦς,
336 1991 465 2050 οὔτε
483 1991 579 2061 τὰς
602 1992 822 2067 χλεύας,
854 1992 982 2051 οὔτε
1005 1993 1115 2067 μὴν
1136 1993 1202 2050 τα
1225 1993 1331 2064 πρὸ
1362 1998 1459 2051 τοῦ
1483 1996 1730 2066 σταυροῦ

113 2076 501 2150 συμβεβηκότα
530 2102 650 2151 μοι,
681 2076 777 2144 τὰς
806 2077 1101 2151 μάστιγας,
1132 2078 1230 2145 τὰς
1259 2077 1471 2151 ὕβρεις,
1503 2079 1595 2134 καὶ
1625 2077 1728 2135 ὅσα

111 2160 251 2218 ἄλλα
294 2165 669 2237 ἐπαροίνησαν
707 2168 784 2229 εἰς
828 2164 919 2236 ἐμὲ
958 2168 1016 2220 οἱ
1053 2165 1167 2220 υἱοὶ
1215 2168 1328 2220 τῶν
1376 2161 1725 2236 ἀνθρώπων·

49 2273 90 2305 25
113 2243 252 2303 ἄλλα
282 2247 386 2320 γὰρ
425 2245 537 2320 ὁρῶ
577 2246 678 2319 τὴν
707 2246 842 2320 μετὰ
880 2251 979 2305 τοῦ
1008 2245 1257 2320 σώματος
1298 2244 1571 2304 ἀνάλυσιν
1602 2244 1721 2302 κατ’

113 2328 284 2388 αὐτὸν
303 2330 401 2388 τὸν
420 2330 688 2402 θάνατον,
720 2333 813 2388 καὶ
835 2330 938 2402 τὴν
962 2330 1243 2396 είς“Αιδου
1266 2329 1573 2402 κατάβασιν
1592 2337 1726 2402 πλη-

112 2413 429 2485 σιάζουσαν,
461 2418 554 2471 καὶ
583 2419 694 2471 τῶν
723 2411 1118 2486 ἀντικειμένων
1140 2416 1232 2470 καὶ
1266 2417 1486 2486 ἐχθρῶν
1508 2417 1584 2488 τῷ
1607 2417 1725 2489 θεῷ

115 2496 412 2570 δυναμεων
444 2496 832 2555 ἐπαναστασιν.
898 2496 984 2555 διό
1013 2521 1154 2570 φημι
1200 2522 1282 2554 οτι
1312 2506 1507 2565 θλιψις
1540 2495 1724 2569 ἐγγυς,

113 2605 195 2638 οτι
226 2578 347 2666 οῦκ.
359 2587 507 2638 ἔστιν
538 2578 567 2638 ὃ
599 2586 842 2653 βοηθῶν.
905 2586 988 2638 64.
1022 2587 1137 2647 πῶς
1167 2579 1273 2653 γὰρ
1304 2579 1404 2655 οὐχ
1442 2579 1722 2654 ὑπερβαλ-

48 2692 90 2725 30
113 2677 286 2722 λουσα
317 2657 387 2738 ἦν
426 2668 518 2722 καὶ
563 2675 793 2739 μεγίστη
822 2674 1018 2733 θλῐψις
1049 2662 1186 2738 αῦτη
1219 2670 1430 2766 ἐκείνη,
1464 2669 1524 2723 ἐν
1553 2657 1591 2739 ᾗ
1618 2664 1723 2722 οῦκ

114 2756 264 2807 ἔστιν
283 2745 312 2806 ὁ
336 2754 594 2822 βοηθῶν,
626 2749 654 2807 ὁ
685 2775 787 2823 μεν
809 2775 915 2822 γαρ
941 2752 1029 2807 ἐπὶ
1054 2757 1298 2825 σωτηρία
1321 2756 1433 2807 τῶν
1458 2753 1518 2807 ἐν
1526 2748 1722 2807 Ἀιδου

114 2838 309 2907 ψυχῶν
349 2833 548 2907 παρῄει
592 2838 651 2891 ἐκ
695 2841 909 2907 μακροῦ
948 2839 1147 2901 αἰῶνος
1186 2833 1287 2906 τὴν
1330 2833 1520 2906 ἄφιξιν
1550 2831 1724 2891 αὐτοῦ
1754 2870 1768 2890 e

1313 2928 1422 2979 43*
