1946 3158
194 108 301 161 204
868 106 1114 148 EUSEBII

198 245 285 283 σοι
323 222 614 298 ὁμολογεῖν
653 220 882 294 ἀνάγκη.
958 226 1040 277 15.
1073 219 1438 295 προστάξαντι
1477 221 1583 294 γάρ
1615 218 1805 289 οὐδεὶς

93 306 447 382 (ι37)ἠπείθει,
479 306 618 365 ἀλλὰ
641 303 1114 378 πειθαρχήσαντες
1138 302 1311 363 αὐτοῦ
1332 311 1407 381 τῷ
1423 304 1652 379 νεύματι
1668 305 1806 363 κατὰ

195 418 262 451 τα
292 394 715 467 παρηγγελμένα
744 395 858 447 πᾶν
897 392 1056 462 γένος
1087 386 1407 463 ἀνθρώπων
1440 389 1805 463 ἐμαθήτευον,

199 481 258 534 ἐκ
296 483 393 548 τῆς
433 482 638 540 οἰκείας
678 477 777 546 γῆς
820 475 909 530 ἐπὶ
950 473 1131 530 πάντα
1172 471 1515 546 στειλάμενοι
1543 473 1609 531 τοὶ
1644 480 1804 576 ἔθνη,

199 565 259 619 ἐν
297 557 466 636 ὀλίγῳ
509 582 568 616 τε
605 560 677 631 ἦν
720 564 853 630 ἔργα
892 563 1177 632 θεωρῆσαι
1214 555 1342 623 τούς
1373 557 1584 630 λόγους.
1646 557 1849 631 nemi-5

197 667 366 719 ρυκτο
409 649 549 716 γοῦν
593 641 653 700 τὸ
700 639 1025 715 εὐαγγέλιον
1067 645 1128 699 ἐν
1166 649 1366 715 βραχεῖ
1403 641 1585 718 χρόνῳ
1618 646 1678 699 ἐν
1706 639 1807 717 ολῃ

196 732 264 804 τῇ
292 730 590 802 οἰκουμένῃ
634 733 711 793 εἰς
741 725 1046 801 μαρτύριον
1075 741 1188 793 τοῖς
1222 732 1440 799 ἔθνεσι,
1472 728 1565 783 καὶ
1595 725 1811 800 βάρβα-

199 837 285 884 ροι
314 810 438 869 καὶ
437 809 687 884 Ελληνες
715 836 812 877 τας
843 813 970 885 περὶ
994 813 1093 867 τοῦ
1116 809 1298 883 Ἰησοῦ
1318 835 1536 883 γραφας
1560 816 1810 884 πατρίοις

196 901 571 971 χαρακτῆρσιν
600 899 693 953 καὶ
716 902 927 971 πατρίω
953 920 1115 969 φωνῃ
1097 894 1561 995 μετελάμβαῗνον.
1598 900 1677 951 16.
1693 899 1810 951 καί·

197 1005 280 1039 τοι
309 988 391 1048 τίς
421 980 525 1038 οὐκ
556 977 625 1037 dv
656 978 989 1053 ἀπορήσειεν
1020 978 1261 1052 εὐλόγως
1307 986 1388 1046 τίς
1418 980 1489 1051 ἠν
1519 977 1626 1052 άρα
1655 975 1684 1034 5
1714 1002 1810 1051 της
1833 1005 1874 1037 10

197 1071 309 1123 τῶν
354 1069 623 1138 μαθητῶν
666 1070 764 1121 τοῦ
800 1061 979 1136 Ἰησοῦ
1025 1068 1384 1130 διδασκαλίας
1428 1061 1656 1137 τρόπος;
1705 1087 1811 1136 αρα

153 1171 172 1204 b
198 1148 302 1223 γὰρ
345 1156 421 1216 εἰς
460 1151 637 1222 μέσην
678 1146 1053 1222 παρελθόντες
1093 1147 1282 1221 πόλιν,
1324 1145 1492 1204 ἔπειτ’
1540 1150 1600 1204 ἐν
1639 1144 1812 1222 άγορα

108 1253 173 1297 [89]
201 1232 426 1300 στάντες
458 1235 549 1289 καὶ
581 1236 684 1305 βοῇ
708 1238 914 1305 μείζονι
945 1230 1278 1305 χρησάμενοι
1310 1229 1655 1289 συνεκάλουν
1685 1232 1813 1296 τοὺς

199 1316 520 1391 παριόντας,
552 1314 782 1374 κάπειτα
803 1315 1212 1388 ἐδημηγόρουν;
1245 1318 1342 1372 καὶ
1366 1322 1447 1382 τίς
1477 1307 1549 1388 ἦν
1578 1311 1684 1389 άρα
1715 1313 1812 1372 αὐ-

198 1415 312 1469 τοῖς
349 1407 445 1472 τῆς
489 1406 827 1473 δημηγορίας
867 1397 896 1456 5
928 1398 1117 1472 λόγος,
1162 1401 1204 1475 ᾧ
1235 1409 1538 1457 πεπεισθαι
1569 1399 1713 1465 εἰκὸς
1743 1423 1814 1472 ην
1835 1424 1876 1456 15

198 1486 327 1552 τοὺς
367 1482 783 1559 ἆκροωμένους;
828 1507 943 1551 πως
976 1485 1037 1541 δὲ
1077 1486 1168 1541 καὶ
1200 1482 1582 1558 ἐδημηγόρουν
1611 1481 1813 1556 ἄνδρες

198 1568 395 1644 λόγων
406 1567 619 1641 ἄπειροι
646 1571 738 1625 καὶ
763 1567 941 1641 πάσης
965 1567 1218 1642 ἀμέτοχοι
1247 1574 1532 1637 παιδείας;
1567 1572 1650 1624 17.
1673 1566 1812 1624 ἄλλα

199 1652 309 1726 μὴν
348 1679 413 1711 ου
459 1677 597 1709 κατα
637 1658 878 1725 πλῆθος,
923 1677 1060 1710 κατα
1110 1655 1274 1726 μέρος
1317 1653 1380 1709 δὲ
1417 1667 1531 1718 τοῖς
1571 1669 1814 1725 προστυ-

200 1744 358 1811 χοῦσι
391 1740 719 1812 διελέγοντο.
778 1743 925 1794 τίσιν
955 1729 1057 1794 οὖν
1087 1735 1232 1793 καὶ“
1209 1743 1420 1801 οποίοις
1452 1739 1689 1808 ἐχρῶντο
1720 1734 1815 1792 λό-

199 1847 315 1894 γοις
362 1825 451 1879 ἐπὶ
493 1821 674 1879 πειθώ
719 1846 832 1878 των
881 1818 1228 1892 ἀκουόντων,
1277 1822 1394 1877 ἐπεὶ
1433 1821 1574 1893 μηδὲ
1622 1818 1812 1894 μικρὸς
1834 1849 1877 1882 20

157 1945 172 1966 c
200 1909 270 1978 ἡν
300 1903 486 1972 αὐτοῖς
517 1902 546 1962 5
577 1902 759 1978 αγών,
791 1904 866 1977 μὴ
899 1903 1262 1977 ἀρνουμένοις
1308 1902 1404 1961 τὸν
1437 1907 1815 1961 ἐπονείδιστον

199 1989 450 2047 θάνατον
489 1993 586 2046 τοῦ
618 1991 1155 2060 καταγγελλομένου;
1205 1993 1286 2044 18.
1322 1994 1373 2045 εἰ
1408 2012 1511 2061 μεν
1551 1987 1656 2061 γὰρ
1684 2012 1815 2045 του-

199 2097 297 2131 τον
329 2071 790 2145 ἐπικρυψάμενοι,
833 2074 925 2128 καὶ
966 2070 1040 2144 μὴ
1071 2070 1465 2145 ὁμολογοῦντες
1499 2081 1576 2140 εἰς
1606 2071 1814 2139 πάντας

201 2155 291 2214 οἷα
343 2159 434 2213 καὶ
486 2155 661 2213 ὁπόσα
713 2158 998 2213 πέπονθεν
1035 2152 1145 2213 ὑπὸ
1185 2153 1499 2229 Ἰουδαίων,
1544 2157 1609 2212 τὰ
1641 2154 1815 2229 σεμνὰ

200 2240 343 2314 μόνα
374 2244 464 2298 καὶ
497 2243 693 2308 ἔνδοξα
723 2239 1146 2314 προσεκόμιζον,
1186 2240 1352 2313 (λέγω
1387 2241 1449 2297 δὲ
1478 2265 1572 2307 τας
1595 2251 1814 2313 θαυμα-
1835 2267 1878 2300 25

200 2332 461 2397 τουργίας
501 2327 593 2382 καὶ
637 2348 732 2390 τας
775 2327 1237 2397 παραδοξοποιίας
1277 2323 1451 2382 αὐτου
1487 2324 1584 2388 τάς
1625 2348 1683 2381 τε
1720 2348 1816 2396 φι-

201 2409 478 2482 λοσόφους
526 2414 884 2474 διδασκαλίας
916 2406 1110 2479 αυτοῦ)
1158 2406 1284 2465 οὐδ’
1317 2405 1492 2474 οὕτως
1527 2408 1594 2478 ἠν
1628 2406 1815 2474 αὐτοῖς

204 2517 430 2567 ευχερης
461 2490 489 2550 5
521 2491 681 2565 λόγος
713 2491 850 2566 πρὸς
879 2490 939 2550 τὸ
971 2498 1196 2564 ποιῆσαι
1229 2497 1434 2567 ραδίως
1467 2494 1813 2562 συγκαταθέ-

203 2588 339 2635 σθαι
389 2576 518 2644 τούς
569 2575 875 2643 ἀκούοντας
927 2579 1480 2648 ξενοφωνουμένους,
1545 2578 1638 2632 καὶ
1690 2573 1814 2647 ἄρτι

201 2666 422 2734 πρῶτον
465 2660 834 2728 ἐπακούοντας
880 2664 1087 2718 καινῶν
1134 2659 1392 2734 ῥημάτων
1432 2656 1531 2717 ὑπ’
1585 2658 1812 2732 ἀνδρῶν
1835 2686 1877 2719 30

203 2743 374 2802 οὐδὲν
407 2748 761 2818 ἐπαγομένων
786 2742 1100 2812 ἀξιόπιστον
1125 2750 1201 2810 εἰς
1224 2743 1327 2816 τὴν
1356 2748 1468 2801 τῶν
1498 2745 1812 2816 λεγομένων

157 2858 179 2889 d
203 2835 539 2903 μαρτυρίαν·
587 2829 733 2902 πλὴν
763 2827 883 2886 ἀλλ’
921 2831 1110 2896 ἔδοξεν
1141 2824 1209 2885 ἂν
1241 2828 1627 2901 πιθανώτερον
1657 2829 1812 2898 λέγε-
