1992 3186
40 0 54 61 ›40-

591 110 899 151 DEMONST.
933 110 1158 153 EVANG.
1181 112 1257 155 1v.
1283 113 1348 152 10.
1663 109 1768 162 235

159 227 250 283 καὶ
281 222 474 299 νοεράς
505 223 716 298 φύσεις.
777 230 855 282 16.
888 222 1040 298 ῆλιος
1066 226 1127 282 δὲ
1154 224 1511 298 δικαιοσύνης
1535 229 1626 283 καὶ
1650 230 1768 299 φῶς

158 308 432 382 ἀληθινὸν
471 306 785 383 ἀνείρηται,
837 308 1141 383 ὑπουργῶν
1193 310 1256 366 δὲ
1294 312 1386 367 καὶ
1438 314 1769 383 συνουργῶν

157 408 276 460 ταῖς
305 397 404 451 τοῦ
427 391 630 467 πατρὸς
658 391 989 467 διατάξεσιν,
1019 390 1300 467 ὑπουργὸς
1321 397 1420 452 τοῦ
1450 393 1652 467 πατρὸς
1675 397 1767 452 καὶ

161 476 493 552 δημιουργὸς
534 485 873 552 χρηματίζει,
915 475 1056 535 ἄλλα
1098 481 1189 535 καὶ
1230 477 1395 552 μόνος
1437 476 1574 535 κατα
1615 477 1768 547 τάξιν

117 586 138 618 5
163 560 326 630 εἰδῶς
374 562 716 636 θεραπεύειν
755 563 920 634 θεὸν,
974 564 1135 635 μέσος
1176 586 1235 619 τε
1278 561 1448 630 ἑστῶς
1491 566 1634 621 θεοῦ
1671 566 1770 621 τοῦ

156 645 466 719 ἀγεννήτου
497 649 588 704 καὶ
618 651 730 704 τῶν
758 644 877 720 μετ’
912 645 1083 703 αὐτὸν
1106 650 1417 720 γεννητῶν,
1449 645 1551 720 τήν
1574 671 1633 704 τε
1655 653 1769 705 τῶν
1794 669 1815 701 d

155 729 303 789 ὅλων
352 731 791 804 ἀναδεδεγμένος
841 735 1115 803 φροντίδα
1155 733 1246 788 καὶ
1285 727 1428 804 ὑπὲρ
1470 736 1584 789 τῶν
1622 730 1770 804 ὑπη-

157 814 304 872 κόων
334 814 598 873 ἁπάντων
629 816 924 888 ι”ερωμένος
954 819 1028 890 τῷ
1060 816 1245 887 πατρὶ,
1278 817 1368 871 καὶ
1399 814 1566 888 μόνος
1599 813 1769 873 αὑτὸν

156 912 268 966 τοῖς
289 905 460 956 πᾶσιν
482 897 688 972 εὐμενῆ
711 901 803 956 καὶ
827 903 996 956 ἵλεων
1017 901 1293 972 παρέχων,
1325 896 1615 973 ἀρχιερεὺς
1641 899 1768 956 αἰῶ-

92 1007 132 1039 10
156 1008 272 1050 νιος
324 985 415 1040 καὶ
470 982 538 1056 δὴ
588 981 823 1056 Χριστὸς
875 985 973 1039 τοῦ
1022 981 1226 1055 πατρὸς
1275 982 1765 1059 προσαγορεύεται,

155 1065 299 1125 οὕτω
339 1065 473 1141 παρ’
507 1066 780 1141 Ἑβραίοις
811 1070 1068 1139 Χριστῶν
1108 1070 1560 1141 ἐπικαλουμένων
1599 1066 1768 1125 πάλαι

154 1155 267 1210 τῶν
296 1152 400 1224 τὴν
431 1151 617 1209 εἰκόνα
638 1156 737 1209 τοῦ
762 1150 983 1225 πρῶτον
1009 1151 1100 1208 διὰ
1118 1150 1417 1225 συμβόλων
1449 1151 1770 1210 ἐπιτελούν-

155 1251 294 1294 των·
354 1242 434 1294 17.
467 1239 559 1294 καὶ
589 1235 679 1293 ὅτε
708 1260 811 1309 μεν
841 1233 1091 1308 ἀγγέλοις
1133 1239 1441 1311 ταξιαρχῶν
1452 1239 1766 1344 ἐπιστατεῖ,

157 1318 395 1422 μεγάλης
426 1323 630 1394 βουλῆς
662 1319 891 1393 ἄγγελος
922 1317 1346 1395 ἀναγορεύεται,
1379 1323 1470 1377 καὶ
1502 1324 1615 1378 τῶν
1644 1319 1762 1378 κατ’

96 1429 136 1461 15
161 1401 403 1477 οὐρανὸν
442 1407 713 1476 στρατιῶν
766 1400 1072 1476 ἡγούμενος
1121 1403 1550 1478 ἀρχιστράτηγος
1594 1404 1769 1505 δμνά-

158 1512 300 1560 μεως
330 1495 530 1561 κυρίου
562 1488 716 1546 εἶναι.
769 1486 877 1561 ἤδη
910 1489 970 1544 δε
993 1488 1198 1546 κατιών
1231 1491 1319 1545 ἐπὶ
1350 1514 1415 1545 τα
1446 1493 1580 1562 τῇδε
1610 1485 1768 1561 ἡμῶν

157 1596 217 1630 τε
258 1569 444 1630 αὐτῶν
491 1575 588 1645 τῆς
629 1575 848 1645 λογικῆς
891 1570 1113 1644 φύσεως
1155 1576 1248 1645 τῆς
1299 1596 1357 1630 τε
1409 1577 1554 1640 ἰδίας
1595 1572 1768 1629 αὐτοῦ

157 1656 319 1730 χάριν
362 1655 575 1723 εἰκόνος
619 1659 710 1713 καὶ
763 1663 1165 1731 φιλανθρωπία
1216 1660 1314 1714 τοῦ
1370 1655 1574 1730 πατρὸς
1613 1655 1768 1714 ἀντι-

157 1739 603 1815 λαμβανόμενος,
635 1741 780 1798 καθὸ
808 1741 910 1814 μὲν
935 1746 1077 1798 ἔοικε
1109 1747 1329 1813 νηπίων
1358 1737 1550 1814 ἄρχειν
1575 1743 1666 1797 καὶ
1692 1745 1768 1798 οἶ-

95 1850 135 1882 20
159 1828 275 1883 ονεὶ
296 1824 679 1898 βοσκημάτων,
711 1823 917 1926 ποιμὴν
941 1821 1255 1897 ῶνόμασται
1279 1824 1593 1898 προβάτων,
1624 1825 1768 1882 καθὸ

160 1911 220 1966 δε
244 1916 439 1983 ψυχῶν
464 1912 733 1982 ἐμπαθῶν
755 1907 857 1981 τὴν
887 1915 1199 1982 θεραπείαν
1223 1911 1631 1994 ἐπαγγέλλεται,
1663 1927 1767 1966 σω-

159 1993 258 2066 τὴρ
299 1996 390 2050 καὶ
433 1993 615 2066 ἰατρὸς
655 1991 877 2060 εἰκότως
907 2018 978 2050 αν
1008 1995 1235 2066 λέγοιτο.
1312 1994 1399 2051 18.
1433 1996 1594 2050 τοῦτο
1625 1997 1764 2065 γοῦν
1790 2018 1880 2060 (165)

157 2075 192 2151 ἡ
235 2080 363 2150 παρ’
402 2079 675 2151 Ἑβραίοις
726 2081 823 2134 τοῦ
871 2074 1049 2150 Ἰησοῦ
1102 2083 1359 2150 σημαίνει
1408 2085 1765 2151 προσηγορία.

160 2164 277 2219 ἐπεὶ
309 2131 370 2219 δὲ
402 2166 515 2219 ἔδει
545 2162 676 2219 ποτὲ
707 2164 799 2218 καὶ
831 2159 978 2238 αὐτῷ
1008 2159 1252 2235 ὀργάνου
1283 2158 1662 2235 ἀνθρωπείου,
1696 2157 1769 2227 ῶς

95 2268 136 2300 25
160 2243 230 2302 ἂν
261 2248 352 2302 καὶ
376 2244 697 2321 ἀνθρώποις
723 2244 923 2303 ἑαυτὸν
946 2244 1179 2318 φήνειεν
1202 2247 1294 2302 καὶ
1317 2250 1412 2318 τῆς
1444 2250 1541 2304 τοῦ
1566 2245 1769 2319 πατρὸς

160 2329 508 2403 ἐπιγνώσεως
538 2331 630 2386 καὶ
662 2328 948 2402 εὐσεβείας
978 2328 1076 2388 τὸν
1098 2326 1282 2402 ἀληθῆ
1315 2329 1480 2403 λόγον
1508 2329 1767 2428 διδάξειε,

158 2416 248 2470 καὶ
281 2419 475 2471 τοῦτον
505 2411 609 2471 οὐκ
638 2412 966 2487 ἀπαρνεΐται
987 2413 1083 2471 τὸν
1111 2413 1341 2487 τρόπον
1390 2413 1582 2485 ἐπιβὰς
1616 2414 1675 2469 δε
1707 2413 1770 2468 εὐ

159 2495 303 2568 μάλα
327 2502 391 2572 τῇ
416 2494 651 2574 ἡμετέρα
674 2497 840 2571 φύσει
865 2497 1120 2571 πάρεισιν
1145 2504 1221 2565 εἰς
1245 2496 1599 2571 ἀνθρώπους,
1632 2495 1769 2554 θεὸν

164 2579 236 2636 δι’
267 2577 572 2653 ἀνθρώπου
595 2584 734 2655 μέγα
757 2585 948 2655 θαῦμα
971 2596 1084 2648 τοῖς
1108 2585 1279 2638 πᾶσιν
1300 2579 1767 2653 ἐπιδεικνύμενος,

97 2687 138 2719 3ο
165 2659 236 2729 ῶς
266 2660 336 2721 ἂν
365 2663 438 2737 μὴ
468 2665 640 2737 μόνον
681 2669 734 2734 ἐξ
764 2663 1014 2738 ἀφανοῦς
1056 2667 1148 2722 καὶ
1179 2662 1390 2737 άδήλου
1421 2663 1659 2737 ἄσαρκος
1691 2661 1769 2722 ῶν
1794 2691 1815 2723 b

278 2859 299 2896 1
333 2857 441 2900 Mal.
463 2859 503 2910 4,
527 2859 588 2898 20
627 2859 692 2899 Io.
718 2860 756 2911 1,
780 2860 820 2898 9.
997 2859 1048 2898 15
1079 2857 1156 2898 Es.
1178 2859 1218 2908 9,
1241 2860 1282 2898 6.
1343 2858 1430 2899 Ios.
1457 2859 1498 2910 5,
1526 2859 1591 2897 14.
