1992 3186
252 112 357 163 460
927 109 1176 150 EUSEBII

252 225 286 299 ἢ
317 226 469 303 μόνῳ
500 231 645 301 θεῷς
680 228 739 282 ἐκ
768 230 964 282 τοίνυν
992 227 1088 295 τῆς
1110 225 1368 298 Βηθλεὲμ
1393 225 1623 299 (χωρίον
1654 227 1722 283 δέ
1748 228 1862 285 ἐστι

212 347 228 369 c
254 315 346 384 τῆς
384 308 679 380 Ἰουδαίας,
729 305 796 365 οῦ
838 306 1027 380 πόρρω
1066 312 1163 380 τῆς
1195 307 1554 383 Ἰερουσαλὴμ
1605 307 1860 385 διεστὼς)

252 399 472 467 λέγεταί
498 417 578 459 τις
612 395 665 460 ἐξ
683 398 884 458 αἰῶνος
907 388 1174 465 ὑπάρχων
1199 392 1654 466 προελεύσεσθαι.
1702 391 1863 452 οῦδέ-

253 502 412 549 τερον
458 478 519 534 δὲ
561 480 796 534 ἐνθένδε
835 473 869 549 ἢ
909 475 1081 549 μόνον
1112 475 1210 534 τὸν
1240 479 1430 549 Λαβὶδ
1473 475 1710 552 εὕρομεν
1741 483 1863 536 ἐπί-

254 566 415 629 δοξον
444 563 845 634 γεγενημένον,
876 563 969 617 καὶ
1001 566 1187 618 ἔπειτα
1217 560 1332 635 μετ’
1371 566 1588 620 ἐκεῖνον
1609 562 1706 620 τὸν
1734 558 1862 636 ἡμέ-
1884 593 1904 625 5

252 670 413 719 τερον
444 648 665 719 σωτῆρα
688 644 904 718 Ἰησοῦν
933 644 1031 702 τὸν
1060 645 1302 718 Χριστὸν
1330 650 1429 704 τοῦ
1458 650 1626 719 θεοῦ,
1675 649 1864 721 ἕτερον

255 731 315 788 δὲ
345 729 494 805 παρὰ
523 729 752 796 τούτους
784 727 1002 788 οὐδένα.
1073 735 1121 786 4.
1155 727 1274 786 ἀλλ’
1310 729 1339 787 ὁ
1384 731 1486 803 μὲν
1517 733 1708 803 Δαβὶδ
1737 729 1865 799 τοῦς

254 814 486 888 χρόνους
536 820 632 887 τῆς
683 820 1019 888 προφητείας
1081 813 1433 888 προειληφώς
1490 814 1867 887 τετελευτήκει

253 905 532 966 πλείστοις
562 898 832 972 πρότερον
863 904 1009 956 ἔτεσι
1038 901 1134 970 τῆς
1158 898 1537 974 προρρήσεως·
1584 896 1703 956 ἀλλ’
1733 898 1867 957 οὐδὲ

253 981 350 1056 ἀφ’
387 980 610 1056 ἡμερῶν
633 989 835 1050 αἰῶνος
858 975 1017 1050 οῦτος
1042 981 1137 1050 τὰς
1162 982 1386 1051 ἐξόδους
1411 989 1691 1056 πεποίητο.
1734 980 1858 1041 οῦκ·
1886 1015 1928 1046 10

253 1071 357 1125 οῦν
389 1074 635 1125 λείπεται
677 1070 767 1125 ἐπὶ
804 1067 902 1125 τὸν
941 1066 1075 1140 μετὰ
1116 1070 1287 1124 ταῦτα
1328 1071 1388 1124 ἐκ
1417 1068 1675 1141 Βηθλεεμ
1705 1068 1868 1140 γενό-

207 1181 229 1213 d
252 1176 450 1225 μενον,
483 1151 581 1208 τὸν
611 1150 836 1223 ἀληθῶς
862 1149 1239 1225 Ἐμμανουὴλ,
1280 1150 1378 1209 τὸν
1407 1145 1514 1222 πρὸ
1546 1149 1725 1224 πάσης
1754 1160 1867 1209 κτί-

141 1266 229 1307 1212]
257 1253 395 1302 σεως
426 1234 668 1309 προόντα
697 1235 838 1294 θεὸν
868 1235 1034 1308 λόγον
1065 1237 1156 1292 καὶ
1186 1232 1317 1308 μεθ’
1351 1232 1510 1309 ἡμῶν
1539 1235 1678 1293 θεὸν
1708 1234 1867 1308 λεγό-

252 1343 450 1392 μενον,
483 1323 949 1394 συμπληροῦσθαι
979 1318 1043 1377 τὰ
1067 1322 1438 1393 γεγραμμένα,
1471 1321 1588 1376 ἐπεὶ
1619 1321 1712 1376 καὶ
1740 1317 1775 1391 ἡ
1807 1322 1869 1378 ἐν

176 1437 177 1441 =
252 1405 508 1477 Βηθλεὲμ
560 1407 774 1476 γένεσις
826 1401 1001 1460 αὐτοῦ
1050 1401 1310 1477 ἄντικρυς
1361 1408 1502 1462 θεοῦ
1553 1409 1868 1478 παρουσίαν
1890 1431 1932 1464 15

254 1487 456 1560 ἐδήλου
498 1487 591 1545 διὰ
632 1491 744 1546 τῶν
782 1484 904 1545 κατ’
949 1484 1125 1559 αὐτὴν
1166 1487 1512 1562 παραδόξων.
1584 1492 1632 1545 5.
1666 1486 1868 1562 γράφει

252 1578 392 1644 γοῦν
420 1571 449 1628 ὁ
473 1576 697 1640 Λουκᾶς
734 1576 932 1630 τοῦτον
972 1575 1207 1645 ἱστορῶν
1247 1571 1346 1630 τὸν
1383 1571 1590 1645 τρόπον
1610 1567 1868 1644 ’Ἐγένετο

256 1657 315 1713 δὲ
348 1659 407 1714 ἐν
435 1671 555 1722 ταῖς
584 1655 810 1730 ἡμέραις
842 1660 1098 1729 ἐκείναις,
1132 1659 1330 1729 ἐξῆλθε
1361 1655 1538 1729 δόγμα
1559 1655 1708 1729 παρα
1732 1662 1869 1733 Καί-

254 1758 418 1814 σαρος
450 1737 812 1813 Λῦγούστου,
843 1743 943 1798 τοῦ
972 1739 1411 1813 ἀπογράψασθαι
1440 1743 1629 1797 πᾶσαν
1658 1738 1761 1811 τὴν
1789 1746 1868 1796 οἰ·

255 1826 548 1897 κουμένην.
610 1824 751 1898 αὕτη
782 1821 816 1897 ἡ
847 1821 1146 1897 ἀπογραφὴ
1187 1823 1378 1896 πρώτη
1423 1826 1637 1896 ἐγένετο
1667 1822 1867 1896 ἡγεμο-
1890 1853 1931 1886 20

253 1907 514 1975 νεύοντος
530 1912 627 1981 τῆς
642 1914 858 1979 Συρίας
874 1914 1179 1981 Κυρηνίου.
1213 1909 1306 1964 καὶ
1323 1906 1652 1978 ἐπορεύοντο
1667 1906 1869 1975 πάντες

254 1991 711 2064 ἀπογράφεσθαι,
745 1995 970 2057 ἕκαστος
1003 1997 1080 2057 εἰς
1111 1989 1212 2063 τὴν
1244 1993 1447 2048 ἑαυτοῦ
1469 1991 1646 2049 πόλιν.
1695 1988 1868 2064 ἀνέβη

258 2076 317 2131 δὲ
342 2077 434 2131 καὶ
459 2072 660 2148 Ἰωσὴφ
684 2072 791 2132 ἀπὸ
814 2080 910 2147 τῆς
923 2081 1240 2146 Γαλιλαίας,
1273 2079 1333 2132 ἐκ
1356 2074 1566 2143 πόλεως
1585 2077 1868 2149 Ναζαρὲθ,

257 2164 334 2224 εἰς
374 2156 476 2230 τὴν
511 2155 817 2231 Ἰουδαίαν,
872 2164 948 2225 εἰς
989 2157 1152 2216 πόλιν
1193 2161 1412 2231 Δαβὶδ,
1462 2157 1581 2233 ἥτις
1622 2168 1869 2217 καλεῖται

257 2243 545 2316 Βηθλεὲμ,
589 2241 679 2299 διὰ
719 2240 779 2299 τό
820 2242 963 2299 εἶναι
1006 2241 1177 2299 αὐτὸν
1217 2247 1272 2310 ἐξ
1314 2252 1474 2300 οἴκου
1515 2245 1607 2300 καὶ
1636 2247 1868 2315 πατριᾶς
1889 2272 1932 2304 25

258 2329 474 2399 Δαβὶδ,
516 2324 975 2427 ἀπογράψασθαι
993 2325 1100 2383 σὺν
1143 2326 1377 2399 Μαριὰμ
1417 2331 1484 2401 τῇ
1524 2344 1869 2400 μεμνηστευ-

145 2439 233 2479 (342)
258 2412 396 2484 μένῃ
429 2408 579 2486 αύτῳ
613 2410 874 2484 [γυναικὶ]
909 2407 1048 2484 ούσῃ
1081 2408 1275 2486 ἐγκύςο.
1339 2413 1556 2482 ἐγένετο
1598 2411 1658 2467 δε
1700 2414 1760 2468 ἐν
1789 2414 1869 2488 τῷ

257 2492 458 2562 αὐτοῦς
490 2495 633 2553 εἶναι
666 2499 806 2567 ἐκεῖ,
840 2493 1202 2568 ἐπλήσθησαν
1235 2498 1295 2551 αἰ
1321 2490 1517 2594 ημέραι
1558 2497 1658 2551 τοῦ
1686 2507 1868 2552 τεκεῖν

258 2577 446 2649 αὐτήν.
509 2581 600 2636 καὶ
633 2585 783 2636 ἔτεκε
811 2578 909 2635 τὸν
938 2577 1066 2635 υἱὸν
1096 2576 1265 2650 αὐτῆς
1295 2576 1391 2636 τὸν
1421 2577 1790 2653 πρωτότοκον,
1815 2583 1863 2635 6.

258 2665 350 2718 καὶ
399 2661 830 2737 ἐσπαργανωσεν
871 2659 1070 2735 αῦτόν,
1120 2664 1211 2719 καὶ
1260 2659 1550 2722 ἀνέκλινεν
1595 2660 1764 2720 αὐτὸν
1806 2665 1867 2720 ἐν
1888 2690 1930 2722 32

373 2856 423 2895 17
456 2855 567 2895 Luc.
592 2857 632 2906 2,
658 2860 692 2895 1.
