1946 3158
634 118 942 159 DEMONST.
974 118 1191 159 EVANG.
1218 119 1254 158 Ι.
1287 119 1325 160 6.
1692 118 1762 170 45

155 233 294 292 θεὸν
324 235 414 290 καὶ
447 232 642 306 κύριον
671 246 784 299 τοῖς
810 239 1134 305 Αἰγυπτίοις
1157 231 1482 307 ἄνθρωπον,
1513 231 1572 300 ὃς
1596 233 1762 291 σω’σει

157 317 386 390 αὐτοὺς,
437 315 502 375 ὃν
555 319 646 374 καὶ
694 316 776 374 τὰ
811 319 1063 384 ,Μωσέως
1116 317 1317 390 ἐδήλου
1367 317 1524 391 λόγια
1566 315 1639 375 δι’
1684 311 1764 377 ὧν

157 410 364 477 ἔφησεν
385 398 766 470 “ε’ξελεύσεται
795 399 1092 476 ἅνθρωπος
1118 406 1177 460 ἐκ
1192 406 1290 460 τοῦ
1321 405 1628 476 σπέρματος
1660 402 1765 460 αὐ-

154 492 281 560 τοῦ,
324 490 418 544 καὶ
458 486 740 560 κυριεύσει
780 490 968 544 ἐθνῶν
1009 483 1284 544 πολλῶν.”
1359 491 1419 544 ἐν
1459 485 1540 556 οἷς
1572 494 1764 545 ἔθνεσι

113 595 134 628 5
155 574 248 629 καὶ
282 570 578 644 Αἰγύπτιοι
610 570 899 644 δήπουθεν
930 570 1346 645 καταριθμοῖντ’
1383 570 1467 631 ἄν.
1515 577 1598 629 53.
1625 569 1766 629 ἄλλα

156 659 283 728 περὶ
324 657 428 730 μὲν
464 655 678 714 τούτων
721 654 929 730 μακρὸς
974 651 1043 713 ἂν
1075 666 1158 728 εἴη
1202 655 1388 729 λόγος,
1439 655 1521 713 ἐπ’
1559 663 1764 724 οἰκείας

157 745 354 814 σχολῆς
414 743 794 814 ἐντελέστερον
848 736 1365 813 άποδοθησόμενος·
1436 740 1496 798 τό
1541 766 1603 813 γε
1655 740 1765 815 μὴν

157 825 337 899 παρὸν
381 825 795 899 ἐπιτετηρήσθω
845 824 927 882 ὅτι
967 822 1032 881 τά
1073 824 1461 898 προηγούμενα
1502 824 1626 882 οὐδ’
1673 823 1764 882 ἅλ-

157 918 280 968 λοτε
311 906 345 982 ἢ
375 910 510 983 μετὰ
539 910 640 983 τὴν
666 907 995 980 ἐπιφάνειαν
1010 907 1188 982 Ἰησοῦ
1212 915 1311 967 τοῦ
1343 913 1584 982 σωτῆρος
1609 906 1767 983 ἡμῶν

93 1018 136 1050 10
161 998 479 1068 ἐπληροῦτο.
523 999 606 1052 54.
645 996 698 1063 ἐξ
722 997 937 1052 ἐκείνου
969 992 1073 1066 γάρ
1096 1018 1179 1051 τοι
1203 995 1295 1050 καὶ
1330 1001 1407 1063 εἰς
1431 997 1597 1068 δεῦρο
1618 994 1767 1069 παρὰ

156 1094 271 1146 τοῖς
322 1084 650 1152 Αἰγυπτίοις
705 1081 798 1136 καὶ
837 1077 986 1153 παρὰ
1034 1081 1278 1151 Πέρσαις
1321 1077 1527 1153 Σύροις
1575 1104 1632 1136 τε
1675 1082 1765 1136 καὶ

150 1162 485 1238 Ἀρμενίοις,
527 1166 619 1221 καὶ
658 1163 808 1238 παρὰ
846 1177 959 1231 τοῖς
999 1161 1094 1230 τας
1136 1161 1385 1236 ἐσχατιάς
1429 1168 1523 1236 τῆς
1554 1168 1653 1236 γῆς
1685 1169 1768 1220 οἰ-

159 1253 320 1306 κοῦσι
360 1248 695 1323 βαρβάροις,
738 1247 927 1316 αὐτοῖς
966 1271 1024 1305 τε
1063 1261 1175 1315 τοῖς
1214 1246 1273 1305 τὸ
1314 1250 1450 1320 πρὶν
1480 1247 1769 1323 ἀνημερω-
1795 1266 1863 1305 (21)

160 1331 338 1400 τάτοις
369 1336 460 1390 καὶ
491 1331 958 1407 θηριωδεστάτοις
991 1339 1201 1404 ἔθνεσι,
1232 1335 1326 1390 ναὶ
1356 1333 1468 1406 μὴν
1498 1335 1589 1390 καὶ
1621 1332 1771 1406 παρὰ

98 1438 140 1470 15
164 1432 277 1483 τοῖς
307 1415 402 1483 τὰς
432 1417 635 1490 νήσους
659 1420 929 1490 οἰκοῦσιν,
963 1415 1071 1491 (ὅτι
1103 1417 1172 1490 δὴ
1203 1420 1294 1475 καὶ
1326 1416 1539 1475 τούτων
1568 1416 1770 1491 ἠξίωσε

161 1499 384 1575 μνήμην
404 1497 438 1574 ἡ
462 1509 767 1575 προφητεία
782 1501 1170 1575 ποιήσασθαι,>
1191 1498 1329 1574 αὐτὴ
1357 1506 1538 1574 ἐκείνη
1571 1501 1603 1576 ἡ
1635 1500 1771 1559 κατὰ

158 1585 257 1643 τὸν
280 1585 525 1660 Ἀβραὰμ
556 1592 803 1644 πολιτεία
844 1588 935 1643 καὶ
975 1581 1003 1643 ὁ
1048 1592 1379 1654 παλαίτατος
1424 1588 1516 1642 καὶ
1547 1585 1772 1644 πάντων

160 1667 514 1743 ἀρχαιότατος
576 1674 672 1743 τῆς
738 1677 1063 1743 θεοσεβείας
1122 1669 1320 1743 τρόπος
1390 1669 1768 1739 σπουδάζεται.

160 1759 246 1812 55.
280 1756 372 1811 καὶ
402 1761 482 1821 τίς
514 1753 617 1813 οὐκ
647 1752 716 1812 ἂν
747 1759 1042 1828 ἐκπλαγείη
1073 1754 1132 1812 τὸ
1163 1754 1478 1828 παράδοξον
1500 1759 1599 1812 τοῦ
1630 1754 1774 1828 πρά-

97 1861 140 1894 20
162 1864 384 1913 γματος,
416 1845 467 1897 εἰ
497 1834 564 1914 δὴ
595 1845 652 1897 οἰ
679 1842 732 1908 ἐξ
750 1842 951 1907 αἰῶνος
982 1846 1162 1907 λίθοις
1192 1842 1283 1896 καὶ
1315 1838 1497 1908 ξύλοις
1528 1841 1619 1896 καὶ
1655 1845 1773 1897 δαί-

162 1943 319 1998 μοσι,
351 1930 572 1999 θηρίοις
602 1949 660 1982 τε
689 1923 1173 1999 ἆνθρωποβόροις,
1215 1927 1307 1981 καὶ
1347 1927 1595 1999 ἑρπετοῖς
1629 1923 1773 1998 ἰοβό-

90 2032 92 2035 ·
164 2018 307 2083 λοις,
355 2009 507 2087 ζῴοις
546 2033 606 2067 τε
645 2017 954 2082 παντοίοις,
1002 2011 1090 2066 καὶ
1126 2013 1407 2084 εἰδεχθέσι
1448 2007 1772 2081 κνωδάλοις,

164 2101 306 2169 πυρί
331 2117 389 2151 τε
431 2097 522 2151 καὶ
552 2098 654 2168 γῇ,
696 2095 788 2150 καὶ
830 2108 942 2160 τοῖς
982 2098 1079 2152 τοῦ
1121 2094 1324 2162 παντὸς
1368 2091 1602 2167 ἀψύχοις
1633 2112 1773 2151 στοι-

166 2185 332 2252 χείοις
362 2177 465 2251 τὴν
489 2177 790 2252 σεβάσμιον
813 2177 976 2252 τιμὴν
998 2176 1395 2254 περιτιθέντες,
1417 2180 1513 2236 τόν
1536 2176 1773 2247 ὕψιστον
1801 2196 1818 2228 b

102 2286 144 2319 25
167 2262 333 2336 θεὸν,
376 2262 473 2320 τὸν
513 2262 756 2337 οὐρανοῦ
800 2265 892 2321 καὶ
942 2268 1042 2336 γῆς
1083 2264 1451 2338 δημιουργὸν,
1494 2260 1663 2320 αὐτὸν
1706 2261 1773 2334 δὴ

166 2345 262 2405 τὸν
293 2351 405 2405 τῶν
435 2354 736 2423 προφητῶν
753 2347 967 2424 κύριον,
999 2347 1095 2406 τὸν
1124 2349 1263 2406 θεὸν
1280 2347 1527 2422 Ἀβραὰμ
1552 2349 1641 2405 καὶ
1665 2353 1775 2404 τῶν

167 2431 368 2490 τούτου
419 2431 813 2507 προπατόρων,
865 2432 1000 2508 μετὰ
1038 2434 1142 2506 τὴν
1180 2437 1279 2491 τοῦ
1326 2436 1568 2505 σωτῆρος
1618 2434 1775 2504 ἡμῶν

168 2523 484 2591 παρουσίαν
513 2514 948 2588 άνακαλοῦνται;
991 2522 1073 2575 56.
1106 2520 1199 2575 καὶ
1228 2523 1287 2575 οἰ
1318 2520 1497 2593 μικρςό
1525 2515 1777 2589 πρόσθεν

169 2608 565 2676 μητρογαμίαις
614 2604 705 2659 καὶ
753 2606 1239 2677 θυγατρομιξίαις,
1304 2601 1776 2674 ἀλληλοφθορίαις

106 2710 149 2743 3ο
171 2710 230 2743 τε
261 2688 351 2742 καὶ
384 2692 670 2754 παντοίαις
692 2694 1036 2762 μιαιφονίαις
1058 2684 1564 2760 ἐγκαλινδούμενοι,
1598 2691 1655 2743 οἷ
1671 2710 1778 2759 μη-

174 2772 271 2827 δέν
314 2795 366 2827 τι
409 2768 701 2845 ἀνημέρων
745 2780 964 2848 θηρίων
1006 2772 1103 2830 τὸν
1146 2770 1352 2845 τρόπον
1401 2774 1775 2844 διαφέροντες,

288 2898 312 2935 3
343 2896 472 2938 Num.
499 2898 567 2948 ⁶24,
590 2898 627 2937 7.
