1992 3186
578 147 885 188 DEMONST.
918 146 1140 188 EVANG.
1172 148 1252 188 VI.
1287 150 1324 187 1.
1650 145 1748 197 351

684 327 814 387 Ἀπὸ
853 334 1085 403 Ψαλμοῦ
1116 329 1201 399 ιζ’.
1656 371 1658 373 >
1774 350 1860 390 (258)

146 438 269 482 Θεοῦ
301 437 370 488 εἰς
400 433 688 493 ἀνθρώπους
717 432 926 507 ἀφίξεως
956 436 1158 504 δήλωσις
1187 437 1268 481 καὶ
1298 431 1376 481 ἐπὶ
1406 434 1555 493 ταύτῃ
1587 440 1749 494 κλῆσις

864 496 1037 538 εῗθνων.

269 597 305 654 Ι.
331 595 482 655 “Καὶ
514 604 731 655 ἔκλινεν
769 594 1042 670 οὐρανούς
1083 598 1175 653 καὶ
1218 598 1450 670 κατέβη,
1498 600 1590 654 καὶ
1621 597 1752 670 γνό-

99 709 117 740 5
142 705 246 754 φος
275 677 385 738 ὑπὸ
415 680 544 748 τοὺς
574 679 748 748 πόδας
772 679 973 753 αὐτοῦ,
1006 682 1097 737 καὶ
1131 682 1298 753 ἐπέβη
1326 684 1413 738 ἐπὶ
1444 684 1748 756 Χερουβὶμ,

141 768 234 822 καὶ
266 764 573 838 ἐπετάσθη,
606 762 884 838 ἐπετάσθη
917 767 1005 822 ἐπὶ
1034 763 1325 838 πτερύγων
1364 762 1585 838 ἀνέμων
1596 811 1612 838 ,
1658 768 1750 823 καὶ
1774 786 1795 818 b

0 885 1 936 ἓ
141 855 303 907 ἔθετο
326 848 519 917 σκότος
543 846 876 923 ἀποκρυφὴν
899 844 1090 920 αὑτοῦ,
1115 847 1300 926 κύκλῳ
1325 847 1496 907 αὐτοῦ
1519 846 1552 924 ἡ
1576 849 1751 924 σκηνὴ

293 933 371 954 συθ,

142 932 332 991 αὐτου.

267 1022 315 1074 2.
351 1017 620 1091 Ἡγοῦμαι
662 1015 754 1073 διὰ
783 1013 998 1073 τούτων
1028 1013 1289 1089 ἄντικρυς
1329 1021 1470 1074 θεοῦ
1502 1016 1750 1076 κάθοδον

75 1131 116 1162 10
139 1098 454 1175 οὐρανόθεν
483 1106 886 1174 παρίστασθαι·
932 1100 1216 1174 προειπών
1245 1097 1350 1174 γάρ
1382 1101 1586 1167 πολλὰς
1616 1113 1750 1159 θεο-

138 1192 327 1254 λογίας
360 1188 598 1258 ἐπιλέγει
641 1183 707 1242 τοὶ
748 1188 1051 1257 ἐκκείμενα.
1114 1187 1192 1260 τῷ
1221 1185 1282 1241 δὲ
1323 1187 1506 1257 λέγειν
1537 1191 1749 1243 κλίνειν

139 1267 311 1328 αὐτὸν
328 1267 605 1343 οὐρανούς
637 1271 729 1326 καὶ
749 1271 1188 1341 κατεληλυθέναι
1211 1275 1468 1342 σημαίνει
1490 1269 1592 1343 τὴν
1613 1268 1747 1327 ὑπο-

139 1353 341 1425 στολὴν
359 1358 456 1426 τῆς
480 1354 690 1411 ἐνθέου
706 1352 885 1425 δόξης,
918 1350 992 1424 ἣν
1019 1351 1048 1409 ὁ
1079 1363 1236 1419 θεῖος
1261 1349 1562 1421 ἀπόστολος
1581 1377 1749 1428 παρι-

139 1437 270 1503 στὰς
302 1443 491 1509 ἔλεγεν
513 1435 612 1502 “ὃς
644 1440 704 1493 ἐν
734 1440 920 1510 μορφῇ
951 1440 1092 1494 θεοῦ
1121 1435 1409 1510 ὑπάρχων,
1442 1435 1542 1511 οὐχ
1573 1437 1747 1510 ἁρπα-

74 1548 115 1580 15
138 1520 279 1593 γμόν
307 1518 549 1595 ἡγήσατο
579 1519 637 1578 τὸ
671 1520 813 1577 εἶναι
845 1530 935 1577 ἴσα
965 1525 1102 1597 θεῷ,
1133 1518 1257 1577 ἀλλ’
1291 1517 1462 1579 αὑτὸν
1493 1525 1747 1595 ἐκένωσε,

137 1607 360 1680 μορφὴν
400 1603 606 1662 δούλου
646 1599 886 1676 λαβών.”
959 1606 1051 1660 καὶ
1090 1602 1150 1660 τὸ
1173 1600 1384 1677 “ἐπε’βη
1427 1606 1488 1662 δὲ
1521 1608 1609 1662 ἐπὶ
1640 1615 1748 1663 Χε-

137 1691 341 1762 ρουβὶμ
371 1691 462 1746 καὶ
497 1685 809 1761 ἐπετάσθη”
844 1693 1197 1746 αἰνίττεσθαί
1220 1711 1312 1761 μοι
1343 1693 1500 1747 δοκεῖ
1526 1689 1628 1762 τὴν
1659 1693 1747 1747 ἐπὶ
1770 1717 1787 1740 c

136 1772 237 1845 τὴν
275 1778 374 1830 τοῦ
414 1777 555 1830 θεοῦ
599 1771 765 1840 δόξαν
817 1767 1290 1845 ἀποκατάστασιν,
1341 1769 1411 1844 ἣν
1454 1779 1747 1846 πεποίηται

135 1856 451 1930 ἀγγελικαῖς
490 1859 582 1914 καὶ
619 1862 801 1923 θείαις
846 1854 1115 1929 δυνάμεσι
1155 1855 1658 1930 δορυφορούμενος.
1717 1855 1747 1914 ὃ

73 1967 114 1999 20
138 1945 230 1998 καὶ
260 1939 392 1999 αὐτὸ
426 1945 746 2014 δηλοῦσθαί
775 1965 865 2014 μοι
899 1945 1054 1997 δοκεῖ
1083 1938 1176 1997 διὰ
1197 1947 1298 1997 τοῦ
1314 1939 1634 2014 “gasaiwa
1658 1944 1745 1998 ἐπὶ

137 2024 428 2100 πτερύγων
466 2022 743 2098 ἄνέμων.”
825 2030 873 2082 3.
915 2022 975 2082 τὸ
1009 2026 1069 2082 δὲ
1100 2023 1291 2092 σκότος
1321 2035 1616 2082 τεθεῖσθαι
1646 2024 1747 2098 τὴν

137 2108 470 2184 ἀποκρυφὴν
501 2107 671 2167 αὐτοῦ
702 2111 793 2167 καὶ
826 2107 1040 2182 γνόφου
1071 2107 1180 2166 ὑπὸ
1211 2107 1339 2175 τούς
1370 2108 1544 2176 πόδας
1576 2109 1746 2167 αὐτοῦ

135 2197 402 2267 λέγεσθαι
437 2192 844 2269 παραστατικὸν
867 2190 937 2251 ἂν
961 2202 1046 2265 εἰή
1071 2197 1164 2267 τῆς
1188 2199 1433 2267 κρυφίου
1456 2196 1548 2251 καὶ
1578 2192 1745 2267 ἀπορ-

138 2278 306 2351 ρήτου
347 2284 690 2352 οἰκονομίας,
731 2276 864 2335 καθ’
908 2273 980 2349 ἣν
1021 2280 1194 2334 ταῦτα
1235 2275 1415 2334 πάντα
1457 2275 1604 2354 αὐτῷ
1638 2281 1745 2335 ἐτε-

75 2387 116 2419 25
138 2371 298 2420 λεῖτο.
360 2361 544 2440 κύκλῳ
576 2363 638 2420 δὲ
668 2359 840 2420 αὐτοῦ
869 2361 902 2434 ἡ
934 2361 1110 2435 σκηνὴ
1135 2359 1307 2418 αὐτοῦ
1329 2367 1454 2419 τίνα
1483 2364 1745 2433 λέγεσθαι

139 2445 402 2520 προσήκει
451 2462 604 2506 νοεῖν
653 2442 687 2520 ἢ
727 2445 829 2519 τὴν
869 2445 1035 2517 ἁγίαν
1082 2442 1258 2503 αὐτοῦ
1301 2448 1394 2502 καὶ
1438 2444 1744 2516 καθολικὴν

141 2532 461 2603 ἐκκλησίαν,
505 2542 614 2589 εἴτε
651 2529 753 2603 τὴν
796 2532 883 2588 ἐπὶ
914 2533 1010 2601 τῆς
1051 2535 1151 2601 γῆς
1198 2538 1307 2586 εἴτε
1347 2527 1449 2600 τὴν
1490 2532 1551 2584 ἐν
1580 2525 1742 2600 ούρα-

139 2625 287 2682 νοῖςς
318 2618 366 2671 4.
398 2617 520 2687 ἑξῆς
552 2617 613 2672 δὲ
642 2614 778 2672 κατὰ
808 2614 905 2672 τὸν
936 2610 1105 2670 αὐτὸν
1142 2610 1373 2684 Ψαλμὸν
1411 2616 1683 2668 τελευτῶν
1712 2608 1740 2668 ὁ
1765 2632 1787 2665 d

140 2695 299 2769 λόγος
339 2693 476 2770 ὁμοῦ
515 2698 616 2770 τὴν
656 2706 988 2771 παραίτησιν
1028 2699 1128 2753 τοῦ
1167 2697 1436 2767 προτέρου
1477 2698 1614 2753 λαοῦ
1652 2699 1743 2752 καὶ

255 2892 281 2929 4
311 2891 385 2931 Ps.
410 2891 474 2937 17,
498 2892 537 2930 9.
712 2893 764 2930 14
794 2891 914 2931 Phil.
938 2893 976 2940 2,
1000 2891 1039 2928 6.
