1992 3186
566 132 874 174 DEMONST.
907 131 1126 174 EVANG.
1159 132 1261 172 VII.
1297 134 1339 172 1.
1653 131 1758 181 4-27

145 248 277 315 θεὸς
307 243 398 319 ἢὸ
431 246 524 305 διά
561 251 674 306 τῶν
714 246 964 320 πρόσθεν
1003 244 1465 321 ἀποδεδειγμένος
1495 244 1626 313 θεὸς
1657 248 1752 302 κύ-

147 357 290 404 ριος,
331 329 360 390 5
403 335 494 388 καὶ
536 336 610 407 τῷ
648 329 891 406 Ἀβραάμ
932 330 1036 389 οὐκ
1065 330 1243 399 ἄλλως
1273 329 1305 405 ἢ
1338 331 1409 389 δι’
1446 328 1755 403 ἀνθρώπου

146 420 361 491 μορφῆς
400 418 761 489 τεθεαμένος;
810 423 860 474 εἰ
898 413 953 472 δ’
998 413 1334 491 ἀναφέροιεν
1376 419 1463 473 ἐπὶ
1493 413 1590 471 τὸν
1613 414 1755 483 Ἐζε-

147 507 274 558 κίαν
315 506 371 558 οἱ
414 504 473 557 ἐκ
514 505 811 573 περιτομῆς
850 506 1046 571 ταῦτα,
1087 500 1183 558 τὸν
1222 504 1322 558 τοῦ
1357 499 1523 574 ’Ἁχαζ
1561 505 1753 570 παῖδα,

102 606 124 638 5
147 589 343 642 τοῦτον
375 586 516 642 εἶναι
549 584 856 657 φάσκοντες
887 585 981 641 τὸν
1010 590 1086 661 τῷ
1116 588 1280 656 πατρὶ
1312 582 1806 658 προσημαινόμε-εἰ

146 694 274 741 νον,
315 668 440 725 ἀλλ’
486 667 612 726 οὔτε
641 669 669 726 ὁ
713 666 843 742 μεθ’
886 666 1044 742 ἡμῶν
1083 667 1214 735 θεὸς
1241 667 1474 738 Εζεκίας
1514 671 1585 741 ἡν
1626 666 1756 724 οὔτε

144 767 375 826 σημεῖον
407 754 727 825 θεοπρεπες
771 756 1086 824 πέπρακταί
1123 777 1174 809 τι
1220 753 1305 810 ἐπ’
1364 752 1538 830 αὐτῷ·
1629 748 1753 808 ἀλλ’

143 836 280 894 οὐδὲ
310 836 463 910 ἀγών
493 835 526 910 ἢ
556 837 763 910 μόχθος
793 843 869 913 τῷ
900 840 1018 913 θεῷ
1047 837 1118 908 ἠν
1147 839 1272 911 περὶ
1303 835 1404 910 τὴν
1430 840 1645 894 ἐκείνου
1669 838 1755 908 γέ·

144 939 325 979 νεσιν
374 924 466 978 καὶ
508 919 686 988 ἄλλως
727 919 875 994 παρὰ
915 924 1088 977 ταῦτα
1131 927 1415 979 δείκνυται
1456 921 1484 979 5
1521 919 1756 990 Ἐζεκίας

82 1027 123 1059 ιο
144 1004 568 1078 ἀποκλειόμενος
593 1010 705 1063 τῶν
727 1003 944 1078 χρόνων
966 1008 1060 1077 τῆς
1084 1013 1437 1078 προφητείας.
1483 1010 1567 1062 41.
1587 1009 1759 1062 ταῦτα

146 1092 248 1163 μὲν
290 1090 394 1162 γὰρ
440 1088 831 1161 βασιλεύοντος
877 1087 1050 1146 αὐτοῦ
1098 1089 1166 1161 δὴ
1209 1093 1306 1147 τοῦ
1347 1088 1550 1162 πατρὸς
1594 1087 1760 1161 ’Ἁχαζ

145 1176 273 1248 περὶ
313 1173 630 1247 μελλόντων
672 1178 1011 1242 ἐθεσπίζετο·
1073 1169 1102 1230 5
1151 1172 1472 1243 δὲἘζεκίας
1513 1172 1618 1246 πρὸ
1659 1176 1758 1229 τοῦ

147 1263 471 1330 βασιλεῦσαι
515 1257 612 1315 τὸν
642 1256 806 1331 ’Ἁχαζ
851 1264 1175 1316 συνίσταται
1217 1261 1631 1331 γεγεννημένος.
1711 1263 1763 1314 εί

150 1344 210 1399 δὲ
268 1342 342 1415 μὴ
404 1344 490 1398 ἐπὶ
549 1347 746 1399 τοῦτον
798 1339 1070 1415 ἀναχθείη
1130 1342 1196 1399 τὰ
1247 1347 1342 1414 τῆς
1394 1343 1759 1416 προκειμένης

84 1447 124 1479 15
149 1425 533 1499 προρρήσεως,
580 1432 789 1483 πολλοῦ
837 1431 924 1483 δεῖ
953 1423 1050 1498 ἐφ’
1084 1429 1272 1499 ἕτερον
1302 1432 1416 1484 τῶν
1446 1426 1594 1501 παρὰ
1628 1425 1758 1484 Ἰου-

151 1516 324 1576 δαίοις
374 1509 509 1583 μετὰ
570 1508 698 1576 τούς
757 1515 852 1581 τῆς
911 1518 1248 1583 προφητείας
1307 1510 1541 1584 χρόνους
1598 1535 1759 1582 γενο-

147 1598 359 1668 μένων,
409 1598 505 1651 ε’πί
542 1617 606 1667 γε
648 1592 758 1667 μὴν
801 1598 895 1666 τῆς
947 1599 1046 1652 τοῦ
1097 1591 1344 1667 ἀληθοῦς
1388 1592 1755 1667 Ἐμμανουήλ,
1782 1618 1871 1658 (318)

147 1675 296 1736 τοῦτ’
333 1684 445 1735 ἔστι
475 1682 576 1735 τοῦ
603 1677 893 1750 γεγονότος
923 1677 1055 1751 μεθ’
1092 1677 1250 1752 ἡμῶν
1278 1682 1438 1750 θεοῦ,
1471 1681 1757 1750 γενέσεως,

149 1765 240 1819 καὶ
283 1764 371 1818 ἐπὶ
411 1761 582 1835 μόνης
627 1766 722 1834 τῆς
764 1768 862 1819 τοῦ
903 1766 1149 1835 σωτῆρος
1179 1759 1337 1836 ἡμῶν
1366 1767 1464 1819 τοῦ
1493 1768 1634 1820 θεοῦ
1667 1761 1760 1818 λό-

82 1865 127 1898 20
150 1871 253 1919 γου
286 1853 361 1913 είς
402 1843 740 1918 ἀνθρωπους
783 1849 1090 1919 ἐπιδημίας.
1178 1851 1263 1903 42.
1313 1871 1426 1903 των
1451 1845 1554 1921 γάρ
1598 1852 1761 1915 δυοιν

150 1935 426 2003 βασιλέων
470 1933 877 2005 καθῃρημένων
924 1936 1264 2004 κατελείφθη
1317 1937 1515 2004 ἕρημος
1569 1929 1603 2003 ἡ
1648 1936 1760 1987 τῶν

140 2014 426 2072 Ἰουδαίων
456 2020 546 2086 γῆ,
579 2032 762 2118 ωσπερ
795 2021 1029 2072 ἔσεσθαί
1054 2034 1226 2087 φησιν
1256 2011 1284 2072 5
1317 2015 1555 2090 χρησμὸς
1588 2013 1760 2072 είπων

140 2098 686 2172 “καταλειφθήσεται
727 2098 760 2171 ἡ
801 2104 870 2171 γῆ
916 2097 1023 2156 ἀπὸ
1055 2098 1356 2208 προσώπου
1387 2124 1498 2157 των
1530 2098 1630 2157 δύο
1662 2106 1759 2171 βα-

151 2184 376 2240 σιλέων
388 2179 417 2200 ”
463 2179 495 2239 5
533 2186 624 2240 καὶ
666 2180 802 2240 αυτὸ
843 2187 1020 2257 ῥητῶς
1060 2208 1163 2255 μεν
1193 2186 1285 2241 καὶ
1317 2208 1453 2240 κατα
1484 2187 1632 2252 λέξιν
1663 2180 1761 2240 οὕ-

84 2289 131 2321 25
152 2291 256 2332 τως
309 2263 379 2324 ἂν
424 2263 750 2340 ἀποδοθείη.
825 2266 962 2324 κατά
1019 2267 1123 2341 γὰρ
1177 2271 1407 2339 βασιλέα
1451 2266 1616 2342 ’Ἁχαζ
1668 2270 1759 2323 καὶ

143 2347 377 2408 εΗσαΐαν
406 2349 532 2408 υἱὸν
554 2349 729 2424 Ἀμώς
760 2353 850 2408 καὶ
870 2351 996 2418 τοὺς
1020 2355 1113 2424 τῆς
1137 2359 1475 2425 προφητείας
1507 2352 1758 2424 χρόνους,

155 2432 414 2504 βασιλεύς
446 2443 660 2509 Συρίας
690 2434 718 2492 5
753 2439 812 2494 ἐν
835 2441 1119 2511 Δαμασκῷ
1143 2438 1233 2491 καὶ
1259 2436 1518 2506 βασιλεὺς
1547 2434 1760 2508 Ἰσραὴλ

156 2515 184 2572 5
213 2520 271 2572 ἐν
290 2525 595 2593 Σαμαρείᾳ,
627 2518 726 2592 οὐχ
750 2518 778 2576 5
806 2524 865 2577 ἐν
887 2517 1262 2591 Ἰερουσαλὴμ,
1288 2516 1411 2575 ἀλλ’
1444 2515 1472 2574 5
1497 2525 1594 2575 τοῦ
1626 2517 1759 2590 πλή-
1787 2540 1807 2570 b

156 2609 296 2665 θους
335 2605 446 2656 τῶν
481 2599 766 2660 Ἰουδαίων
803 2607 916 2660 τῶν
954 2601 1316 2658 ἀποστάντων
1344 2606 1440 2659 τοῦ
1471 2609 1635 2660 θείου
1664 2601 1762 2660 νό-

90 2705 135 2738 30
157 2707 282 2755 μου,
315 2683 601 2756 συνθήκας
631 2686 765 2758 πρὸς
788 2686 1060 2757 ἀλλήλους
1089 2687 1335 2759 θέμενοι,
1365 2685 1494 2752 τοὺς
1516 2683 1624 2743 ὑπὸ
1650 2700 1761 2754 τοῖς

160 2765 438 2839 διαδόχοις
489 2771 588 2824 τοῦ
631 2772 821 2841 Δαβὶδ
872 2772 1338 2841 βασιλευομένους
1385 2769 1758 2842 ἐπολιόρκουν.

156 2854 241 2907 43.
288 2850 501 2908 τούτων
530 2844 633 2908 οὖν
662 2850 870 2925 ἀμφοῖν
898 2853 998 2925 τὴν
1029 2860 1358 2925 καθαίρεσιν
1388 2853 1420 2926 ἡ
1453 2861 1762 2927 προφητεία
