1946 3158
227 162 276 188 1v
849 143 1212 186 PRAEFATIO.

223 263 456 308 Parisinus
483 261 600 312 469,
636 261 947 307 membraneus
976 260 1114 304 seculi
1142 259 1414 308 duodecimi,
1454 260 1532 318 qui
1567 259 1827 304 innotuerat

226 348 277 379 ex
299 331 513 391 Catalogo
535 331 837 376 Bibliothecae
865 331 1087 375 parisinae
1115 329 1201 374 vol.
1225 328 1272 374 2.
1301 344 1344 389 p.
1369 328 1448 380 65,
1477 329 1557 374 sed
1582 328 1637 374 ab
1655 329 1826 374 Thema

225 402 460 448 Gaisfordo
489 401 665 446 demum
692 415 791 446 cum
816 400 1013 447 editione
1033 399 1333 459 Stephaniana
1361 399 1553 444 collatus
1575 407 1660 449 est,
1689 412 1826 458 quum

224 472 468 518 editionem
506 471 802 516 Oxoniensem
839 485 875 515 a.
910 468 1062 515 1852.
1099 477 1401 529 praepararet.
1452 470 1614 529 Incipit
1649 468 1703 514 ab
1730 482 1828 513 ver-

223 542 292 587 bis
327 533 357 600 ἡ
392 537 626 600 παιδίσκη
661 551 737 585 σοι
771 556 818 600 p.
848 539 1022 590 17.18
1059 539 1127 584 ed.
1165 546 1371 592 nostrae,
1411 539 1584 599 aliquot
1618 539 1670 584 ab
1698 539 1827 584 initio

225 613 348 657 soliis
376 612 600 662 desectus,
638 611 885 670 finiturque
923 609 1067 654 xelbis
1102 607 1189 669 τῆς
1224 607 1311 654 τοῦ
1336 607 1552 669 σωτῆρος
1570 601 1714 685 ἡμῶν
1738 622 1828 652 πα-

223 673 549 757 ρακελεύσεως
599 697 641 741 p
681 680 803 731 688,
857 680 921 726 29
968 681 1121 739 paucis
1159 687 1332 725 tantum
1371 680 1575 726 versibus
1621 671 1829 738 (φήσαν-

223 767 305 808 τος
333 777 395 784 -
432 740 670 810 ἀληθείας
704 766 748 811 p.
780 750 903 800 688.
942 749 1207 800 29—689‚
1245 749 1294 807 3)
1321 750 1522 801 amissis,
1563 752 1639 810 qui
1676 750 1719 794 in
1755 763 1830 795 ex-

223 830 368 867 tremo
396 822 562 866 codicis
583 821 694 866 solio
715 821 820 866 lecti
845 820 1044 865 fuerunt.
1074 820 1321 880 Unumque
1346 821 1569 866 defectum
1597 835 1650 866 ex
1675 819 1828 866 codice

223 891 391 938 Nicolai
419 891 762 941 Maurocordati,
790 889 1046 936 Walachiae
1082 890 1326 951 principis,
1363 891 1591 951 supplevit
1617 891 1649 936 Ι.
1674 891 1723 935 A.
1751 889 1831 934 Fa-

223 962 394 1007 bricius
421 963 465 1006 in
492 962 694 1008 Delectat
721 966 1109 1021 aryumentorum
1136 968 1179 1006 et
1205 962 1388 1020 syllabo
1416 965 1718 1020 scriptorum,
1751 962 1835 1019 qui

225 1035 472 1079 veritatem
505 1034 749 1092 reliyiom‘s
786 1032 1088 1077 Christianae
1127 1033 1360 1077 adversus
1395 1034 1560 1078 atheos
1591 1057 1662 1063 —
1699 1042 1830 1076 asse-

227 1108 453 1159 ruerunt,
484 1102 727 1160 Hamburgi
756 1101 877 1147 edito
906 1116 943 1145 a.
976 1101 1126 1152 1725,
1155 1101 1371 1162 Stephani
1398 1102 1610 1162 Bergleri‚
1638 1108 1689 1147 ut
1714 1100 1833 1147 vide·

228 1179 315 1223 tur,
344 1173 606 1232 apographo
636 1187 769 1222 usus,
805 1186 847 1231 p.
879 1170 1073 1222 1—22‚
1107 1172 1182 1216 sed
1210 1173 1320 1216 mira
1347 1172 1627 1232 negligentia
1652 1185 1709 1216 ne
1735 1184 1833 1215 ver·

224 1241 332 1287 bum
359 1242 538 1301 quidem
565 1243 619 1287 de
645 1248 792 1287 aetate
821 1249 864 1286 et
900 1248 1083 1286 externa
1109 1241 1377 1288 condicione
1413 1242 1583 1288 codicis
1618 1240 1832 1302 prodidit,

227 1313 306 1372 qui
341 1319 447 1371 post
482 1319 673 1358 mortem
707 1312 1036 1357 Maurocordati
1074 1311 1129 1370 (a.
1169 1312 1322 1371 1730)
1366 1326 1467 1358 cum
1513 1312 1687 1372 reliqua
1734 1311 1831 1356 eius

226 1381 508 1442 supellectile
528 1382 727 1428 literaria
760 1379 1006 1442 evanuit*).
1063 1382 1220 1441 ltaque
1251 1382 1472 1442 suspicari
1502 1390 1700 1432 tantum.
1742 1394 1833 1425 non

225 1459 353 1497 certo
382 1452 530 1497 dicere
556 1452 687 1503 licet,
715 1452 913 1498 codicem
942 1452 1068 1496 illum
1097 1451 1288 1498 similem
1314 1452 1456 1498 fuisse
1482 1452 1687 1498 Parisino
1713 1450 1831 1500 469.

225 1521 319 1566 sive
345 1535 396 1566 ex
423 1522 510 1567 hoc
535 1525 652 1582 ipso.
680 1536 820 1581 quum
847 1521 992 1568 adhuc
1018 1521 1199 1581 integer
1223 1529 1368 1573 esset,
1406 1525 1498 1568 sive
1523 1537 1575 1568 ex
1601 1521 1687 1568 alio
1715 1520 1831 1566 libro

225 1592 477 1650 integriore
504 1592 804 1652 descriptum:
831 1592 885 1637 de
914 1606 1004 1653 quo
1032 1594 1202 1638 certius
1227 1592 1424 1638 iudicare
1450 1593 1606 1638 liceret
1633 1593 1671 1636 si
1699 1591 1834 1649 Berg-

224 1661 323 1706 lero
360 1661 428 1706 vel
463 1661 669 1708 Fabricio
705 1662 880 1722 aliquot
918 1662 972 1707 ab
1009 1660 1140 1707 initio
1176 1663 1365 1721 paginas
1400 1676 1500 1707 cum
1535 1661 1665 1706 libris
1702 1661 1832 1706 editis

225 1745 488 1791 comparare
514 1734 858 1792 scripturaeque
884 1732 1191 1777 diversitatem
1215 1744 1472 1791 proponere
1499 1730 1758 1791 placuisset.

366 1802 428 1846 Ex
455 1802 609 1846 codice
629 1802 831 1846 Parisino
854 1801 955 1847 469
986 1799 1052 1844 vel
1078 1800 1234 1860 priore
1260 1801 1412 1860 aliquo
1441 1802 1538 1846 eius
1566 1802 1830 1861 apographo

225 1871 506 1930 descriptum
533 1877 604 1915 est
638 1871 948 1931 apographum
975 1870 1228 1915 Oxoniense
1263 1870 1307 1915 in
1342 1871 1618 1917 bibliotheca
1652 1871 1832 1931 collegii

226 1940 272 1991 S,
299 1941 478 1986 Ioannis
499 1940 723 2000 Baptistae
741 1947 979 1990 servatum,
1001 1940 1285 1986 chartaceum
1303 1940 1516 1986 soliorum
1541 1941 1641 1987 264
1659 1942 1832 1987 formae

226 2011 458 2064 maximae,
487 2010 628 2056 seculi
657 2010 799 2070 quinti
827 2011 1000 2061 decimi,
1028 2023 1212 2055 numero
1239 2010 1302 2055 41
1331 2018 1536 2058 notatum
1564 2013 1608 2056 in
1632 2012 1680 2057 Ο.
1708 2012 1831 2057 Coxii

229 2079 444 2139 Catalogo
480 2095 523 2139 p.
554 2079 634 2130 12,
663 2080 786 2140 quod
811 2079 965 2126 labore
994 2094 1127 2140 quam
1154 2081 1304 2126 fructu
1338 2082 1507 2126 maiore
1547 2088 1693 2127 totum
1729 2096 1830 2127 cum

227 2149 415 2195 Roberti
453 2149 670 2209 Stephani
719 2150 917 2195 editione
965 2150 1158 2196 contulit
1195 2151 1476 2196 Gaisl'ordus.
1550 2152 1667 2197 Nihil
1714 2153 1831 2197 enim

227 2218 344 2264 liber
377 2219 453 2265 ille
490 2219 675 2279 praebet
710 2227 890 2280 praeter
922 2234 1089 2280 paucas
1124 2221 1455 2266 levissimorum
1493 2221 1704 2267 vitiorum
1732 2236 1832 2268 cor-

228 2289 481 2340 rectiones,
509 2304 621 2350 quas
650 2291 792 2349 quivis
820 2291 917 2350 ipse
942 2290 1089 2342 saciat,
1117 2293 1327 2351 proprios
1355 2304 1460 2336 vero
1489 2291 1574 2337 sibi
1600 2291 1737 2338 habet
1762 2306 1832 2337 er-

228 2373 359 2404 rores
386 2359 558 2404 librarii
583 2374 674 2405 non
700 2374 891 2420 paucos,
927 2360 1131 2406 versibus
1165 2361 1354 2420 integris
1381 2361 1607 2407 interdum
1635 2363 1830 2412 omissis.

228 2431 499 2489 praesertim
535 2429 612 2475 ubi
649 2429 765 2474 idem
802 2430 1067 2476 vocabulum
1103 2437 1210 2490 post
1251 2431 1384 2476 breve
1420 2433 1615 2491 spatium
1651 2432 1829 2476 rediens

230 2499 390 2544 oculos
426 2499 594 2544 librarii
631 2499 834 2551 falleret,
872 2499 994 2546 velut
1027 2515 1071 2560 p.
1105 2495 1174 2546 1¹³.
1205 2500 1306 2547 33³.
1339 2495 1481 2547 177¹).
1512 2497 1656 2548 260¹).
1685 2497 1827 2547 317¹).

343 2633 382 2685 ³¹³)
407 2637 476 2675 De
500 2637 735 2677 codicibus
759 2637 815 2678 ab
837 2637 1207 2686 Mauroeordam,
1231 2650 1365 2690 quum
1387 2639 1511 2678 circa
1533 2651 1698 2679 annum
1722 2641 1829 2680 1722

231 2692 281 2730 in
309 2691 558 2731 VValachia
585 2698 819 2745 regnaret,
864 2706 918 2733 ex
948 2668 1240 2734 monasteriis
1272 2694 1483 2745 Graecis,
1516 2695 1562 2734 in
1585 2695 1829 2736 Thessalia

231 2746 439 2799 inprimis
470 2751 516 2787 et
543 2748 590 2786 in
621 2753 770 2789 monte
800 2749 916 2789 Atho
957 2749 1165 2789 collectis
1201 2749 1348 2802 deque
1377 2751 1569 2790 interitu
1602 2751 1831 2804 amplissi-

232 2815 334 2842 mae
364 2803 496 2842 huius
528 2803 812 2844 collectionis
842 2804 930 2845 vid.
961 2805 1011 2845 C
1036 2806 1087 2845 B.
1122 2806 1293 2846 Hasius
1322 2806 1369 2845 in
1399 2805 1736 2848 Commentario
1774 2807 1828 2848 de

230 2858 403 2898 Ioanne
427 2858 552 2910 Lydo
575 2873 616 2912 p.
641 2861 1011 2900 LXIX—LXXI.
