1992 3186
266 133 370 185 258
940 79 1189 174 EUSEBIssI

391 252 474 306 65.
526 247 750 305 Τούτων
790 251 927 319 δῆτα
969 251 1510 322 προτεθεωρημένων
1563 244 1698 322 ἡμῖν
1738 251 1867 324 περὶ

261 336 357 406 τῆς
387 336 488 390 τοῦ
501 335 746 406 Χριστοῦ
775 329 1090 398 οὐσιεόσειός
1111 355 1172 389 τε
1195 333 1286 390 καὶ
1311 339 1698 407 προσηγορίας,
1731 336 1866 407 φέρε
1929 354 1935 358 ’

261 415 455 474 λοιπὸν
486 414 856 487 ἀναλαβόντες
895 413 997 487 τὴν
1027 426 1408 488 προταθεῖσαν
1446 413 1752 490 ὑπόθεσιν,
1787 414 1862 475 δι’

260 499 407 558 ὅσων
449 504 809 573 προφητικῶν
847 498 1210 572 προρρήσεων
1251 499 1279 557 ὁ
1322 500 1554 575 Χριστὸς
1602 498 1865 575 ὀνομαστὶ

260 583 694 658 προεκηρύττετο
723 583 1079 657 θεασώμεθα.
1886 608 1908 640 5

257 777 381 826 XVI.
739 763 872 823 Ἀπὸ
901 768 1002 822 τοῦ
1037 768 1271 838 Ψαλμοῦ
1302 764 1377 866 β’.

145 862 231 904 [116]
260 853 341 902 Δι’
365 851 487 902 όσων
501 859 705 930 γραφῶν
726 855 750 901 ὁ
769 856 972 928 Χριστὸς
990 855 1231 925 ὀνομαστὶ
1234 852 1326 901 υπὸ
1350 856 1583 928 βασιλέων
1595 857 1677 902 καὶ
1699 853 1867 914 ἀρχόν-

256 931 348 958 των
377 915 460 958 naz
491 912 649 958 ἐθνῶν
680 915 761 958 καὶ
795 916 923 958 λαῶν
951 910 1398 982 ἐπιβουλευόμενος,
1436 911 1484 968 ἐξ
1522 911 1671 958 αὐτοῦ
1702 929 1751 957 τε
1780 915 1867 958 τοῦ

257 971 379 1014 θεοῦ
410 967 715 1044 γεννώμενος,
738 970 821 1014 καὶ
843 967 949 1020 υίὸς
970 965 1237 1036 α’νθρώπου
1255 965 1681 1036 ἀναγορευόμενος,
1706 966 1865 1014 ἐθνῶν

332 1042 381 1070 τε
410 1027 492 1070 καὶ
514 1023 733 1080 περάτων
755 1028 842 1082 γῆς
864 1029 1039 1080 κλῆρον
1063 1022 1318 1092 λαμβάνων
1339 1023 1466 1078 παρὰ
1493 1027 1576 1070 τοῦ
1597 1023 1776 1081 πατρὸς
1885 1029 1926 1060 10

865 1078 1254 1137 προεκηρύττετο.

397 1168 456 1191 “fl

447 1181 549 1230 Ινα
600 1179 658 1228 τί
708 1170 987 1245 ἐφρύαξαν
1029 1178 1169 1244 ἐθνη
1222 1174 1313 1228 καὶ
1354 1173 1476 1228 λαοὶ
1533 1173 1863 1244 ἐμελέτησαν

213 1293 230 1315 c
253 1279 414 1325 κενα;
446 1258 800 1329 παρέστησαν
830 1260 888 1312 οι
912 1262 1158 1327 βασιλεῖς
1187 1258 1282 1327 τῆς
1312 1260 1431 1327 γῆς,
1465 1258 1554 1312 καὶ
1587 1281 1639 1313 οι
1662 1279 1865 1329 αρχον-

251 1363 338 1405 τες
379 1339 745 1413 συνήχθησαν
791 1341 878 1396 ἐπὶ
920 1337 980 1395 τὸ
1027 1336 1159 1396 αὐτὸ
1212 1339 1348 1396 κατὰ
1392 1345 1489 1396 τοῦ
1530 1346 1728 1412 κυρίου
1769 1341 1860 1396 καὶ

251 1448 388 1480 κατα
418 1428 514 1480 τοῦ
546 1427 787 1497 Χριστοῦ
819 1419 1006 1480 αὐτοῦ.
1015 1422 1044 1447 ”
1098 1427 1147 1480 2.
1183 1420 1264 1489 οἷς
1302 1425 1423 1495 ἑξῆς
1456 1426 1691 1496 ἐπιλέγει
1713 1421 1859 1495 “ἐγώ
1883 1446 1924 1478 15

253 1509 315 1564 δε
359 1507 707 1579 κατεστάθην
747 1507 1009 1578 βασιλεὺς
1049 1504 1148 1564 ὑπ’
1199 1505 1370 1564 αὐτοῦ
1418 1510 1504 1564 ἐπὶ
1534 1506 1691 1565 Σιών
1734 1505 1860 1581 ὅρος

249 1591 309 1648 τὸ
352 1587 511 1664 ἅγιον
551 1588 727 1648 αὐτοῦ
740 1636 754 1663 ,
801 1594 1142 1663 διαγγέλλων
1181 1591 1240 1648 τὸ
1282 1590 1603 1665 πρόσταγμα
1642 1597 1856 1665 κυρίου.

249 1675 438 1749 κύριος
483 1676 602 1732 εἶπε
643 1675 778 1750 πρός
820 1699 917 1748 με,
959 1674 1080 1742 υἱός
1109 1699 1217 1748 μου
1250 1676 1302 1732 εἴ
1328 1674 1426 1747 σύ,
1469 1674 1575 1746 ἐγώ
1617 1675 1858 1748 σήμερον

247 1759 555 1833 γεγέννηκά
581 1778 656 1816 σε.
713 1770 934 1832 αἴτησαι
961 1756 1094 1829 παρ’
1123 1763 1275 1831 ἐμοῦ,
1302 1761 1393 1814 καὶ
1425 1758 1584 1814 δώσω
1606 1776 1691 1815 σοι
1716 1765 1855 1830 ἔθνη

246 1844 348 1917 τὴν
396 1852 769 1917 κληρονομίαν
819 1864 920 1900 σου
977 1845 1067 1899 καὶ
1108 1841 1210 1914 τὴν
1261 1842 1590 1915 κατάσχεσίν
1639 1864 1742 1899 σου
1790 1841 1856 1899 τοὶ
1879 1866 1920 1899 20

247 1931 456 2001 πέρατα
486 1932 581 2000 τῆς
612 1923 770 2000 γῆς.”

201 2039 224 2070 d
374 2016 419 2066 3.
466 2013 799 2082 Σαφέστατα
838 2011 926 2065 καὶ
973 2007 1063 2064 διὰ
1103 2008 1315 2067 τούτων
1354 2008 1413 2065 τὸ
1446 2019 1607 2066 θεῖον
1637 2014 1855 2083 πνεῦμα

245 2093 342 2150 τὸν
373 2092 614 2166 Χριστὸν
644 2091 956 2165 ἀναφωνεῖ,
1002 2092 1128 2149 υἱόν
1170 2117 1228 2150 τε
1263 2090 1432 2149 αὐτὸν
1463 2090 1732 2150 ἀποκαλεῖ
1756 2100 1854 2151 τοῦ

244 2180 386 2234 θεοῦ
426 2176 563 2233 κατὰ
603 2175 668 2234 τα
708 2179 1189 2250 προηγορευμένα,
1238 2173 1376 2249 ὁμοῦ
1417 2179 1509 2233 καὶ
1551 2175 1852 2250 ἐπιβουλήν

242 2286 366 2318 τινα
406 2268 634 2318 ἔσεσθαι
675 2258 796 2316 κατ’
841 2257 1014 2318 αὐτοῦ
1056 2266 1342 2333 σημαίνει,
1385 2263 1476 2317 καὶ
1515 2263 1625 2316 τῶν
1667 2263 1851 2317 ἐθνῶν
1873 2284 1914 2316 25

243 2343 345 2417 τὴν
378 2343 452 2402 δι’
499 2342 671 2402 αὐτοῦ
699 2347 1006 2417 γενομένην
1045 2347 1242 2416 κλῆσιν
1276 2341 1663 2421 προκηρύττει·
1710 2341 1848 2418 ἅπερ

246 2428 553 2503 διαρρήδην
578 2427 763 2494 αὐτοῖς
789 2434 966 2502 ἔργοις
993 2429 1080 2484 ἐπὶ
1103 2432 1200 2484 τοῦ
1225 2431 1466 2500 σωτῆρος
1497 2425 1655 2500 ἡμῶν
1672 2425 1851 2499 Ἰησοῦ

242 2517 486 2585 Χριστοῦ
516 2512 550 2586 ἡ
580 2517 692 2570 τῶν
722 2511 1058 2585 πραγμάτων
1090 2513 1365 2579 ἐπέδειξεν
1391 2517 1626 2582 ἔκβασις.
1683 2514 1848 2568 εἰσέτι

242 2603 381 2669 γοῦν
433 2602 540 2654 νῦν
583 2603 722 2668 ἔθνη
766 2598 857 2652 καὶ
909 2597 1029 2652 λαοὶ
1082 2601 1328 2665 βασιλεῖς
1367 2618 1427 2651 τε
1465 2597 1556 2651 καὶ
1589 2593 1847 2668 ἄρχοντες

242 2681 397 2737 οὔπω
430 2679 700 2738 παύονται
731 2683 825 2752 τῆς
857 2677 994 2736 κατά
1022 2703 1081 2736 τε
1112 2678 1281 2735 αὐτοῦ
1313 2680 1403 2735 καὶ
1449 2685 1545 2751 τῆς
1580 2684 1844 2735 διδασκα-
1867 2702 1908 2735 30

244 2770 364 2828 λίας
397 2761 569 2820 αὐτοῦ
601 2758 889 2836 συσκευῆς.
964 2767 1011 2819 4.
1050 2768 1100 2818 εί
1130 2761 1179 2818 δ’
1218 2764 1305 2818 ἐπὶ
1346 2764 1614 2834 μέλλοντα
1644 2761 1845 2835 χρόνον

240 2844 573 2921 ἆναφέροιεν
603 2852 774 2904 ταῦτα
805 2853 862 2905 οὗ
889 2851 948 2904 ἐκ
978 2849 1300 2920 περιτομῆς,
1335 2844 1449 2919 ω’ρα
1480 2847 1573 2904 τὸν
1604 2850 1845 2918 προσδο-
