1992 3186
545 106 854 149 DEMONST.
887 106 1108 148 EVANG.
1140 106 1195 147 x.
1226 107 1267 146 8.
1611 104 1715 156 669

107 221 239 289 θεός
267 218 414 295 μου”
450 224 588 294 φησὶ
614 217 838 324 “βοήσω
867 217 1098 294 ἡμέρας,
1139 223 1232 278 καὶ
1262 219 1366 279 οὐκ
1397 219 1714 294 εἰσακούσῃ,

110 308 200 364 καὶ
232 303 451 379 νυκτὸς,
482 309 574 364 καὶ
604 305 707 364 οὐκ
738 313 852 364 ε”στι
882 324 1024 378 σιγη.
996 303 1058 325 '''
1118 304 1390 379 θαυμάζει
1423 303 1492 378 δὴ
1522 297 1625 363 οὖν
1656 308 1716 362 ἐν

108 389 322 459 τούτοις
350 388 448 448 τὸν
477 393 685 464 πατέρα
717 389 790 458 ὡς
819 389 893 464 μὴ
927 389 1289 448 είσακούοντα
1320 387 1512 462 αὐτοῦ,
1543 389 1715 462 παρά-
1741 413 1763 445 d

110 474 269 544 ξενόν
298 499 350 533 τι
379 474 579 533 τούτου
610 477 701 533 καὶ
732 498 882 549 παρα
910 474 970 532 τὸ
1002 474 1247 548 σύνηθες
1277 477 1541 547 θεωρῶν
1594 473 1624 533 ὁ
1653 475 1717 532 δε

67 586 88 619 5
112 559 418 633 ἐφύλαττεν
458 557 612 617 αὕτω
647 557 750 632 τὴν
790 557 964 631 ἀκοὴν
1004 566 1081 626 είς
1130 559 1228 617 τὸν
1269 558 1583 632 ἐπιτήδειον
1619 563 1719 616 τοῦ

113 647 552 717 εἰσακουσθῆναι
581 644 789 716 καιρόν.
861 648 948 702 42.
989 668 1150 711 ουτος
1184 645 1244 702 δε
1273 636 1346 717 ἦν
1374 639 1403 701 ὃ
1434 650 1531 716 τῆς
1570 640 1719 702 ἅντι-

113 728 329 802 λήψεως
370 735 466 802 τῆς
506 731 748 802 ἑωθινῆς
787 730 879 786 καὶ
920 724 950 786 ὁ
979 733 1076 801 τῆς
1118 731 1177 786 ἐκ
1217 733 1432 803 νεκρῶν
1478 726 1722 786 αναστοὲ-

112 812 270 888 σεως,
303 810 437 871 καθ’
470 809 563 886 ὃν,
607 819 659 871 εἰ
696 819 794 871 καί
819 838 930 871 τινι
958 811 1136 890 ἄλλῳ,
1179 815 1271 871 καὶ
1309 810 1460 890 αὐτῷ
1493 818 1722 880 δικαίως

111 894 183 956 ἂν
222 899 421 972 ἐλέχθη
451 895 564 955 “gv
603 901 779 974 καιρῷ
810 902 983 975 δεκτῷ
1030 896 1312 970 ἐπήκουσά
1352 917 1483 970 σου,
1529 901 1621 955 καὶ
1662 901 1723 955 ἐν

50 1009 90 1040 10
114 981 290 1059 ἡμέρᾳ
321 988 592 1056 σωτηρίας
625 979 909 1055 ἐβοήθησά
939 1001 1039 1040 σοι.
1104 982 1230 1040 ἰδοὺ
1270 989 1378 1041 νῦν
1414 981 1603 1056 καιρὸς
1636 979 1723 1040 εὖ·

112 1066 467 1139 πρόσδεκτος,
501 1064 626 1124 ίδού
656 1071 762 1125 νῦν
791 1063 967 1140 ἡμέρα
997 1064 1316 1141 σωτηρίας.”
1379 1071 1462 1124 43.
1511 1069 1723 1139 λέγοιτο

116 1150 168 1209 δ’
205 1148 275 1209 ἂν
303 1157 477 1209 ταῦτα
518 1154 610 1208 καὶ
652 1154 849 1225 ἑτέρως
887 1147 997 1210 ὑπὸ
1027 1155 1125 1209 τοῦ
1156 1155 1401 1224 σωτῆρος
1431 1147 1618 1224 ἡμῶν,
1652 1147 1724 1217 ὥς

117 1235 379 1304 εἰωθότος
409 1237 512 1309 μὲν
541 1233 628 1294 ἀεὶ
658 1239 750 1294 καὶ
780 1234 1015 1294 πάντοτε
1046 1235 1443 1295 εἰσακούεσθαι
1481 1233 1591 1293 ὑπὸ
1625 1238 1726 1293 τοῦ

115 1319 345 1394 πατρὸς,
389 1326 499 1378 νῦν
529 1322 593 1378 δὲ
633 1319 991 1388 πιστεύοντος
1032 1319 1608 1393 εἰσακουσθήσεσθαι,
1652 1318 1725 1386 ὡς

52 1430 94 1462 15
119 1411 170 1462 εί
197 1407 543 1479 σαφέστερον
573 1411 745 1478 ἔλεγε,
777 1405 851 1478 μὴ
882 1402 1003 1463 οἶόν
1030 1429 1090 1463 τε
1123 1408 1303 1478 ἐστὶν,
1337 1397 1382 1461 ὦ
1410 1403 1602 1479 πάτερ,
1635 1405 1726 1477 ἐμὲ

115 1488 212 1548 τὸν
250 1490 350 1548 σόν
389 1493 666 1563 μονογενῆ
704 1492 797 1547 καὶ
839 1487 1125 1562 ἀγαπητὸν
1163 1489 1293 1547 υἱὸν
1332 1489 1407 1563 μὴ
1442 1488 1723 1547 εἰσακούε-

117 1585 281 1648 σθαι,
323 1579 543 1647 βοῶντα
584 1577 677 1632 καὶ
717 1573 1023 1650 κεκραγότα
1063 1572 1198 1647 πρὸς
1245 1575 1305 1632 σὲ
1344 1573 1443 1631 τὸν
1485 1576 1730 1647 ἐμαυτοῦ

117 1661 356 1733 πατέρα;
389 1657 641 1717 διδάσκει
663 1664 802 1731 γοῦν
832 1657 968 1717 αὐτὸ
998 1661 1163 1717 τοῦτο
1188 1661 1250 1717 ἐν
1278 1661 1359 1735 τῷ
1380 1656 1517 1716 κατὰ
1542 1657 1724 1716 Ἰωάν-
1750 1682 1844 1723 (497)

116 1766 223 1814 νην
276 1741 581 1843 εὐαγγελίω
634 1745 725 1801 ἐπὶ
775 1750 872 1802 τοῦ
924 1741 1208 1817 Λαζαρου,
1260 1742 1501 1816 ὁπηνίκα
1555 1742 1731 1800 εἰπών

54 1823 316 1900 εο“ἁ’ρατε
362 1825 463 1885 τὸν
515 1835 682 1886 λίθον
732 1826 841 1885 ἀπὸ
891 1832 991 1885 τοῦ
1001 1835 1342 1936 μνημείου,
1387 1830 1554 1902 ἐπῆρε
1603 1825 1731 1894 τούς

116 1908 444 1986 ὀφθαλμοὺς
477 1914 681 1970 ἑαυτοῦ
712 1919 790 1979 εἰς
825 1911 921 1971 τὸν
950 1909 1222 1986 οὐρανὸν,
1254 1937 1347 1970 και
1378 1912 1527 1984 εἷπε,
1560 1911 1770 1983 πάτερ

120 1994 425 2070 εὐχαριστῶ
473 2015 561 2055 σοι
603 1996 687 2054 ὅτι
725 1995 964 2071 ἤκουσάς
1003 2022 1128 2071 μου.
1201 1995 1307 2070 ἐγω
1349 1997 1411 2054 δὲ
1451 1994 1613 2071 ᾔδειν
1651 1994 1733 2054 ὅτι

121 2079 360 2139 πάντοτέ
382 2106 491 2155 μου
521 2079 796 2149 ἆκούεις.”
870 2086 954 2140 44.
988 2089 1040 2140 εἰ
1067 2087 1264 2140 τοίνυν
1294 2080 1529 2139 πάντοτε
1560 2078 1736 2138 αὐτοῦ

119 2164 339 2238 ἀκούει,
380 2163 484 2224 οὐκ
513 2165 911 2240 ἆμφιβάλλων,
943 2163 1064 2224 ἀλλ’
1100 2165 1344 2240 ἀκριβῶς
1376 2164 1735 2239 ἐπιστάμενος

58 2275 100 2308 25
121 2274 204 2306 οτι
234 2252 326 2307 καὶ
356 2255 465 2307 νῦν
495 2248 670 2309 αὐτοῦ
699 2250 1109 2324 εἰσακούσεται,
1151 2275 1226 2318 ως
1266 2249 1596 2308 ἆδυνάτου’
1579 2251 1736 2316 όντος

121 2337 221 2391 τοῦ
248 2335 323 2408 μὴ
355 2334 751 2393 εἰσακούεσθαι
781 2333 979 2408 αὐτὸν,
1028 2339 1444 2409 ἐρωτηματικως
1474 2352 1649 2406 φησιν
1671 2329 1737 2389 “ὁ

123 2416 255 2485 θεός
294 2442 402 2491 μου
438 2417 769 2491 κεκραξομαι
809 2418 1045 2492 ἡμέρας,
1089 2420 1183 2475 καὶ
1220 2441 1323 2476 ουκ
1363 2414 1735 2491 είσακούσῃ;”

125 2498 532 2571 υποστιζόντων
573 2501 731 2575 ἡμων
772 2505 833 2559 ἐν
872 2506 950 2578 τῷ
979 2499 1120 2559 “ofin
1162 2499 1496 2576 εἰσακούσῃ”
1543 2503 1636 2558 καὶ
1675 2500 1736 2559 τὸ
1760 2522 1778 2554 b

130 2589 385 2643 ἐναντίον
427 2582 825 2644 υπονοούντων
865 2610 941 2643 τω
971 2584 1229 2659 πύσματι.
1290 2591 1373 2643 45.
1406 2589 1568 2644 τοῦτο
1598 2590 1738 2658 γοῦν

66 2695 107 2727 30
134 2668 384 2728 διδάσκει
413 2668 614 2743 μικρὸν
642 2669 897 2744 ὕστερον,
930 2670 1143 2742 προϊών
1169 2673 1291 2743 ἑξῆς
1316 2674 1376 2728 ἐν
1399 2674 1475 2747 τῷ
1506 2673 1738 2747 Ψαλμῷ,

243 2867 267 2905 9
298 2867 339 2904 2.
364 2864 465 2906 Cor.
488 2867 526 2915 6,
551 2866 591 2907 2.
766 2867 820 2906 20
849 2865 919 2906 Jo.
946 2866 1011 2915 11,
1036 2867 1104 2908 39.
