1992 3186
564 127 870 169 DEMONST.
902 126 1123 169 EVANG.
1156 129 1257 171 vn.
1293 131 1331 168 1.
1662 127 1763 179 431

154 247 330 300 ταῦτα
364 243 426 300 δὲ
470 240 642 301 αὐτοῦ
686 246 1102 316 ἐνθυμηθέντος
1146 242 1270 299 ἰδοῦ
1309 241 1537 315 ἄγγελος
1569 251 1768 317 κυρίου
1798 278 1815 300 e

153 324 277 385 κατ’
311 326 450 401 ὄναρ
481 334 739 399 φαίνεται
773 325 920 403 αὐτῷ
953 330 1158 399 λέγων,
1182 325 1382 400 Ἰωσὴφ
1413 328 1532 393 υίὸς
1556 330 1764 400 Δαβὶδ,

155 412 229 485 μὴ
262 418 539 519 φοβηθῇς
567 419 916 486 παραλαβεῖν
947 411 1184 485 Μαριὰμ
1223 412 1326 483 τὴν
1363 412 1605 484 γυναῖκά
1636 430 1763 469 σου

150 495 210 552 τὸ
241 521 347 570 γαρ
380 500 440 554 έν
471 493 609 572 αὐτῇ
641 497 924 569 γεννηθὲν
955 499 1013 552 ἐκ
1053 494 1364 569 πνεύματός
1406 500 1554 554 ἐστιν
1585 499 1761 569 ἁγίου.

107 606 124 638 5
149 585 357 648 τέξεται
390 582 450 638 δε
479 575 624 682 υίον,
657 584 748 638 καὶ
771 582 1021 647 καλέσεις
1043 580 1102 637 τὸ
1132 578 1306 653 ὄνομα
1336 578 1506 638 αὐτοῦ
1530 578 1762 653 Ἰησοῦν.

150 669 235 721 5¹5.
272 663 436 731 αὐτὸς
467 690 571 741 γαρ
603 665 770 722 σώσει
799 663 896 722 τὸν
926 664 1061 721 λαὸν
1102 663 1278 721 αὐτοῦ
1307 661 1414 722 άπὸ
1444 669 1555 722 τῶν
1587 661 1765 740 ἆμαρ-

148 753 283 806 τιῶν
324 746 529 807 αὐτῶν.
599 755 760 807 τοῦτο
806 749 866 806 δε
896 747 1027 806 όλον
1066 752 1324 821 γέγονεν,
1368 754 1460 806 ἵνα
1491 753 1766 824 πληρωθῇ

147 831 207 889 τὸ
239 835 415 907 ῥηθὲν
445 833 553 892 ὑπὸ
584 839 680 891 τοῦ
711 840 941 906 κυριόυ,
989 831 1078 889 διὰ
1121 838 1219 890 τοῦ
1252 832 1539 907 προφήτου
1570 836 1761 905 λέγον-

146 941 265 989 τος,
311 917 434 974 ἰδοὺ
475 916 509 990 ἡ
541 921 821 993 παρθένος
847 920 906 973 ἐν
930 919 1125 991 γαστρὶ
1149 916 1400 990 λήψεται,
1432 921 1524 974 καὶ
1554 921 1762 986 τέξεται

84 1027 125 1060 10
148 999 292 1075 υἱὸν,
326 1005 417 1058 καὶ
441 1004 687 1068 καλέσεις
711 1001 769 1059 τὸ
794 1000 967 1074 ὄνομα
992 998 1164 1058 αὐτοῦ
1188 1000 1554 1074 Ἐμμανουὴλ,
1587 1000 1615 1058 ὅ
1648 1007 1762 1060 ἐστι

146 1086 741 1159 μεθερμηνευόμενον,
774 1081 906 1159 μεθ’
941 1084 1098 1158 ἡμῶν
1129 1082 1157 1142 ὁ
1189 1083 1375 1152 θεός.”

272 1175 355 1227 56.
385 1169 545 1228 Οὕτω
565 1169 632 1243 δὴ
658 1168 812 1228 καθ’
828 1167 968 1242 ἡμᾶς
993 1169 1058 1227 τὰ
1083 1174 1177 1242 τῆς
1202 1176 1361 1235 θείας
1393 1169 1761 1241 προγνώσεως

144 1252 254 1311 ἀπὸ
285 1259 380 1326 τῆς
411 1258 522 1312 τῶν
552 1253 891 1329 πραγμάτων
925 1253 1200 1327 ἐκβάσεως
1233 1260 1549 1326 πιστοῦται,
1582 1252 1759 1321 άλλως
1785 1283 1807 1315 d

145 1335 248 1394 οῦκ
289 1363 359 1396 αν
397 1345 490 1411 τῆς
531 1346 867 1413 προφητείας
907 1337 1155 1411 ἀληθοῦς
1197 1337 1754 1412 ὄιποφανθησομένης

81 1446 122 1478 15
148 1425 269 1494 εξῆς
302 1422 363 1479 δε
384 1421 595 1489 τούτοις
618 1430 743 1480 τίνα
773 1425 865 1479 καὶ
894 1421 1071 1479 ὁπόσα
1101 1425 1317 1494 λέγεται
1342 1429 1568 1481 ἔσεσθαι
1602 1426 1661 1480 ἐν
1691 1430 1758 1497 τῇ

144 1503 320 1581 ἡμέρα
355 1508 567 1582 ἐκείνη,
603 1510 772 1580 δῆλον
816 1505 925 1564 δὲ
907 1505 989 1563 ότι
1022 1511 1083 1564 ἐν
1111 1510 1188 1582 τῷ
1222 1506 1404 1584 χρόνῳ
1434 1514 1530 1579 τῆς
1564 1510 1755 1580 ἐπιφα-

146 1598 298 1657 νείας
322 1595 420 1647 τοῦ
445 1589 823 1664 Ἐμμανουήλ,
856 1593 991 1664 φέρε
1023 1590 1467 1663 κατανοήσωμεν.

270 1678 353 1732 57.
390 1671 660 1750 “Συριεῑ,
702 1678 866 1747 φησὶ,
909 1674 1095 1750 κύριος
1135 1681 1351 1747 μυίαις,
1404 1700 1432 1732 ο
1476 1673 1756 1746 κυριεύσει

142 1761 343 1833 μέρους
374 1763 623 1833 ποταμοῦ
654 1758 971 1832 Αἰγύπτου,
1003 1762 1096 1816 καὶ
1125 1763 1191 1833 τῇ
1231 1766 1464 1833 μελίσσῃ
1483 1805 1497 1831 ,
1538 1783 1572 1831 η
1607 1762 1756 1816 ἐστιν

78 1867 119 1899 20
145 1847 204 1900 ἐν
234 1842 385 1918 χώρα
408 1842 748 1916 Ἀσσυρίων,
780 1846 871 1901 καὶ
905 1842 1251 1915 ἐλεύσονται,
1283 1845 1374 1900 καὶ
1400 1842 1754 1913 ἀναπαύσον-

142 1952 230 1984 ται
263 1931 321 1984 ἐν
350 1943 468 1994 ταῖς
499 1927 741 2001 φάραγξι
769 1933 864 2001 τῆς
895 1927 1074 2001 χώρας
1092 1973 1106 2000 ,
1138 1929 1231 1984 καὶ
1261 1931 1320 1984 ἐν
1345 1941 1461 1995 ταῖς
1485 1927 1755 2000 τρώγλαις

141 2017 253 2069 τῶν
283 2017 532 2084 πετρῶν,
565 2015 655 2069 καὶ
690 2019 766 2079 εἰς
797 2011 862 2069 τοὶ
893 2012 1164 2085 σπήλαια,
1207 2014 1298 2069 καὶ
1331 2018 1408 2079 εἰς
1439 2015 1623 2082 πάσαν
1654 2016 1755 2086 ῥα-

142 2094 284 2167 γάδα
302 2140 318 2167 ,
350 2099 440 2152 καὶ
474 2100 534 2154 ἐν
563 2099 729 2155 παντὶ
759 2096 924 2173 ξύλῳ.
988 2101 1048 2153 ἐν
1077 2100 1146 2170 τῇ
1167 2094 1343 2172 ἡμέρα
1370 2101 1553 2170 ἐκείνῃ
1585 2094 1755 2171 ξυρή-

141 2198 224 2236 σει
255 2178 444 2255 κύριος
479 2184 537 2237 ἐν
566 2185 644 2258 τῷ
673 2184 820 2257 ξυρῷ
843 2184 920 2258 τῷ
942 2179 1192 2257 μεγάλῳ,
1225 2187 1301 2258 τῷ
1325 2184 1750 2256 μεμισθωμένῳ,

78 2286 118 2318 25
141 2266 317 2338 πέραν
346 2267 447 2322 τοῦ
474 2268 724 2339 ποταμοῦ
762 2268 1031 2337 βασιλέως
1057 2262 1394 2338 Ἀσσυρίων,
1435 2265 1538 2337 τὴν
1575 2287 1750 2337 κεφα-
1776 2288 1865 2330 (321)

142 2347 272 2420 λὴν,
326 2351 418 2405 καὶ
469 2347 565 2416 τοὶς
613 2357 801 2423 τρίχας
848 2354 962 2407 τῶν
1007 2352 1197 2407 ποδῶν
1239 2352 1332 2406 καὶ
1371 2347 1467 2406 τὸν
1507 2347 1750 2420 πώγωνα

141 2429 351 2502 ἀφελεῖ.
425 2438 509 2490 58.
543 2436 635 2490 καὶ
678 2440 828 2491 ἔσται
869 2439 930 2491 ἐν
967 2437 1035 2508 τῇ
1072 2432 1250 2509 ἡμέρᾳ
1296 2437 1509 2507 ἐκείνῃ,
1551 2434 1752 2502 θρέψει

142 2511 439 2587 ἅνθρωπος
472 2516 709 2590 δάμαλιν
739 2522 890 2590 βοῶν
920 2521 1012 2575 καὶ
1045 2516 1145 2574 δύο
1173 2515 1441 2590 πρόβατα,
1474 2517 1566 2572 καὶ
1598 2522 1750 2572 ἔσται

141 2595 248 2654 ἀπὸ
287 2602 386 2656 τοῦ
427 2608 685 2659 πλεῖστον
726 2616 908 2660 ποιεῖν
947 2600 1116 2674 γάλα,
1171 2599 1404 2672 φάγεται
1454 2598 1749 2674 βούτυρον,

76 2703 119 2737 3ο
141 2678 224 2738 ὅτι
268 2681 544 2757 βούτυρον
583 2688 674 2742 καὶ
715 2689 836 2759 μέλι
875 2684 1110 2759 φάγεται
1149 2687 1252 2751 πᾶς
1293 2683 1321 2740 ὁ
1353 2685 1746 2757 καταλειφθεὶς

255 2875 305 2915 18
336 2877 411 2919 Es.
437 2878 475 2928 7,
502 2877 566 2916 18.
