<?xml version="1.0" encoding="UTF-8"?>
<!DOCTYPE html PUBLIC "-//W3C//DTD XHTML 1.0 Transitional//EN"
    "http://www.w3.org/TR/xhtml1/DTD/xhtml1-transitional.dtd">
<html xmlns="http://www.w3.org/1999/xhtml" xml:lang="en" lang="en">
 <head>
  <title>
</title>
<meta http-equiv="Content-Type" content="text/html;charset=utf-8" />
  <meta name='ocr-system' content='tesseract 3.04.00' />
  <meta name='ocr-capabilities' content='ocr_page ocr_carea ocr_par ocr_line ocrx_word'/>
</head>
<body>
  <div class='ocr_page' id='page_1' title='image "./operaeusebius03euseuoft_0347.png"; bbox 0 0 1992 3186; ppageno 0'>
   <div class='ocr_carea' id='block_1_1' title="bbox 567 149 1742 202">
    <p class='ocr_par' dir='ltr' id='par_1_1' title="bbox 567 149 1742 202">
     <span class='ocr_line' id='line_1_1' title="bbox 567 149 1742 202; baseline 0.008 -9"><span class='ocrx_word' id='word_1_1' title='bbox 567 152 872 196; x_wconf 82' lang='lat' dir='ltr'><strong>DEMONST.</strong></span> <span class='ocrx_word' id='word_1_2' title='bbox 901 153 1120 198; x_wconf 84' lang='lat' dir='ltr'><strong>EVANG.</strong></span> <span class='ocrx_word' id='word_1_3' title='bbox 1142 155 1195 195; x_wconf 91' lang='lat' dir='ltr'><em>V.</em></span> <span class='ocrx_word' id='word_1_4' title='bbox 1219 154 1258 197; x_wconf 87' lang='lat'><em>8.</em></span> <span class='ocrx_word' id='word_1_5' title='bbox 1283 156 1322 193; x_wconf 84' lang='lat'><em>9.</em></span> <span class='ocrx_word' id='word_1_6' title='bbox 1638 149 1742 202; x_wconf 76' lang='lat'><em>323</em></span> 
     </span>
    </p>
   </div>
   <div class='ocr_carea' id='block_1_2' title="bbox 68 363 1746 1271">
    <p class='ocr_par' dir='ltr' id='par_1_2' title="bbox 129 363 1744 643">
     <span class='ocr_line' id='line_1_2' title="bbox 700 363 1170 439; baseline 0 -15"><span class='ocrx_word' id='word_1_7' title='bbox 700 363 830 424; x_wconf 75' lang='grc' dir='ltr'><em>Ἀπὸ</em></span> <span class='ocrx_word' id='word_1_8' title='bbox 859 370 955 439; x_wconf 85' lang='grc' dir='ltr'><em>τῆς</em></span> <span class='ocrx_word' id='word_1_9' title='bbox 988 364 1170 439; x_wconf 76' lang='grc' dir='ltr'><em>αὐτῆς.</em></span> 
     </span>
     <span class='ocr_line' id='line_1_3' title="bbox 129 466 1744 529; baseline 0 -13"><span class='ocrx_word' id='word_1_10' title='bbox 129 470 209 522; x_wconf 80' lang='grc' dir='ltr'><em>Ὡς</em></span> <span class='ocrx_word' id='word_1_11' title='bbox 231 468 255 516; x_wconf 98' lang='lat'><em>5</em></span> <span class='ocrx_word' id='word_1_12' title='bbox 279 466 423 523; x_wconf 79' lang='grc' dir='ltr'><em>αὐτὸς</em></span> <span class='ocrx_word' id='word_1_13' title='bbox 444 467 673 529; x_wconf 76' lang='grc' dir='ltr'><em>θεράπων</em></span> <span class='ocrx_word' id='word_1_14' title='bbox 694 469 776 517; x_wconf 87' lang='grc' dir='ltr'><em>τὸν</em></span> <span class='ocrx_word' id='word_1_15' title='bbox 797 470 920 518; x_wconf 85' lang='grc' dir='ltr'><em>θεὸν</em></span> <span class='ocrx_word' id='word_1_16' title='bbox 945 469 1088 529; x_wconf 78' lang='grc' dir='ltr'><em>λόγον</em></span> <span class='ocrx_word' id='word_1_17' title='bbox 1107 474 1256 529; x_wconf 81' lang='grc' dir='ltr'><em>δηλοῖ</em></span> <span class='ocrx_word' id='word_1_18' title='bbox 1271 468 1494 526; x_wconf 80' lang='grc' dir='ltr'><em>δεύτερον</em></span> <span class='ocrx_word' id='word_1_19' title='bbox 1519 469 1639 516; x_wconf 86' lang='grc' dir='ltr'><em>θεὸν</em></span> <span class='ocrx_word' id='word_1_20' title='bbox 1662 471 1744 516; x_wconf 86' lang='grc' dir='ltr'><em>καὶ</em></span> 
     </span>
     <span class='ocr_line' id='line_1_4' title="bbox 133 525 1744 596; baseline -0.001 -23"><span class='ocrx_word' id='word_1_21' title='bbox 133 525 300 584; x_wconf 82' lang='grc' dir='ltr'><em>κύριον</em></span> <span class='ocrx_word' id='word_1_22' title='bbox 319 528 773 596; x_wconf 60' lang='grc' dir='ltr'><em>προωνομασμένον,</em></span> <span class='ocrx_word' id='word_1_23' title='bbox 804 526 855 574; x_wconf 85' lang='grc' dir='ltr'><em>ἐν</em></span> <span class='ocrx_word' id='word_1_24' title='bbox 877 526 1140 583; x_wconf 76' lang='grc' dir='ltr'><em>ἀνθρώπου</em></span> <span class='ocrx_word' id='word_1_25' title='bbox 1172 543 1222 572; x_wconf 87' lang='grc' dir='ltr'><em>τε</em></span> <span class='ocrx_word' id='word_1_26' title='bbox 1251 530 1412 584; x_wconf 88' lang='grc' dir='ltr'><em>μορφῆ</em></span> <span class='ocrx_word' id='word_1_27' title='bbox 1435 527 1519 572; x_wconf 85' lang='grc' dir='ltr'><em>καὶ</em></span> <span class='ocrx_word' id='word_1_28' title='bbox 1541 525 1744 585; x_wconf 83' lang='grc' dir='ltr'><em>σχήματι</em></span> 
     </span>
     <span class='ocr_line' id='line_1_5' title="bbox 310 573 1564 643; baseline 0.001 -14"><span class='ocrx_word' id='word_1_29' title='bbox 310 588 486 641; x_wconf 87' lang='grc' dir='ltr'><em>ωφθαί</em></span> <span class='ocrx_word' id='word_1_30' title='bbox 505 600 553 629; x_wconf 86' lang='grc' dir='ltr'><em>τε</em></span> <span class='ocrx_word' id='word_1_31' title='bbox 575 586 658 630; x_wconf 83' lang='grc' dir='ltr'><em>καὶ</em></span> <span class='ocrx_word' id='word_1_32' title='bbox 681 587 971 643; x_wconf 85' lang='grc' dir='ltr'><em>χρηματίσαι</em></span> <span class='ocrx_word' id='word_1_33' title='bbox 993 589 1094 636; x_wconf 78' lang='grc' dir='ltr'><em>τοῖς</em></span> <span class='ocrx_word' id='word_1_34' title='bbox 1121 588 1348 636; x_wconf 84' lang='grc' dir='ltr'><em>παλαιοῖς</em></span> <span class='ocrx_word' id='word_1_35' title='bbox 1371 573 1564 639; x_wconf 69' lang='grc' dir='ltr'><em>ἴστορεῑ.</em></span> 
     </span>
    </p>

    <p class='ocr_par' dir='ltr' id='par_1_3' title="bbox 89 685 1745 1103">
     <span class='ocr_line' id='line_1_6' title="bbox 89 685 1745 767; baseline -0.003 -16"><span class='ocrx_word' id='word_1_36' title='bbox 89 710 110 743; x_wconf 88' lang='grc'>5</span> <span class='ocrx_word' id='word_1_37' title='bbox 258 701 340 751; x_wconf 89' lang='grc' dir='ltr'><em>ΙΧ.</em></span> <span class='ocrx_word' id='word_1_38' title='bbox 365 685 592 763; x_wconf 71' lang='grc' dir='ltr'><em>“’Ώφθη</em></span> <span class='ocrx_word' id='word_1_39' title='bbox 626 690 688 747; x_wconf 77' lang='grc' dir='ltr'><em>δὲ</em></span> <span class='ocrx_word' id='word_1_40' title='bbox 717 688 906 765; x_wconf 86' lang='grc' dir='ltr'><em>κύριος</em></span> <span class='ocrx_word' id='word_1_41' title='bbox 935 693 1013 767; x_wconf 75' lang='grc' dir='ltr'><em>τῷ</em></span> <span class='ocrx_word' id='word_1_42' title='bbox 1036 686 1301 764; x_wconf 73' lang='grc' dir='ltr'><em>Ἀβραὰμ,</em></span> <span class='ocrx_word' id='word_1_43' title='bbox 1333 691 1426 746; x_wconf 87' lang='grc' dir='ltr'><em>καὶ</em></span> <span class='ocrx_word' id='word_1_44' title='bbox 1458 688 1613 747; x_wconf 84' lang='grc' dir='ltr'><em>εἶπεν</em></span> <span class='ocrx_word' id='word_1_45' title='bbox 1643 686 1745 746; x_wconf 78' lang='grc' dir='ltr'><em>αὐ-</em></span> 
     </span>
     <span class='ocr_line' id='line_1_7' title="bbox 130 770 1744 852; baseline 0 -21"><span class='ocrx_word' id='word_1_46' title='bbox 130 777 236 851; x_wconf 75' lang='grc' dir='ltr'><em>τῷ,</em></span> <span class='ocrx_word' id='word_1_47' title='bbox 276 778 352 852; x_wconf 78' lang='grc' dir='ltr'><em>τῷ</em></span> <span class='ocrx_word' id='word_1_48' title='bbox 391 777 666 849; x_wconf 89' lang='grc' dir='ltr'><em>σπέρματί</em></span> <span class='ocrx_word' id='word_1_49' title='bbox 701 793 804 832; x_wconf 90' lang='grc' dir='ltr'><em>σου</em></span> <span class='ocrx_word' id='word_1_50' title='bbox 851 772 1013 831; x_wconf 82' lang='grc' dir='ltr'><em>δω’σω</em></span> <span class='ocrx_word' id='word_1_51' title='bbox 1043 771 1147 847; x_wconf 81' lang='grc' dir='ltr'><em>τὴν</em></span> <span class='ocrx_word' id='word_1_52' title='bbox 1184 779 1290 846; x_wconf 86' lang='grc' dir='ltr'><em>γῆν</em></span> <span class='ocrx_word' id='word_1_53' title='bbox 1329 770 1590 846; x_wconf 86' lang='grc' dir='ltr'><em>ταύτην.”</em></span> <span class='ocrx_word' id='word_1_54' title='bbox 1652 776 1744 831; x_wconf 85' lang='grc' dir='ltr'><em>καὶ</em></span> 
     </span>
     <span class='ocr_line' id='line_1_8' title="bbox 130 855 1745 934; baseline 0 -19"><span class='ocrx_word' id='word_1_55' title='bbox 130 858 301 916; x_wconf 86' lang='grc' dir='ltr'><em>πάλιν</em></span> <span class='ocrx_word' id='word_1_56' title='bbox 333 855 591 932; x_wconf 75' lang='grc' dir='ltr'><em>“ἐγένετο</em></span> <span class='ocrx_word' id='word_1_57' title='bbox 615 857 863 934; x_wconf 76' lang='grc' dir='ltr'><em>Ἀβρααμ</em></span> <span class='ocrx_word' id='word_1_58' title='bbox 895 861 1032 916; x_wconf 80' lang='grc' dir='ltr'><em>ἐτῶν</em></span> <span class='ocrx_word' id='word_1_59' title='bbox 1067 856 1399 931; x_wconf 86' lang='grc' dir='ltr'><em>ἐνενήκοντα</em></span> <span class='ocrx_word' id='word_1_60' title='bbox 1432 861 1620 930; x_wconf 82' lang='grc' dir='ltr'><em>ἐννέα,</em></span> <span class='ocrx_word' id='word_1_61' title='bbox 1653 861 1745 915; x_wconf 88' lang='grc' dir='ltr'><em>καὶ</em></span> 
     </span>
     <span class='ocr_line' id='line_1_9' title="bbox 132 941 1744 1021; baseline 0 -22"><span class='ocrx_word' id='word_1_62' title='bbox 132 941 300 1016; x_wconf 74' lang='grc' dir='ltr'><em>ὤφθη</em></span> <span class='ocrx_word' id='word_1_63' title='bbox 331 942 518 1019; x_wconf 87' lang='grc' dir='ltr'><em>κύριος</em></span> <span class='ocrx_word' id='word_1_64' title='bbox 548 946 625 1020; x_wconf 77' lang='grc' dir='ltr'><em>τῷ</em></span> <span class='ocrx_word' id='word_1_65' title='bbox 647 941 922 1017; x_wconf 76' lang='grc' dir='ltr'><em>Ἀβρααμ,</em></span> <span class='ocrx_word' id='word_1_66' title='bbox 962 945 1057 1000; x_wconf 85' lang='grc' dir='ltr'><em>καὶ</em></span> <span class='ocrx_word' id='word_1_67' title='bbox 1089 942 1244 1001; x_wconf 82' lang='grc' dir='ltr'><em>εἶπεν</em></span> <span class='ocrx_word' id='word_1_68' title='bbox 1275 941 1455 1021; x_wconf 81' lang='grc' dir='ltr'><em>αὐτῷ,</em></span> <span class='ocrx_word' id='word_1_69' title='bbox 1495 941 1603 1015; x_wconf 78' lang='grc' dir='ltr'><em>ἐγώ</em></span> <span class='ocrx_word' id='word_1_70' title='bbox 1635 948 1744 1016; x_wconf 87' lang='grc' dir='ltr'><em>εἰμι</em></span> 
     </span>
     <span class='ocr_line' id='line_1_10' title="bbox 129 1025 1745 1103; baseline 0 -19"><span class='ocrx_word' id='word_1_71' title='bbox 129 1026 158 1084; x_wconf 89' lang='lat'><em>5</em></span> <span class='ocrx_word' id='word_1_72' title='bbox 188 1026 337 1094; x_wconf 87' lang='grc' dir='ltr'><em>θεός.</em></span> <span class='ocrx_word' id='word_1_73' title='bbox 401 1025 684 1103; x_wconf 80' lang='grc' dir='ltr'><em>εὐαρέστει</em></span> <span class='ocrx_word' id='word_1_74' title='bbox 716 1025 955 1085; x_wconf 76' lang='grc' dir='ltr'><em>ἐνώπιόν</em></span> <span class='ocrx_word' id='word_1_75' title='bbox 984 1051 1092 1101; x_wconf 91' lang='grc' dir='ltr'><em>μου</em></span> <span class='ocrx_word' id='word_1_76' title='bbox 1123 1029 1215 1084; x_wconf 89' lang='grc' dir='ltr'><em>καὶ</em></span> <span class='ocrx_word' id='word_1_77' title='bbox 1254 1033 1417 1099; x_wconf 93' lang='grc' dir='ltr'><em>γίνου</em></span> <span class='ocrx_word' id='word_1_78' title='bbox 1447 1025 1745 1100; x_wconf 75' lang='grc' dir='ltr'><em>ἄμεμπτος,</em></span> 
     </span>
    </p>

    <p class='ocr_par' dir='ltr' id='par_1_4' title="bbox 68 1110 1746 1271">
     <span class='ocr_line' id='line_1_11' title="bbox 68 1110 1746 1186; baseline 0 -19"><span class='ocrx_word' id='word_1_79' title='bbox 68 1134 108 1166; x_wconf 85' lang='lat'><em>10</em></span> <span class='ocrx_word' id='word_1_80' title='bbox 131 1113 222 1169; x_wconf 85' lang='grc' dir='ltr'><em>καὶ</em></span> <span class='ocrx_word' id='word_1_81' title='bbox 252 1111 496 1186; x_wconf 82' lang='grc' dir='ltr'><em>θήσομαι</em></span> <span class='ocrx_word' id='word_1_82' title='bbox 535 1112 637 1184; x_wconf 86' lang='grc' dir='ltr'><em>τὴν</em></span> <span class='ocrx_word' id='word_1_83' title='bbox 681 1110 961 1184; x_wconf 81' lang='grc' dir='ltr'><em>διαθήκην</em></span> <span class='ocrx_word' id='word_1_84' title='bbox 1002 1136 1110 1185; x_wconf 92' lang='grc' dir='ltr'><em>μου</em></span> <span class='ocrx_word' id='word_1_85' title='bbox 1151 1111 1259 1169; x_wconf 78' lang='grc' dir='ltr'><em>ἀνὰ</em></span> <span class='ocrx_word' id='word_1_86' title='bbox 1299 1113 1470 1184; x_wconf 82' lang='grc' dir='ltr'><em>μέσον</em></span> <span class='ocrx_word' id='word_1_87' title='bbox 1511 1114 1617 1168; x_wconf 82' lang='grc' dir='ltr'><em>σοῦ</em></span> <span class='ocrx_word' id='word_1_88' title='bbox 1654 1114 1746 1167; x_wconf 86' lang='grc' dir='ltr'><em>καὶ</em></span> 
     </span>
     <span class='ocr_line' id='line_1_12' title="bbox 130 1187 1744 1271; baseline -0.001 -18"><span class='ocrx_word' id='word_1_89' title='bbox 130 1194 238 1254; x_wconf 77' lang='grc' dir='ltr'><em>ἀνὰ</em></span> <span class='ocrx_word' id='word_1_90' title='bbox 260 1199 430 1270; x_wconf 80' lang='grc' dir='ltr'><em>μέσον</em></span> <span class='ocrx_word' id='word_1_91' title='bbox 455 1199 608 1270; x_wconf 84' lang='grc' dir='ltr'><em>ἐμοῦ,</em></span> <span class='ocrx_word' id='word_1_92' title='bbox 634 1199 726 1254; x_wconf 88' lang='grc' dir='ltr'><em>καὶ</em></span> <span class='ocrx_word' id='word_1_93' title='bbox 749 1200 1023 1269; x_wconf 80' lang='grc' dir='ltr'><em>πληθυνῶ</em></span> <span class='ocrx_word' id='word_1_94' title='bbox 1048 1213 1110 1254; x_wconf 88' lang='grc' dir='ltr'><em>σε</em></span> <span class='ocrx_word' id='word_1_95' title='bbox 1135 1193 1404 1271; x_wconf 85' lang='grc' dir='ltr'><em>σφόδρα.”</em></span> <span class='ocrx_word' id='word_1_96' title='bbox 1455 1200 1503 1252; x_wconf 81' lang='grc'><em>2.</em></span> <span class='ocrx_word' id='word_1_97' title='bbox 1531 1198 1623 1252; x_wconf 86' lang='grc' dir='ltr'><em>καὶ</em></span> <span class='ocrx_word' id='word_1_98' title='bbox 1648 1187 1744 1252; x_wconf 75' lang='grc' dir='ltr'><em>αὖ·</em></span> 
     </span>
    </p>
   </div>
   <div class='ocr_carea' id='block_1_3' title="bbox 129 1277 1782 1357">
    <p class='ocr_par' dir='ltr' id='par_1_5' title="bbox 129 1277 1782 1357">
     <span class='ocr_line' id='line_1_13' title="bbox 129 1277 1782 1357; baseline -0.001 -19"><span class='ocrx_word' id='word_1_99' title='bbox 129 1291 224 1347; x_wconf 91' lang='grc' dir='ltr'><em>θις</em></span> <span class='ocrx_word' id='word_1_100' title='bbox 246 1277 454 1355; x_wconf 76' lang='grc' dir='ltr'><em>“ὥφθη</em></span> <span class='ocrx_word' id='word_1_101' title='bbox 480 1282 542 1338; x_wconf 73' lang='grc' dir='ltr'><em>δὲ</em></span> <span class='ocrx_word' id='word_1_102' title='bbox 564 1279 593 1338; x_wconf 88' lang='lat'><em>5</em></span> <span class='ocrx_word' id='word_1_103' title='bbox 617 1281 750 1348; x_wconf 86' lang='grc' dir='ltr'><em>θεὸς</em></span> <span class='ocrx_word' id='word_1_104' title='bbox 782 1277 936 1357; x_wconf 72' lang='grc' dir='ltr'><em>αὐτῷ</em></span> <span class='ocrx_word' id='word_1_105' title='bbox 965 1280 1101 1352; x_wconf 85' lang='grc' dir='ltr'><em>πρὸς</em></span> <span class='ocrx_word' id='word_1_106' title='bbox 1131 1285 1199 1354; x_wconf 83' lang='grc' dir='ltr'><em>τῇ</em></span> <span class='ocrx_word' id='word_1_107' title='bbox 1234 1285 1367 1354; x_wconf 83' lang='grc' dir='ltr'><em>δρυῒ</em></span> <span class='ocrx_word' id='word_1_108' title='bbox 1393 1282 1461 1354; x_wconf 81' lang='grc' dir='ltr'><em>τῇ</em></span> <span class='ocrx_word' id='word_1_109' title='bbox 1473 1283 1744 1354; x_wconf 83' lang='grc' dir='ltr'><em>Μαμβρῆ,</em></span> <span class='ocrx_word' id='word_1_110' title='bbox 1772 1317 1782 1337; x_wconf 49' lang='grc' dir='ltr'><em>ι</em></span> 
     </span>
    </p>
   </div>
   <div class='ocr_carea' id='block_1_4' title="bbox 66 1362 1748 2535">
    <p class='ocr_par' dir='ltr' id='par_1_6' title="bbox 66 1362 1748 2535">
     <span class='ocr_line' id='line_1_14' title="bbox 130 1362 1746 1440; baseline 0 -19"><span class='ocrx_word' id='word_1_111' title='bbox 130 1367 454 1438; x_wconf 83' lang='grc' dir='ltr'><em>καθημένου</em></span> <span class='ocrx_word' id='word_1_112' title='bbox 494 1362 670 1422; x_wconf 80' lang='grc' dir='ltr'><em>αὐτοῦ</em></span> <span class='ocrx_word' id='word_1_113' title='bbox 709 1368 798 1422; x_wconf 84' lang='grc' dir='ltr'><em>ἐπὶ</em></span> <span class='ocrx_word' id='word_1_114' title='bbox 837 1371 934 1438; x_wconf 85' lang='grc' dir='ltr'><em>τῆς</em></span> <span class='ocrx_word' id='word_1_115' title='bbox 973 1364 1156 1440; x_wconf 87' lang='grc' dir='ltr'><em>θύρας</em></span> <span class='ocrx_word' id='word_1_116' title='bbox 1195 1368 1299 1437; x_wconf 40' lang='grc' dir='ltr'><em>τῆςχ</em></span> <span class='ocrx_word' id='word_1_117' title='bbox 1332 1368 1542 1438; x_wconf 80' lang='grc' dir='ltr'><em>σκηνῆς</em></span> <span class='ocrx_word' id='word_1_118' title='bbox 1573 1362 1746 1422; x_wconf 83' lang='grc' dir='ltr'><em>αὐτοῦ</em></span> 
     </span>
     <span class='ocr_line' id='line_1_15' title="bbox 130 1447 1748 1524; baseline -0.001 -18"><span class='ocrx_word' id='word_1_119' title='bbox 130 1455 490 1524; x_wconf 84' lang='grc' dir='ltr'><em>μεσημβρίας.</em></span> <span class='ocrx_word' id='word_1_120' title='bbox 573 1449 892 1521; x_wconf 79' lang='grc' dir='ltr'><em>ἀναβλέψας</em></span> <span class='ocrx_word' id='word_1_121' title='bbox 945 1449 1004 1506; x_wconf 75' lang='grc' dir='ltr'><em>δὲ</em></span> <span class='ocrx_word' id='word_1_122' title='bbox 1053 1463 1169 1515; x_wconf 81' lang='grc' dir='ltr'><em>τοῖς</em></span> <span class='ocrx_word' id='word_1_123' title='bbox 1209 1447 1523 1522; x_wconf 79' lang='grc' dir='ltr'><em>ὀφθαλμοῖς</em></span> <span class='ocrx_word' id='word_1_124' title='bbox 1575 1447 1748 1506; x_wconf 79' lang='grc' dir='ltr'><em>αὐτοῦ</em></span> 
     </span>
     <span class='ocr_line' id='line_1_16' title="bbox 67 1530 1745 1606; baseline 0.001 -19"><span class='ocrx_word' id='word_1_125' title='bbox 67 1553 109 1586; x_wconf 87' lang='lat'><em>15</em></span> <span class='ocrx_word' id='word_1_126' title='bbox 134 1533 276 1590; x_wconf 82' lang='grc' dir='ltr'><em>εἶδε·</em></span> <span class='ocrx_word' id='word_1_127' title='bbox 340 1535 433 1590; x_wconf 88' lang='grc' dir='ltr'><em>καὶ</em></span> <span class='ocrx_word' id='word_1_128' title='bbox 475 1533 599 1590; x_wconf 84' lang='grc' dir='ltr'><em>ἰδοὺ</em></span> <span class='ocrx_word' id='word_1_129' title='bbox 638 1548 787 1606; x_wconf 79' lang='grc' dir='ltr'><em>τρεῖς</em></span> <span class='ocrx_word' id='word_1_130' title='bbox 818 1531 1017 1606; x_wconf 74' lang='grc' dir='ltr'><em>ἄνδρες</em></span> <span class='ocrx_word' id='word_1_131' title='bbox 1050 1530 1399 1604; x_wconf 80' lang='grc' dir='ltr'><em>εἶστήκεισαν</em></span> <span class='ocrx_word' id='word_1_132' title='bbox 1431 1531 1617 1591; x_wconf 87' lang='grc' dir='ltr'><em>ἐπάνω</em></span> <span class='ocrx_word' id='word_1_133' title='bbox 1649 1530 1745 1589; x_wconf 78' lang='grc' dir='ltr'><em>αὖ·</em></span> 
     </span>
     <span class='ocr_line' id='line_1_17' title="bbox 130 1615 1746 1691; baseline 0 -17"><span class='ocrx_word' id='word_1_134' title='bbox 130 1620 243 1674; x_wconf 81' lang='grc' dir='ltr'><em>τοῦ.</em></span> <span class='ocrx_word' id='word_1_135' title='bbox 315 1620 408 1675; x_wconf 85' lang='grc' dir='ltr'><em>καὶ</em></span> <span class='ocrx_word' id='word_1_136' title='bbox 451 1615 590 1676; x_wconf 73' lang='grc' dir='ltr'><em>ἰδών</em></span> <span class='ocrx_word' id='word_1_137' title='bbox 628 1619 1014 1691; x_wconf 83' lang='grc' dir='ltr'><em>προσέδραμεν</em></span> <span class='ocrx_word' id='word_1_138' title='bbox 1056 1623 1133 1684; x_wconf 86' lang='grc' dir='ltr'><em>εἰς</em></span> <span class='ocrx_word' id='word_1_139' title='bbox 1174 1615 1516 1689; x_wconf 76' lang='grc' dir='ltr'><em>συνάντησιν</em></span> <span class='ocrx_word' id='word_1_140' title='bbox 1556 1615 1746 1683; x_wconf 76' lang='grc' dir='ltr'><em>αὐτοῖς</em></span> 
     </span>
     <span class='ocr_line' id='line_1_18' title="bbox 130 1697 1745 1775; baseline 0 -19"><span class='ocrx_word' id='word_1_141' title='bbox 130 1698 239 1757; x_wconf 83' lang='grc' dir='ltr'><em>ἀπὸ</em></span> <span class='ocrx_word' id='word_1_142' title='bbox 269 1705 365 1774; x_wconf 85' lang='grc' dir='ltr'><em>τῆς</em></span> <span class='ocrx_word' id='word_1_143' title='bbox 394 1700 576 1775; x_wconf 81' lang='grc' dir='ltr'><em>θύρας</em></span> <span class='ocrx_word' id='word_1_144' title='bbox 604 1706 700 1774; x_wconf 84' lang='grc' dir='ltr'><em>τῆς</em></span> <span class='ocrx_word' id='word_1_145' title='bbox 730 1704 937 1774; x_wconf 80' lang='grc' dir='ltr'><em>σκηνῆς</em></span> <span class='ocrx_word' id='word_1_146' title='bbox 967 1703 1059 1758; x_wconf 88' lang='grc' dir='ltr'><em>καὶ</em></span> <span class='ocrx_word' id='word_1_147' title='bbox 1085 1697 1516 1774; x_wconf 85' lang='grc' dir='ltr'><em>προσεκύνησε.”</em></span> <span class='ocrx_word' id='word_1_148' title='bbox 1570 1705 1617 1758; x_wconf 81' lang='lat'><em>3.</em></span> <span class='ocrx_word' id='word_1_149' title='bbox 1653 1704 1745 1757; x_wconf 84' lang='grc' dir='ltr'><em>καὶ</em></span> 
     </span>
     <span class='ocr_line' id='line_1_19' title="bbox 129 1780 1743 1859; baseline 0.001 -18"><span class='ocrx_word' id='word_1_150' title='bbox 129 1787 250 1858; x_wconf 78' lang='grc' dir='ltr'><em>ἑξῆς</em></span> <span class='ocrx_word' id='word_1_151' title='bbox 279 1783 417 1858; x_wconf 80' lang='grc' dir='ltr'><em>μετὰ</em></span> <span class='ocrx_word' id='word_1_152' title='bbox 444 1784 547 1857; x_wconf 88' lang='grc' dir='ltr'><em>τὴν</em></span> <span class='ocrx_word' id='word_1_153' title='bbox 575 1784 847 1843; x_wconf 83' lang='grc' dir='ltr'><em>ὀπτασίαν</em></span> <span class='ocrx_word' id='word_1_154' title='bbox 875 1786 1123 1859; x_wconf 82' lang='grc' dir='ltr'><em>ἐπιφέρει</em></span> <span class='ocrx_word' id='word_1_155' title='bbox 1146 1780 1213 1842; x_wconf 75' lang='lat'><em>“5</em></span> <span class='ocrx_word' id='word_1_156' title='bbox 1247 1786 1308 1842; x_wconf 77' lang='grc' dir='ltr'><em>δὲ</em></span> <span class='ocrx_word' id='word_1_157' title='bbox 1349 1783 1536 1859; x_wconf 88' lang='grc' dir='ltr'><em>κύριος</em></span> <span class='ocrx_word' id='word_1_158' title='bbox 1569 1784 1743 1857; x_wconf 82' lang='grc' dir='ltr'><em>εἶπεν,</em></span> 
     </span>
     <span class='ocr_line' id='line_1_20' title="bbox 129 1865 1744 1944; baseline 0 -18"><span class='ocrx_word' id='word_1_159' title='bbox 129 1867 197 1926; x_wconf 81' lang='grc' dir='ltr'><em>οὐ</em></span> <span class='ocrx_word' id='word_1_160' title='bbox 227 1867 301 1943; x_wconf 85' lang='grc' dir='ltr'><em>μὴ</em></span> <span class='ocrx_word' id='word_1_161' title='bbox 331 1867 528 1943; x_wconf 83' lang='grc' dir='ltr'><em>κρύψω</em></span> <span class='ocrx_word' id='word_1_162' title='bbox 554 1868 660 1943; x_wconf 72' lang='grc' dir='ltr'><em>ἐγώ</em></span> <span class='ocrx_word' id='word_1_163' title='bbox 683 1867 790 1927; x_wconf 80' lang='grc' dir='ltr'><em>άπὸ</em></span> <span class='ocrx_word' id='word_1_164' title='bbox 813 1868 1062 1944; x_wconf 79' lang='grc' dir='ltr'><em>Ἀβραὰμ</em></span> <span class='ocrx_word' id='word_1_165' title='bbox 1091 1874 1189 1927; x_wconf 83' lang='grc' dir='ltr'><em>τοῦ</em></span> <span class='ocrx_word' id='word_1_166' title='bbox 1212 1867 1409 1936; x_wconf 88' lang='grc' dir='ltr'><em>παιδός</em></span> <span class='ocrx_word' id='word_1_167' title='bbox 1439 1893 1547 1942; x_wconf 93' lang='grc' dir='ltr'><em>μου</em></span> <span class='ocrx_word' id='word_1_168' title='bbox 1571 1865 1606 1926; x_wconf 73' lang='grc' dir='ltr'><em>ἃ</em></span> <span class='ocrx_word' id='word_1_169' title='bbox 1638 1869 1744 1942; x_wconf 75' lang='grc' dir='ltr'><em>ἐγώ</em></span> 
     </span>
     <span class='ocr_line' id='line_1_21' title="bbox 66 1951 1744 2028; baseline 0.001 -20"><span class='ocrx_word' id='word_1_170' title='bbox 66 1973 108 2006; x_wconf 83' lang='lat'><em>20</em></span> <span class='ocrx_word' id='word_1_171' title='bbox 131 1959 288 2010; x_wconf 71' lang='grc' dir='ltr'><em>ποιῶ.</em></span> <span class='ocrx_word' id='word_1_172' title='bbox 350 1951 600 2028; x_wconf 81' lang='grc' dir='ltr'><em>Ἀβραὰμ</em></span> <span class='ocrx_word' id='word_1_173' title='bbox 644 1955 703 2011; x_wconf 73' lang='grc' dir='ltr'><em>δὲ</em></span> <span class='ocrx_word' id='word_1_174' title='bbox 744 1953 1034 2028; x_wconf 79' lang='grc' dir='ltr'><em>γινόμενος</em></span> <span class='ocrx_word' id='word_1_175' title='bbox 1074 1961 1227 2012; x_wconf 82' lang='grc' dir='ltr'><em>ἔσται</em></span> <span class='ocrx_word' id='word_1_176' title='bbox 1268 1960 1347 2020; x_wconf 85' lang='grc' dir='ltr'><em>εἰς</em></span> <span class='ocrx_word' id='word_1_177' title='bbox 1392 1959 1559 2020; x_wconf 84' lang='grc' dir='ltr'><em>ἔθνος</em></span> <span class='ocrx_word' id='word_1_178' title='bbox 1604 1959 1744 2026; x_wconf 88' lang='grc' dir='ltr'><em>μέγα</em></span> 
     </span>
     <span class='ocr_line' id='line_1_22' title="bbox 130 2035 1744 2114; baseline 0.001 -21"><span class='ocrx_word' id='word_1_179' title='bbox 130 2039 222 2094; x_wconf 86' lang='grc' dir='ltr'><em>καὶ</em></span> <span class='ocrx_word' id='word_1_180' title='bbox 261 2036 430 2110; x_wconf 71' lang='grc' dir='ltr'><em>πολὺ,</em></span> <span class='ocrx_word' id='word_1_181' title='bbox 476 2041 569 2096; x_wconf 84' lang='grc' dir='ltr'><em>καὶ</em></span> <span class='ocrx_word' id='word_1_182' title='bbox 600 2037 1141 2112; x_wconf 85' lang='grc' dir='ltr'><em>ἐνευλογηθήσονται</em></span> <span class='ocrx_word' id='word_1_183' title='bbox 1183 2042 1244 2096; x_wconf 90' lang='grc' dir='ltr'><em>ἐν</em></span> <span class='ocrx_word' id='word_1_184' title='bbox 1286 2035 1436 2114; x_wconf 77' lang='grc' dir='ltr'><em>αὐτῷ</em></span> <span class='ocrx_word' id='word_1_185' title='bbox 1468 2037 1649 2095; x_wconf 90' lang='grc' dir='ltr'><em>πάντα</em></span> <span class='ocrx_word' id='word_1_186' title='bbox 1678 2036 1744 2094; x_wconf 77' lang='grc' dir='ltr'><em>τά</em></span> 
     </span>
     <span class='ocr_line' id='line_1_23' title="bbox 130 2115 1742 2196; baseline 0 -18"><span class='ocrx_word' id='word_1_187' title='bbox 130 2127 271 2195; x_wconf 83' lang='grc' dir='ltr'><em>ἔθνη</em></span> <span class='ocrx_word' id='word_1_188' title='bbox 314 2128 411 2195; x_wconf 82' lang='grc' dir='ltr'><em>τῆς</em></span> <span class='ocrx_word' id='word_1_189' title='bbox 461 2118 614 2196; x_wconf 79' lang='grc' dir='ltr'><em>γῆς.”</em></span> <span class='ocrx_word' id='word_1_190' title='bbox 697 2127 747 2180; x_wconf 89' lang='grc'><em>4.</em></span> <span class='ocrx_word' id='word_1_191' title='bbox 791 2125 885 2180; x_wconf 88' lang='grc' dir='ltr'><em>καὶ</em></span> <span class='ocrx_word' id='word_1_192' title='bbox 925 2122 1139 2190; x_wconf 84' lang='grc' dir='ltr'><em>τούτοις</em></span> <span class='ocrx_word' id='word_1_193' title='bbox 1180 2115 1346 2190; x_wconf 77' lang='grc' dir='ltr'><em>αὗθις</em></span> <span class='ocrx_word' id='word_1_194' title='bbox 1390 2124 1628 2194; x_wconf 84' lang='grc' dir='ltr'><em>ἐπιλέγει</em></span> <span class='ocrx_word' id='word_1_195' title='bbox 1669 2121 1742 2187; x_wconf 78' lang='grc' dir='ltr'><em>ὡς</em></span> 
     </span>
     <span class='ocr_line' id='line_1_24' title="bbox 129 2203 1744 2282; baseline 0 -19"><span class='ocrx_word' id='word_1_196' title='bbox 129 2208 256 2281; x_wconf 83' lang='grc' dir='ltr'><em>περὶ</em></span> <span class='ocrx_word' id='word_1_197' title='bbox 287 2209 476 2282; x_wconf 79' lang='grc' dir='ltr'><em>ἑτέρου</em></span> <span class='ocrx_word' id='word_1_198' title='bbox 499 2203 697 2281; x_wconf 77' lang='grc' dir='ltr'><em>“ᾕδειν</em></span> <span class='ocrx_word' id='word_1_199' title='bbox 726 2205 832 2280; x_wconf 73' lang='grc' dir='ltr'><em>γάρ</em></span> <span class='ocrx_word' id='word_1_200' title='bbox 862 2205 946 2264; x_wconf 82' lang='grc' dir='ltr'><em>ὅτι</em></span> <span class='ocrx_word' id='word_1_201' title='bbox 977 2205 1235 2275; x_wconf 81' lang='grc' dir='ltr'><em>συντάξει</em></span> <span class='ocrx_word' id='word_1_202' title='bbox 1257 2220 1371 2274; x_wconf 85' lang='grc' dir='ltr'><em>τοῖς</em></span> <span class='ocrx_word' id='word_1_203' title='bbox 1395 2211 1539 2273; x_wconf 83' lang='grc' dir='ltr'><em>υίοῖς</em></span> <span class='ocrx_word' id='word_1_204' title='bbox 1571 2204 1744 2264; x_wconf 81' lang='grc' dir='ltr'><em>αὑτοῦ</em></span> 
     </span>
     <span class='ocr_line' id='line_1_25' title="bbox 130 2289 1746 2369; baseline 0 -23"><span class='ocrx_word' id='word_1_205' title='bbox 130 2291 222 2346; x_wconf 85' lang='grc' dir='ltr'><em>καὶ</em></span> <span class='ocrx_word' id='word_1_206' title='bbox 260 2293 341 2368; x_wconf 73' lang='grc' dir='ltr'><em>τῷ</em></span> <span class='ocrx_word' id='word_1_207' title='bbox 377 2300 511 2369; x_wconf 77' lang='grc' dir='ltr'><em>οἴκῳ</em></span> <span class='ocrx_word' id='word_1_208' title='bbox 551 2290 726 2349; x_wconf 79' lang='grc' dir='ltr'><em>αὑτοῦ</em></span> <span class='ocrx_word' id='word_1_209' title='bbox 762 2290 880 2365; x_wconf 87' lang='grc' dir='ltr'><em>μετ’</em></span> <span class='ocrx_word' id='word_1_210' title='bbox 929 2289 1125 2364; x_wconf 80' lang='grc' dir='ltr'><em>αὐτὸν,</em></span> <span class='ocrx_word' id='word_1_211' title='bbox 1174 2295 1267 2363; x_wconf 69' lang='grc' dir='ltr'><em>καὶ</em></span> <span class='ocrx_word' id='word_1_212' title='bbox 1312 2291 1621 2364; x_wconf 81' lang='grc' dir='ltr'><em>φυλάξουσι</em></span> <span class='ocrx_word' id='word_1_213' title='bbox 1651 2290 1746 2355; x_wconf 80' lang='grc' dir='ltr'><em>τὰς</em></span> 
     </span>
     <span class='ocr_line' id='line_1_26' title="bbox 67 2371 1745 2449; baseline -0.001 -18"><span class='ocrx_word' id='word_1_214' title='bbox 67 2392 109 2425; x_wconf 83' lang='lat'><em>25</em></span> <span class='ocrx_word' id='word_1_215' title='bbox 130 2371 297 2442; x_wconf 75' lang='grc' dir='ltr'><em>ὁδοὺς</em></span> <span class='ocrx_word' id='word_1_216' title='bbox 326 2380 554 2449; x_wconf 83' lang='grc' dir='ltr'><em>κυρίου,</em></span> <span class='ocrx_word' id='word_1_217' title='bbox 596 2389 778 2434; x_wconf 80' lang='grc' dir='ltr'><em>ποιεῖν</em></span> <span class='ocrx_word' id='word_1_218' title='bbox 822 2374 1183 2448; x_wconf 87' lang='grc' dir='ltr'><em>δικαιοσύνην</em></span> <span class='ocrx_word' id='word_1_219' title='bbox 1214 2378 1307 2432; x_wconf 86' lang='grc' dir='ltr'><em>καὶ</em></span> <span class='ocrx_word' id='word_1_220' title='bbox 1347 2381 1560 2448; x_wconf 87' lang='grc' dir='ltr'><em>κρίσιν,</em></span> <span class='ocrx_word' id='word_1_221' title='bbox 1594 2373 1745 2439; x_wconf 79' lang='grc' dir='ltr'><em>ὅπως</em></span> 
     </span>
     <span class='ocr_line' id='line_1_27' title="bbox 133 2454 1744 2535; baseline 0.001 -22"><span class='ocrx_word' id='word_1_222' title='bbox 133 2457 379 2534; x_wconf 82' lang='grc' dir='ltr'><em>ἐπαγάγῃ</em></span> <span class='ocrx_word' id='word_1_223' title='bbox 411 2458 600 2535; x_wconf 87' lang='grc' dir='ltr'><em>κύριος</em></span> <span class='ocrx_word' id='word_1_224' title='bbox 633 2462 720 2517; x_wconf 86' lang='grc' dir='ltr'><em>ἐπὶ</em></span> <span class='ocrx_word' id='word_1_225' title='bbox 747 2458 995 2534; x_wconf 76' lang='grc' dir='ltr'><em>Ἀβραόιμ</em></span> <span class='ocrx_word' id='word_1_226' title='bbox 1026 2456 1061 2516; x_wconf 71' lang='grc' dir='ltr'><strong><em>ἃ</em></strong></span> <span class='ocrx_word' id='word_1_227' title='bbox 1093 2458 1326 2532; x_wconf 86' lang='grc' dir='ltr'><em>ἐλάλησε</em></span> <span class='ocrx_word' id='word_1_228' title='bbox 1356 2458 1492 2533; x_wconf 85' lang='grc' dir='ltr'><em>πρὸς</em></span> <span class='ocrx_word' id='word_1_229' title='bbox 1525 2454 1744 2516; x_wconf 78' lang='grc' dir='ltr'><em>αὐτόν.”</em></span> 
     </span>
    </p>
   </div>
   <div class='ocr_carea' id='block_1_5' title="bbox 1767 375 1854 418">
    <p class='ocr_par' dir='ltr' id='par_1_7' title="bbox 1767 375 1854 418">
     <span class='ocr_line' id='line_1_28' title="bbox 1767 375 1854 418; baseline 0.023 -12"><span class='ocrx_word' id='word_1_230' title='bbox 1767 375 1854 418; x_wconf 73' lang='lat'>[147]</span> 
     </span>
    </p>
   </div>
   <div class='ocr_carea' id='block_1_6' title="bbox 259 2540 1854 2617">
    <p class='ocr_par' dir='ltr' id='par_1_8' title="bbox 259 2540 1854 2617">
     <span class='ocr_line' id='line_1_29' title="bbox 259 2540 1854 2617; baseline 0.002 -20"><span class='ocrx_word' id='word_1_231' title='bbox 259 2545 306 2598; x_wconf 85' lang='lat'><em>5.</em></span> <span class='ocrx_word' id='word_1_232' title='bbox 353 2546 539 2600; x_wconf 81' lang='grc' dir='ltr'><em>Ταῦτα</em></span> <span class='ocrx_word' id='word_1_233' title='bbox 570 2540 734 2610; x_wconf 76' lang='grc' dir='ltr'><em>αὐτὸς</em></span> <span class='ocrx_word' id='word_1_234' title='bbox 764 2541 1175 2616; x_wconf 76' lang='grc' dir='ltr'><em>ἀναγέγραπται</em></span> <span class='ocrx_word' id='word_1_235' title='bbox 1205 2545 1384 2615; x_wconf 80' lang='grc' dir='ltr'><em>λέγων</em></span> <span class='ocrx_word' id='word_1_236' title='bbox 1412 2541 1441 2598; x_wconf 86' lang='grc' dir='ltr'>ὁ</span> <span class='ocrx_word' id='word_1_237' title='bbox 1472 2550 1738 2617; x_wconf 85' lang='grc' dir='ltr'><em>χρηματί-</em></span> <span class='ocrx_word' id='word_1_238' title='bbox 1765 2569 1854 2610; x_wconf 75' lang='lat'><strong>(234)</strong></span> 
     </span>
    </p>
   </div>
   <div class='ocr_carea' id='block_1_7' title="bbox 133 2621 1744 2702">
    <p class='ocr_par' dir='ltr' id='par_1_9' title="bbox 133 2621 1744 2702">
     <span class='ocr_line' id='line_1_30' title="bbox 133 2621 1744 2702; baseline 0.001 -22"><span class='ocrx_word' id='word_1_239' title='bbox 133 2631 240 2692; x_wconf 86' lang='grc' dir='ltr'><em>ζων</em></span> <span class='ocrx_word' id='word_1_240' title='bbox 268 2630 345 2702; x_wconf 76' lang='grc' dir='ltr'><em>τῷ</em></span> <span class='ocrx_word' id='word_1_241' title='bbox 370 2621 612 2701; x_wconf 79' lang='grc' dir='ltr'><em>Ἀβρααμ</em></span> <span class='ocrx_word' id='word_1_242' title='bbox 635 2626 855 2702; x_wconf 86' lang='grc' dir='ltr'><em>κύριος,</em></span> <span class='ocrx_word' id='word_1_243' title='bbox 890 2631 1080 2702; x_wconf 78' lang='grc' dir='ltr'><em>ἕτερον</em></span> <span class='ocrx_word' id='word_1_244' title='bbox 1103 2625 1302 2700; x_wconf 84' lang='grc' dir='ltr'><em>κύριον</em></span> <span class='ocrx_word' id='word_1_245' title='bbox 1332 2625 1616 2699; x_wconf 77' lang='grc' dir='ltr'><em>ὁμολογῶν</em></span> <span class='ocrx_word' id='word_1_246' title='bbox 1650 2631 1744 2698; x_wconf 89' lang='grc' dir='ltr'><em>δη-</em></span> 
     </span>
    </p>
   </div>
   <div class='ocr_carea' id='block_1_8' title="bbox 225 2763 465 2767">
    <p class='ocr_par' dir='ltr' id='par_1_10' title="bbox 225 2763 465 2767">
     <span class='ocr_line' id='line_1_31' title="bbox 225 2763 465 2767; baseline 0 0"><span class='ocrx_word' id='word_1_247' title='bbox 225 2763 465 2767; x_wconf 95' lang='lat' dir='ltr'><em> </em></span> 
     </span>
    </p>
   </div>
   <div class='ocr_carea' id='block_1_9' title="bbox 133 2844 1740 3021">
    <p class='ocr_par' dir='ltr' id='par_1_11' title="bbox 133 2844 1740 3021">
     <span class='ocr_line' id='line_1_32' title="bbox 249 2844 1740 2899; baseline 0.002 -15"><span class='ocrx_word' id='word_1_248' title='bbox 249 2847 274 2884; x_wconf 86' lang='grc'>5</span> <span class='ocrx_word' id='word_1_249' title='bbox 307 2844 419 2884; x_wconf 86' lang='lat' dir='ltr'><strong>Gen.</strong></span> <span class='ocrx_word' id='word_1_250' title='bbox 446 2847 510 2894; x_wconf 81' lang='lat'><em>12,</em></span> <span class='ocrx_word' id='word_1_251' title='bbox 536 2847 576 2886; x_wconf 80' lang='lat'><em>7.</em></span> <span class='ocrx_word' id='word_1_252' title='bbox 818 2850 840 2887; x_wconf 83' lang='lat'><strong>7</strong></span> <span class='ocrx_word' id='word_1_253' title='bbox 874 2848 985 2888; x_wconf 86' lang='lat' dir='ltr'>Gen.</span> <span class='ocrx_word' id='word_1_254' title='bbox 1013 2849 1079 2899; x_wconf 85' lang='lat'><em>17,</em></span> <span class='ocrx_word' id='word_1_255' title='bbox 1107 2850 1141 2890; x_wconf 85' lang='lat'><em>1.</em></span> <span class='ocrx_word' id='word_1_256' title='bbox 1386 2849 1438 2887; x_wconf 74' lang='lat'><em>14</em></span> <span class='ocrx_word' id='word_1_257' title='bbox 1469 2847 1581 2887; x_wconf 83' lang='lat' dir='ltr'>Gen.</span> <span class='ocrx_word' id='word_1_258' title='bbox 1610 2849 1676 2899; x_wconf 84' lang='lat'><em>18,</em></span> <span class='ocrx_word' id='word_1_259' title='bbox 1703 2851 1740 2887; x_wconf 80' lang='lat'><em>1.</em></span> 
     </span>
     <span class='ocr_line' id='line_1_33' title="bbox 133 2900 518 2951; baseline 0.01 -12"><span class='ocrx_word' id='word_1_260' title='bbox 133 2902 187 2940; x_wconf 79' lang='lat'><em>20</em></span> <span class='ocrx_word' id='word_1_261' title='bbox 223 2900 335 2940; x_wconf 82' lang='lat' dir='ltr'><strong>Gen.</strong></span> <span class='ocrx_word' id='word_1_262' title='bbox 361 2903 426 2951; x_wconf 83' lang='lat'><em>18,</em></span> <span class='ocrx_word' id='word_1_263' title='bbox 452 2902 518 2943; x_wconf 88' lang='grc'><em>17.</em></span> 
     </span>
     <span class='ocr_line' id='line_1_34' title="bbox 1349 2971 1414 3021; baseline 0 0"><span class='ocrx_word' id='word_1_264' title='bbox 1349 2971 1414 3021; x_wconf 77' lang='grc'><em>21</em></span> 
     </span>
    </p>
   </div>
  </div>
 </body>
</html>
