1946 3158
737 141 1749 184 KATAPPAQH.xv1t

206 258 421 311 376,18.
462 246 575 335 Ως
601 245 894 317 ἕπίφοβος“
866 273 897 316 η
936 251 1049 317 περὶ
1074 254 1161 316 τῆς
1188 251 1235 314 ἐξ
1262 246 1492 333 οὐρανῶν
1518 251 1747 304 καθόδου

128 330 223 377 τοῦ
249 326 423 389 κυρίου
447 315 575 387 ἆκοὴ
599 322 857 388 τυγχάνει,
886 323 970 373 καὶ
997 318 1116 387 μετὰ
1133 321 1407 387 ἐκπλήξεως
1434 317 1492 372 τὰ
1517 324 1637 404 ἔργα
1661 320 1749 374 αὐ-

130 398 222 446 τοῦ
246 393 278 461 ἡ
306 391 538 459 σύμπασα
562 394 629 473 γῆ
653 395 739 456 τῆς
763 392 994 453 αἰνέσεως
1018 390 1172 444 αὑτοῦ
1197 393 1562 474 πλησθήσεται,
1589 391 1667 444 ότε
1693 414 1747 461 γε

130 469 221 531 τῆς
255 471 434 528 καινῆς
471 459 721 527 διαθήκης
756 459 910 513 αὐτοῦ
947 461 1089 530 λόγος
1125 465 1193 525 εἰς
1218 465 1407 525 πάντας
1442 459 1749 527 ανθρώπους

128 536 492 616 διαδραμεῖται.

205 612 322 662 381,
345 614 387 656 2.
454 597 542 664 Ως
567 598 593 653 6
622 603 797 686 κύριος
824 597 850 652 6
875 623 1227 672 παντοκρατωρ
1262 598 1497 671 ὁμολογεῖ
1524 600 1616 670 ὑφ’
1648 604 1746 656 ἑτέ·

128 696 222 757 ρου
249 677 426 743 κυρίου
449 692 849 741 παντοκρατορος
869 673 948 723 ἐπὶ
967 676 1254 741 καθαιρέσει
1281 678 1381 727 τῶν
1402 672 1608 740 φαύλων
1627 672 1746 726 ἀπε·

127 743 364 798 σταλθαι.

205 823 422 882 382,17.
489 808 577 875 εΩς
611 807 760 875 αὐτὸς
795 810 820 863 6
845 812 1017 879 κύριος
1051 814 1189 880 ἥξειν
1222 811 1532 905 οὐρανόθεν,
1569 817 1652 866 καὶ
1692 816 1749 867 ἐν

124 880 420 952 ανθρώποις
443 883 875 968 κατασκηνῶσειν,
901 905 960 934 τα
987 904 1037 935 τε
1063 888 1192 950 ἔθνη
1218 887 1286 947 εἰς
1311 880 1463 937 αὐτὸν
1498 886 1745 951 καταφεύ-

126 962 304 1021 ξεσθαι
328 958 580 1018 θεσπίζει,
615 954 699 1004 καὶ
737 949 803 1016 ῶς
827 949 1137 1008 ἀπεστάλθαι
1171 953 1274 1008 ὑπό
1308 976 1440 1018 τινος
1468 959 1745 1025 κρείττονος

126 1031 309 1096 κυρίου
336 1042 735 1092 παντοκρατορος
760 1019 998 1093 ὁμολογεῖ.

204 1105 372 1155 3833.
491 1095 618 1162 Περὶ
644 1098 732 1159 τῆς
756 1098 844 1147 τοῦ
869 1098 1045 1164 κυρίου
1070 1099 1342 1166 παρουσίας
1377 1097 1459 1148 καὶ
1491 1100 1588 1149 τῶν
1619 1119 1745 1149 κατα

127 1164 184 1221 τὸ
210 1108 400 1230 παθος7
402 1163 558 1218 αὐτοῦ
578 1166 980 1251 συμβησομένων.

203 1246 318 1321 399,
345 1247 386 1290 9.
455 1232 542 1296 Ως
575 1233 724 1298 αυτὸς
757 1233 781 1288 6
818 1238 918 1288 τῶν
955 1240 1226 1304 προφητῶν
1261 1234 1381 1300 θεὸς
1423 1241 1589 1289 πᾶσαν
1627 1234 1745 1290 ὁδὸν

125 1309 394 1376 ἐπιστημης
421 1304 503 1361 δια
528 1310 616 1370 τῆς
642 1327 767 1358 κατα
793 1308 987 1359 Μωσέα
1011 1313 1312 1374 νομοθεσίας
1338 1315 1440 1370 τοῖς
1473 1309 1528 1360 ἐκ
1533 1330 1745 1390 περιτο-

127 1383 225 1446 μῆς
252 1381 629 1444 ὁιαταξαμενος,
665 1374 871 1446 ν’στερόν
913 1398 1029 1430 ποτε
1055 1379 1134 1430 ἐπι
1168 1383 1254 1444 τῆς
1279 1401 1369 1447 γης
1403 1376 1743 1445 ὀφθήσεσθαι,

130 1451 214 1500 καὶ
243 1450 294 1500 ἐν
321 1457 421 1511 τοῖς
445 1446 740 1535 ἆνθρῶποις
765 1447 1331 1528 συναναστραφησεσθαι
1363 1449 1741 1518 προφητεύεται.

202 1526 319 1577 402,
347 1531 389 1573 2.
433 1518 571 1580 ‘529‘
549 1540 574 1570 ο
603 1515 814 1586 Χριστὸς
840 1519 908 1580 εἰς
925 1521 1184 1586 Αἴγυπτον
1204 1520 1337 1586 ἥξειν
1363 1519 1742 1588 προεφητεύετο,

128 1591 216 1641 καὶ
243 1587 332 1641 όσα
360 1591 437 1642 ἐπὶ
464 1592 524 1672 τῆ
550 1591 799 1658 παρουσία
825 1585 984 1639 αὐτοῦ
1009 1587 1311 1658 γενήσεσθαι
1339 1592 1549 1656 ἔμελλεν.

200 1666 414 1718 406,11.
481 1652 716 1728 Ἀγαθῶν
742 1659 1004 1747 ἐπαγγελία
1030 1663 1090 1730 τῇ
1115 1661 1235 1723 πρὶν
1272 1659 1437 1742 ε’ρημω
1465 1661 1634 1713 ἐθνῶν
1662 1661 1740 1712 ἐκ-

127 1734 333 1801 πλησία,
370 1731 453 1782 καὶ
491 1737 600 1792 ταῖς
632 1730 1000 1793 κεκακωμέναις
1025 1738 1208 1797 ψυχαῖς
1235 1727 1459 1798 ε’μφανης
1494 1735 1620 1783 θεοῦ
1645 1752 1741 1782 πα-

125 1805 325 1869 ρουσία,
352 1801 591 1887 σωτήριοί
614 1820 662 1851 τε
686 1802 1110 1865 παραδοξοποιίαι.

199 1877 416 1955 408,16.
484 1868 574 1933 ‘529
610 1865 636 1922 6
661 1873 856 1937 πρῶτος
889 1871 974 1921 και
1001 1873 1070 1934 εἰς
1095 1866 1183 1923 τὸν
1207 1874 1366 1923 αἰῶνα
1393 1875 1481 1923 τοῦ
1507 1876 1631 1923 θεοῦ
1660 1869 1740 1923 λό-

125 1962 238 2010 γος,
277 1937 303 1992 6
339 1945 439 1994 τῶν
474 1940 616 2030 62.va
630 1935 952 2024 δημιουργὸς,
986 1936 1084 1993 υπὸ
1119 1946 1297 2009 κυρίου
1322 1945 1412 1994 τοῦ
1437 1939 1621 2010 πατρὸς
1656 1943 1739 1994 καὶ

129 2016 224 2064 νῦν
251 2010 568 2065 ἅπεσταλθαι
594 2007 771 2064 ἑαυτὸν
777 2009 1054 2095 ὁμολογεῖ.

199 2089 316 2140 408,
343 2092 414 2136 26.
482 2079 570 2144 Ὡς
594 2076 744 2143 αῦτός
768 2077 793 2132 6
819 2079 991 2166 κύριος
1008 2077 1062 2134 τὸ
1081 2077 1336 2135 Ιουδαιων
1362 2083 1512 2145 ἔθνος
1536 2082 1738 2152 απελέγ·

124 2173 224 2218 χει,
251 2150 324 2206 ότι
351 2149 412 2220 δὴ
448 2155 632 2238 ἥξοντα
668 2149 819 2205 αὐτὸν
855 2152 914 2204 οὐ
940 2155 1324 2237 παραδέξονται,
1363 2148 1478 2206 οῦδὲ
1504 2160 1741 2207 καλοῦντι

123 2221 523 2309 υπακούσονται,
552 2219 700 2275 ὁποῖα
725 2243 775 2274 τε
802 2227 1023 2276 πείσεται
1047 2220 1168 2290 πρὸς
1194 2193 1372 2276 αὐτῶν.

197 2301 314 2354 409,
343 2304 413 2346 28.
469 2290 558 2356 Ως
583 2288 730 2356 αὐτὸς
754 2290 779 2345 6
806 2295 858 2346 5v
883 2301 986 2356 τοῖς
1009 2292 1288 2379 προφήταις
1312 2291 1465 2346 παλαι
1490 2299 1739 2360 θεσπίζων

123 2362 300 2429 κύριος
325 2362 462 2431 ’ἥξειν
489 2368 556 2427 εἰς
580 2360 903 2432 ἀνθρώπους,
930 2366 1014 2417 καὶ
1040 2363 1208 2426 αὐτοις
1235 2361 1514 2431 ὀφθαλμοῖς
1537 2365 1736 2432 θεαθη-

123 2443 328 2500 σεσθαι,
354 2437 440 2487 καὶ
467 2443 568 2497 τοῖς
595 2435 760 2487 ἔθνεσι
788 2433 1173 2524 γνωσθήσεσθαι
1202 2436 1445 2518 μελλῆσει.

196 2512 314 2563 412,
341 2515 409 2558 29.
466 2501 554 2568 Ως
590 2493 741 2567 αὖθις
766 2505 936 2573 κύριος
968 2506 993 2559 6
1024 2515 1111 2558 τοῦ
1146 2510 1271 2558 θεοῦ
1297 2505 1439 2574 λόγος
1477 2505 1738 2573 ἐρχόμενος

127 2577 210 2626 καὶ
239 2597 297 2627 τα
323 2578 452 2643 ἔθνη
476 2577 708 2639 συνάξειν
734 2580 1245 2638 θεσπίζεται..

197 2652 413 2704 421,19.
491 2642 564 2699 Τα
589 2648 700 2715 περι
728 2651 817 2730 τῆς
842 2651 930 2699 τοῦ
955 2650 1172 2714 σωτῆρος
1196 2643 1340 2713 ἡμῶν
1368 2646 1643 2714 ἐπιδημίας.

197 2722 316 2774 442,
343 2726 411 2769 26.
479 2715 591 2769 Ἐπὶ
628 2721 807 2802 καινῆς
835 2721 1059 2786 γραφῆς,
1096 2720 1182 2782 τῆς
1208 2737 1385 2783 καινης
1422 2716 1607 2807 ὄηλαὸη
1634 2719 1736 2769 δια-

124 2786 316 2851 θήκης,
336 2790 587 2877 προφῆτις
613 2789 661 2852 ἐξ
660 2781 822 2873 αγίου
841 2789 1118 2854 πνεύματος
1143 2785 1485 2853 συλλήψεσθαι
1512 2790 1594 2839 καὶ
1617 2789 1736 2851 τέξε-

124 2863 247 2907 σθαι
274 2852 384 2908 υῖόν
410 2859 624 2926 λέγεται,
660 2855 712 2919 ὂς
748 2865 850 2910 τῶν
876 2858 1070 2925 ἐχθρῶν
1103 2859 1186 2908 καὶ
1215 2861 1460 2925 πολειιίωι
1487 2861 1735 2926 κρατήσας

213 2955 443 2986 ΕυεΕΒιῖε
478 2958 552 2985 111.
1367 2948 1392 2987 b
