1946 3158
231 135 299 188 36
911 132 1159 174 EUSEBII

229 252 326 310 τὸν
359 257 602 322 δίκαιον,
646 247 743 306 τὸν
783 251 1055 322 θεοσεβῆ,
1097 251 1192 321 τῆς
1225 253 1304 315 εἰς
1349 246 1522 323 ἄκρον
1554 246 1840 322 εὐσεβείας

232 334 382 413 αὐτῷ
414 338 505 392 καὶ
538 339 957 408 δικαιοπραγίας
987 339 1067 399 τίς
1091 331 1200 406 ἄρα
1223 339 1370 390 αἰτία
1400 326 1489 407 ἦν,
1521 332 1596 407 μή
1619 339 1676 390 τί
1692 358 1754 406 γε
1775 331 1842 390 τά

234 421 485 487 Μωσέως
531 420 985 519 παραγγέλματα
1026 415 1298 491 οὐδαμῶς.
1389 414 1525 475 άλλά
1558 417 1841 490 σαββάτου

232 505 437 580 ἡμέρας
470 502 786 576 ἐπιτήρησις
816 504 912 576 ἠν,
943 500 978 575 ἦ
1008 526 1155 570 τινος
1185 501 1352 574 ἄλλης
1379 499 1681 575 Ἰουδαϊκῆς
1713 506 1840 560 ἐθε-

186 607 209 639 d
234 595 601 663 λοθρησκείας
631 585 883 660 φυλακή;
935 585 1140 660 πόθεν,
1182 589 1539 664 πρεσβυτέρῳ
1571 601 1684 654 τοῖς
1715 585 1886 660 χρό-5

233 698 350 740 νοις
386 673 633 738 Μωσέως
676 674 768 729 καὶ
805 675 900 745 τῆς
942 669 1058 728 κατ’
1107 669 1277 728 αὐτὸν
1320 677 1653 744 νομοθεσίας
1683 694 1845 744 γενο-

233 762 416 835 μένῳ,
447 756 475 814 ὁ
507 781 609 831 μεν
638 757 743 829 γὰρ
777 758 986 830 Μωσῆς
1018 759 1250 829 ε’βδομος
1295 759 1347 824 ἐξ
1375 753 1617 831 Ἀβραὰμ
1648 779 1840 829 γενεα-

235 852 504 916 λογεῑται,
561 837 748 899 οὑτοσὶ
797 842 856 898 δὲ
901 842 1170 914 πέμπτος,
1232 843 1361 898 δυσὶ
1414 843 1703 915 προτέραις
1747 841 1845 898 τὸν

236 928 450 985 Μωσέα
480 941 696 1000 γενεαῖς
721 924 995 998 προάγων.
1054 930 1133 982 14.
1166 927 1275 982 θέα
1307 922 1359 982 δ’
1394 917 1496 983 οὖν
1527 928 1619 983 καὶ
1648 923 1846 983 τούτου

236 1011 332 1070 τὸν
363 1017 517 1084 βίον,
551 1012 800 1077 Μωσέως
831 1034 933 1084 μεν
962 1014 1056 1083 τῆς
1089 1016 1421 1083 νομοθεσίας
1452 1007 1620 1068 οὐδεν
1653 1008 1846 1083 ἐπαγό-
1871 1034 1911 1065 10

237 1120 435 1168 μενον,
466 1100 561 1168 τῆς
604 1095 663 1151 δε
704 1099 803 1152 τοῦ
833 1099 1076 1168 σωτῆρος
1117 1093 1275 1168 ἡμων
1306 1092 1662 1167 εὖαγγελικῆς
1694 1099 1848 1151 διδα-

238 1187 465 1247 σκαλίας
496 1179 598 1237 οὐκ
629 1178 935 1254 ἀλλότριον
999 1180 1145 1252 λέγει
1178 1177 1229 1236 δ’
1267 1181 1370 1237 οὐν
1402 1178 1565 1246 αὐτὸς
1595 1179 1690 1236 τὸν
1723 1180 1848 1236 ἑαυ-

238 1269 335 1323 τοῦ
369 1262 588 1333 διεξιων
618 1270 744 1336 βίον
779 1268 838 1321 ἐν
867 1266 935 1338 τῇ
964 1263 1098 1338 πρὸς
1138 1288 1266 1330 τους
1299 1266 1549 1338 ἑταίρους
1579 1262 1850 1339 ἀπολογία

228 1349 510 1407 “διε’σωσα
540 1374 644 1423 γαρ
677 1348 894 1422 πτωχὸν
926 1352 985 1405 ἐκ
1015 1348 1193 1422 χειρὸς
1227 1347 1525 1420 δυνάστου,
1557 1351 1648 1406 καὶ
1678 1343 1851 1422 ὀρφα-

239 1459 339 1511 νω,
374 1427 416 1511 ᾦ
446 1431 548 1491 οὐκ
579 1435 649 1506 ἡν
678 1433 885 1506 βοηθὸς
907 1478 920 1504 ,
955 1432 1253 1506 ἐβοήθησα.
1298 1432 1470 1507 στόμα
1495 1433 1557 1491 δε
1586 1431 1754 1507 χήρας
1784 1455 1852 1506 με
1874 1454 1914 1487 15

241 1516 564 1592 ευλόγησεν,
591 1517 954 1590 δικαιοσύνην
980 1518 1039 1574 δε
1066 1516 1434 1575 ἐνεδεδύκειν.
1487 1516 1853 1592 ἠμφιασάμην

245 1604 306 1660 δε
336 1609 504 1676 κρίμα
536 1613 627 1660 ἴσα
654 1607 920 1675 διπλοῖδι,
951 1600 1287 1675 ὀφθαλμὸς
1266 1601 1412 1675 ήμην
1433 1606 1680 1676 τυφλων,
1713 1601 1852 1672 ποὺς

246 1689 304 1745 δε
336 1693 563 1761 χωλῶν,
598 1686 703 1787 ἐγω
735 1685 882 1761 ἥμην
913 1684 1090 1760 πατὴρ
1122 1683 1481 1744 ἀδυνάτωνῗ

147 1796 213 1838 (15)
373 1776 454 1829 15.
491 1769 651 1830 Αυτα
693 1771 761 1844 δὴ
802 1773 974 1828 ταῦτα
1003 1768 1263 1845 άντικρυς
1293 1795 1358 1828 τα
1397 1774 1567 1827 πᾶσιν
1596 1766 1731 1844 ἡμῖν
1762 1767 1855 1827 διά

243 1859 338 1929 τῆς
363 1852 720 1928 εὖαγγελικῆς
745 1861 1102 1921 διδασκαλίας
1126 1854 1425 1928 μαθήματα
1457 1854 1849 1929 κηρυττόμενα.
1875 1878 1917 1910 20

243 1939 385 1996 ἄλλα
415 1941 505 1996 καὶ
550 1965 621 2006 ως
654 1937 815 2006 εἰδως
859 1941 919 1996 εὐ
949 1937 1095 2012 μάλα
1125 1938 1184 1996 τὸ
1217 1946 1430 1997 κλαίειν
1473 1939 1606 2013 μετὰ
1637 1938 1854 1997 κλαιόν-

244 2049 383 2098 των,
416 2027 508 2081 καὶ
538 2022 626 2081 τὸ
631 2022 909 2097 μακάριοι
940 2028 998 2080 οι
1023 2022 1378 2098 κλαίοντες,
1358 2021 1440 2081 ότι
1466 2022 1833 2098 γελάσονται’

246 2111 337 2166 καὶ
368 2107 427 2166 τὸ
453 2105 542 2166 “el
563 2107 758 2182 πάσχει
785 2113 845 2165 ἓν
873 2110 1054 2181 μέλος,
1088 2108 1398 2184 συμπάσχει
1423 2108 1601 2167 πάντα
1623 2134 1690 2166 τα
1718 2110 1854 2183 μέλη

247 2197 308 2252 ἐν
365 2207 479 2258 τοῖς
536 2196 628 2264 τῆς
694 2191 1051 2266 εὐαγγελικῆς
1107 2199 1466 2262 διδασκαλιας
1528 2192 1854 2268 μαθήμασιν

247 2276 636 2352 περιεχόμενα,
680 2277 738 2334 τὸ
779 2276 913 2352 πρὸς
953 2302 1078 2344 τους
1122 2281 1181 2335 ἐν
1219 2283 1294 2356 τῷ
1336 2284 1441 2356 βίω
1471 2286 1856 2352 ταλαιπωρου-
1878 2301 1919 2333 25

246 2365 447 2437 μένους
478 2360 885 2438 φιλάνθρωπον
911 2365 1261 2436 ἐπεδείκνυε,
1294 2360 1507 2436 λέγων
1511 2360 1639 2435 ’ἐγω
1673 2363 1732 2419 δε
1766 2364 1854 2420 ἐπὶ

249 2450 415 2505 παντὶ
455 2445 717 2525 ἀδυνάτῳ
762 2453 1027 2504 ἔκλαυσα·
1101 2449 1360 2517 ἐστέναξα
1404 2449 1464 2505 δὲ
1506 2447 1645 2506 ἰδὼν
1675 2445 1855 2521 ἄνδρα

260 2535 320 2590 ἐν
350 2529 668 2605 άνάγκαις.”

201 2639 224 2671 b
379 2621 459 2674 16.
494 2617 631 2674 Εἶτα
655 2614 822 2675 πάλιν
844 2622 940 2690 τῆς
966 2613 1322 2690 εὖαγγελικῆς
1346 2621 1705 2683 διδασκαλίας
1728 2613 1856 2683 τούς

251 2697 522 2774 άσέμνους
546 2700 1001 2776 ἀπαγορευούσης
1025 2704 1284 2775 γέλωτας,
1311 2699 1610 2776 προλαβών
1632 2696 1660 2757 ὁ
1683 2698 1854 2774 μακά·
1879 2721 1919 2754 30

369 2841 419 2878 14
449 2840 552 2882 ι10]).
578 2842 646 2891 29,
674 2842 738 2881 12.
919 2842 971 2879 22
1004 2840 1129 2879 Rom.
1155 2841 1222 2891 12,
1245 2841 1311 2883 15.
1503 2841 1557 2880 23
1590 2839 1700 2879 Luc.
1724 2840 1762 2886 6,
1785 2839 1853 2882 21.

257 2897 294 2936 1.
319 2894 418 2935 Cor.
445 2898 509 2947 12,
534 2898 599 2935 26.
775 2897 827 2935 26
858 2897 964 2936 Job.
987 2899 1056 2947 30,
1080 2898 1148 2937 25.
