1992 3186
465 94 772 145 DEMONST.
804 94 1023 137 EVANG.
1054 96 1179 136 VIII.
1212 96 1424 139 Pnoox-m.
1653 94 1755 147 491

140 217 363 278 πολλοῖς
395 213 619 283 ἐβοᾶτο,
655 208 726 276 ὡς
757 206 828 267 ἂν
857 214 1213 284 πεπαυμένης
1242 214 1339 284 τῆς
1382 215 1620 280 παλαιοῖς
1651 223 1755 286 θη-

140 299 397 368 ριωδίας,
438 298 869 368 μετατιθεμένης
913 296 975 352 δὲ
1019 300 1114 369 τῆς
1145 294 1339 369 ἀγρίας
1370 298 1462 352 καὶ
1503 294 1754 370 ἀπηνοῦς

143 384 353 451 διαίτης
379 381 468 436 ἐπὶ
490 378 551 437 τὸ
576 378 900 452 πραότερον,
933 378 1095 447 αὐτὸς
1126 378 1233 454 ἤδη
1259 378 1452 438 λοιπὸν
1476 381 1614 438 κατὰ
1638 406 1753 438 και-

140 462 239 535 ρὸν
268 463 366 522 τὸν
395 462 744 539 προσήκοντα
786 461 814 521 ὁ
845 468 956 522 τῶν
986 471 1214 522 τελείων
1258 489 1317 522 τε
1348 467 1439 521 καὶ
1470 462 1755 540 οὐρανίων

90 571 115 602 5
143 547 431 621 δογμάτων
460 572 518 605 τε
550 550 643 605 καὶ
671 548 1015 622 μαθημάτων
1038 554 1241 615 τέλειος
1267 551 1358 606 καὶ
1381 546 1639 622 οὐράνιος
1673 556 1754 608 δι-

141 631 444 705 δάσκαλος,
476 629 503 690 ὁ
535 636 630 704 τῆς
662 632 908 706 ἀληθοῦς
938 639 1288 705 θεογνωσίας
1321 633 1658 707 εἰσαγωγεύς
1677 680 1692 707 ,
1723 634 1752 691 ὁ

137 715 267 783 θεὸς
309 715 467 790 λόγος
509 719 785 790 ἐπέφανεν
818 717 1016 774 ἑαυτὸν
1055 717 1192 774 κατὰ
1232 716 1327 774 τὸν
1357 716 1753 792 ὑπογραφέντα
1780 742 1802 774 b

137 805 231 873 τῆς
264 801 742 875 ἐνανθρωπήσεως
789 799 959 858 αὐτοῦ
999 801 1227 874 χρόνον,
1273 808 1409 874 μίαν
1438 816 1551 868 τοῖς
1583 807 1752 860 πᾶσιν

138 892 384 957 ἔθνεσιν,
401 885 635 959 ’Ἐλλησί
659 909 718 942 τε
749 888 839 942 καὶ
870 884 1193 958 βαρβάροις,
1224 890 1299 963 τῷ
1323 910 1381 943 τε
1405 890 1570 944 παντὶ
1597 893 1753 945 ἔθνει

72 994 115 1026 10
139 974 250 1026 τῶν
282 967 601 1042 ἀνθρώπων
631 969 732 1042 τὴν
763 973 861 1026 τοῦ
892 967 1096 1042 πατρὸς
1120 977 1557 1044 φιλανθρωπίαν
1589 969 1753 1044 εὐαγ-

137 1053 506 1126 γελιζόμενος,
553 1056 642 1110 ἐπὶ
680 1060 815 1127 μίαν
853 1077 912 1110 τε
957 1054 1084 1119 τούς
1116 1054 1324 1121 πάντας
1356 1059 1659 1128 παρορμῶν
1693 1060 1753 1113 ἐν

136 1143 253 1213 θεῷ
286 1144 591 1211 σωτηρίαν,
626 1136 901 1210 ἀλήθειάν
930 1162 990 1195 τε
1021 1137 1196 1212 αὐτὴν
1227 1142 1319 1195 καὶ
1350 1143 1468 1211 φῶς
1501 1138 1750 1211 ἀληθοῦς

138 1219 453 1294 εὐσεβείας,
487 1229 778 1294 βασιλείαν
807 1245 866 1279 τε
895 1221 1184 1297 οὐρανῶν,
1227 1225 1319 1280 καὶ
1350 1230 1581 1281 αἰωνίου
1614 1228 1750 1297 ζωῆς

138 1309 469 1378 ἐπαγγελίαν
499 1321 612 1374 τοῖς
643 1311 778 1365 πᾶσι
808 1306 1219 1380 προμνώμενος.

70 1415 112 1447 15
267 1395 346 1447 12.
400 1394 584 1449 Ταῦτα
627 1392 728 1463 μὲν
770 1383 874 1448 οῦν
913 1393 1040 1465 περὶ
1079 1396 1191 1448 τῶν
1231 1390 1448 1466 χρόνων
1481 1392 1751 1467 εἰρήσθω,

138 1471 213 1531 δι’
245 1471 316 1547 ἢν
347 1481 531 1532 αἰτίαν
561 1479 696 1547 νῦν,
729 1472 851 1532 ἀλλ’
886 1472 952 1532 οῦ
972 1474 1140 1532 πάλαι
1165 1476 1434 1548 πρότερον
1463 1472 1490 1533 ὁ
1518 1477 1752 1548 Χριστὸς

134 1563 232 1615 τοῦ
262 1562 403 1616 θεοῦ
434 1565 512 1625 εἰς
544 1559 754 1633 πάντας
787 1561 1088 1632 ἐξέλαμψεν
1111 1557 1464 1634 ἀνθρώπους.
1521 1561 1658 1632 φέρε
1692 1561 1752 1618 δὲ
1785 1595 1803 1616 c

138 1642 538 1710 ἐπανελθόντες
568 1650 680 1700 τῶν
711 1642 927 1717 χρόνων
958 1648 1053 1716 τῆς
1083 1646 1322 1716 ἀφίξεως
1354 1642 1524 1701 αὐτοῦ
1555 1642 1622 1700 τά
1652 1662 1754 1717 ση-

136 1741 264 1800 μεῖα
294 1727 431 1784 κατὰ
452 1731 615 1802 μέρος
643 1726 1089 1800 ἐπισκεψώμεθα,
1123 1726 1217 1793 τοὶς
1241 1727 1600 1800 εὐαγγελικας
1624 1730 1751 1802 περὶ

67 1836 114 1868 20
138 1815 232 1884 τῆς
261 1814 528 1884 γενέσεως
559 1809 730 1870 αὐτοῦ
761 1811 953 1884 φωνάς
987 1815 1046 1869 ἐν
1076 1811 1312 1886 πρώτοις
1357 1811 1753 1886 ἐπισημειωσά-

136 1919 308 1968 μενοι.
373 1901 453 1952 13.
489 1895 517 1953 ὁ
558 1897 660 1969 μὲν
700 1889 802 1955 οῦν
833 1904 1132 1963 Ματθαῖος
1161 1894 1258 1953 τὸν
1299 1895 1502 1971 χρόνον
1532 1902 1628 1968 τῆς
1662 1901 1753 1954 ἐν-

137 1979 346 2052 σάρκου
395 1979 568 2038 αὐτοῦ
611 1985 935 2054 ἐπιφανείας
982 1973 1096 2038 ὧδέ
1133 2003 1248 2048 πως
1292 1985 1526 2054 ἱστορεῖ,
1574 1983 1753 2053 λέγων

127 2060 263 2121 “tofi
297 2065 357 2145 δὲ
381 2062 560 2137 Ἰησοῦ
581 2068 952 2138 γεννηθέντος
980 2069 1038 2122 ἐν
1055 2067 1310 2138 Βηθλεὲμ
1341 2072 1437 2138 τῆς
1460 2065 1750 2137 Ἰουδαίας,

139 2150 198 2205 ἐν
227 2144 453 2221 ἡμέραις
476 2145 728 2222 (Ηρώδου
768 2153 870 2207 τοῦ
901 2147 1224 2221 βασιλέως.”
1298 2152 1388 2206 καὶ
1435 2149 1553 2223 μετ’
1590 2148 1754 2222 ὀλίγα

69 2255 116 2287 25
139 2235 310 2304 φησὶν
332 2231 610 2299 “ἀκου’σας
645 2234 706 2289 δὲ
734 2229 817 2290 ὅτι
843 2231 1129 2306 Ἀρχέλαος
1172 2232 1455 2306 βασιλεύει
1485 2238 1578 2307 τῆς
1618 2231 1755 2291 'Iov—

139 2322 326 2388 δαίας,
366 2315 490 2374 ἀντὶ
514 2316 766 2390 ‘Hm-5601)
807 2322 904 2375 τοῦ
945 2316 1148 2391 πατρὸς
1195 2316 1422 2375 αὐτοῦ.”
1502 2322 1580 2374 14.
1614 2317 1642 2373 ὁ
1691 2317 1754 2373 δὲ

141 2404 358 2467 Λουκᾶς
399 2400 495 2458 τὸν
533 2405 628 2474 τῆς
669 2407 1030 2469 διδασκαλίας
1072 2398 1242 2459 αὐτοῦ
1283 2404 1374 2458 καὶ
1418 2401 1754 2467 ἀναδείξεως

141 2480 340 2554 χρόνον
363 2487 671 2558 παρέστησε
695 2490 874 2557 λέγων
897 2483 998 2542 “ἐν
1023 2492 1130 2542 ἔτει
1156 2483 1630 2559 πεντεκαιδεκάτῳ
1655 2487 1751 2556 τῆς
1783 2507 1804 2540 d

139 2563 434 2639 ἡγεμονίας
476 2574 733 2642 Τιβερίου
763 2576 1077 2642 Καίσαρος,
1113 2567 1566 2642 ἐπιτροπεύοντος
1598 2577 1752 2625 Πον-

74 2655 262 2706 εοτίου
300 2649 548 2708 Πιλάτου
595 2655 687 2724 τῆς
719 2652 1015 2725 Ἰουδαίας,
1068 2658 1495 2726 τετραρχοῦντος
1550 2653 1610 2709 δὲ
1655 2657 1751 2725 τῆς

254 2846 307 2884 23
337 2844 504 2886 Matth.
528 2846 566 2895 2,
594 2846 630 2884 1.
804 2847 856 2885 ‘28
888 2846 1001 2884 Luc.
1023 2848 1063 2896 3,
1089 2847 1127 2888 1.
