1992 3186
249 119 352 172 518
928 117 1175 159 EUSEBII

1012 230 1112 251 u„

239 238 438 311 μέτρον
479 239 591 292 τῶν
632 235 885 307 πατέρων
915 229 1075 306 ὖμων
1147 235 1438 307 εἰρημένον
1467 231 1575 292 υπὸ
1615 239 1714 293 τοῦ
1743 253 1849 292 σω-

239 324 401 393 τῆρος
430 315 587 392 ἡμων
616 316 752 390 πρὸς
781 315 909 383 τούς
956 320 1015 374 ἐκ
1045 324 1340 391 περιτομῆς
1385 322 1475 376 καὶ
1519 317 1610 377 δια
1639 319 1851 378 τούτων

239 406 390 478 οἶμαι
413 408 804 475 παρίστασθαι.
852 404 938 458 ἐπὶ
962 399 1068 474 γὰρ
1091 405 1186 474 τῆς
1210 400 1331 459 κατ’
1367 400 1538 461 αὐτοῦ
1559 411 1851 478 τολμηθεί·

240 507 339 560 σης
362 490 461 543 τοῦ
483 485 771 544 Ἰουδαίων
794 493 996 553 ἔθνους
1024 489 1320 558 ἐπιβουλῆς
1346 490 1716 561 συνετελέσθη
1748 485 1852 546 αῦ-

238 575 349 628 τῶν
371 569 404 643 ἡ
430 569 670 644 ἁμαρτία
699 573 790 628 καὶ
813 567 847 644 ἡ
871 570 1007 646 πρὸς
1039 568 1136 627 τὸν
1171 570 1310 629 θεὸν
1333 570 1469 628 κατὰ
1493 570 1588 628 τὸν
1612 570 1850 631 Ἀκύλαν
1873 596 1893 629 5

238 655 442 713 ἀθεσία
482 658 634 722 τέλος
676 663 882 729 εἴληφε.
967 660 1051 712 20.
1085 654 1255 712 πάλαι
1293 656 1396 728 μὲν
1435 680 1540 729 γαρ
1582 655 1852 730 πρότερον

239 747 438 814 ἔφερεν
486 738 690 806 αὐτους
729 737 762 812 ἡ
808 742 909 797 τοῦ
950 744 1091 797 θεοῦ
1136 746 1495 814 μακροθυμία
1538 747 1710 814 μυρία
1749 759 1851 799 οσα

238 830 692 898 πλημμελοῦντας
740 823 845 898 πρὸ
894 828 988 896 τῆς
1032 828 1130 881 τοῦ
1176 828 1421 899 σωτῆρος
1450 821 1610 898 ἡμων
1641 848 1852 899 παρου-

191 933 212 965 d
239 915 388 980 σίας,
432 907 617 982 ω’σπερ
658 911 760 966 οὐν
792 907 882 966 δια
914 912 1026 966 τῶν
1055 932 1412 982 προφητικων
1455 907 1852 968 αποδείκνυται

238 992 445 1067 λόγων·
493 993 639 1066 πλὴν
670 991 794 1049 ἀλλ’
829 992 1015 1065 ω’σπερ
1049 996 1136 1050 ἐπὶ
1167 998 1279 1050 τῶν
1302 992 1470 1050 παλαι
1500 992 1603 1066 τὴν
1626 997 1733 1066 γῆν
1755 1000 1851 1067 τῆς
1875 1017 1913 1050 10

239 1081 564 1151 ἐπαγγελίας
595 1076 901 1135 οἰκούντων
930 1075 1265 1150 ἀλλοφύλων
1290 1086 1472 1151 εἴρητο
1503 1083 1578 1154 τῷ
1606 1075 1849 1152 Ἀβραόιμ

229 1160 424 1219 “offuso
456 1162 561 1235 γὰρ
593 1159 1092 1236 ἄναπεπλήρωνται
1124 1167 1185 1218 αἱ
1226 1160 1485 1235 ἁμαρτίαι
1524 1167 1636 1219 τῶν
1660 1161 1850 1236 Ἀμορ-

238 1245 473 1317 ραίων,”
519 1249 611 1303 καὶ
658 1253 707 1304 εἰ
735 1249 964 1320 μηδέπω
996 1239 1139 1318 ἦσαν
1181 1249 1699 1319 ἐκπεπληρωμέναι,
1747 1244 1850 1304 οῦκ

235 1328 544 1402 ῆλαύνοντό
585 1354 670 1387 πω
710 1335 767 1387 οἱ
786 1330 1099 1403 Ἀμορραῖοι
1139 1333 1234 1402 τῆς
1265 1331 1520 1407 πατρῴας
1559 1333 1686 1404 γῆς,
1733 1334 1851 1388 ἐπεὶ

240 1415 302 1471 δὲ
334 1413 741 1488 ἐπληρώθησαν
772 1420 833 1471 αἱ
859 1411 1118 1487 ἁμαρτίαι
1142 1414 1345 1488 αὐτῶν,
1375 1419 1678 1486 τηνικαῦτα
1708 1413 1850 1472 πάν·
1873 1438 1914 1470 15

236 1523 323 1566 τες
340 1499 895 1573 ἐξωλοθρεύθησαν’
869 1502 956 1556 επὶ
979 1503 1092 1556 τῶν
1107 1497 1288 1571 Ἰησοῦ
1312 1524 1408 1557 του
1386 1502 1709 1565 Μωυσέως
1735 1506 1851 1556 δια-

239 1583 406 1657 δόχου
447 1582 690 1691 χρόνων·
751 1581 895 1641 οὕτω
938 1586 1029 1640 καὶ
1072 1586 1159 1640 ἐπὶ
1190 1590 1289 1640 τοῦ
1322 1587 1592 1656 προτέρου
1631 1582 1851 1655 νοήσεις

236 1674 400 1726 λαοῦ
447 1672 551 1735 ε’ως
591 1693 693 1741 μεν
721 1693 826 1772 γαρ
858 1666 960 1725 οῦκ
993 1671 1330 1742 ἐπληροῦντο
1370 1667 1557 1725 αὐτων
1586 1693 1643 1725 αι
1674 1665 1852 1741 ἁμαρ-

235 1758 374 1825 τίαι,
416 1748 450 1824 ἡ
481 1755 581 1810 τοῦ
619 1757 759 1810 θεοῦ
791 1751 962 1826 ἀνοχὴ
993 1754 1085 1810 καὶ
1117 1759 1476 1827 μακροθυμία
1516 1759 1715 1825 ἔφερεν
1746 1749 1851 1808 αὐ-

126 1861 216 1902 (385)
241 1835 403 1909 τούς,
452 1844 530 1903 εἰς
578 1836 916 1911 ἐπιστροφὴν
959 1836 1216 1894 ἑκάστοτε
1259 1838 1714 1909 προσκαλουμένη
1757 1833 1849 1892 διὰ
1871 1857 1912 1889 20

234 1926 347 1978 τῶν
388 1924 716 1994 προφητῶν·
777 1923 894 1978 ἐπεὶ
937 1921 999 1977 δὲ
1029 1919 1165 1976 κατὰ
1194 1919 1297 1991 τὴν
1338 1918 1612 1992 σωτήριον
1652 1917 1849 1992 φωνὴν

237 2004 566 2077 ἐπλήρωσαν
595 2004 657 2061 τὸ
687 2009 888 2077 μέτρον
927 2006 1040 2060 τῶν
1069 2005 1325 2077 πατέρων
1356 1999 1566 2075 αὐτῶν,
1611 2000 1755 2061 οὕτω
1790 2002 1841 2060 δ’

235 2083 306 2144 ἂν
337 2087 516 2144 πάντα
546 2091 901 2161 συναχθέντα
932 2087 1069 2143 κατὰ
1099 2085 1157 2143 τὸ
1190 2084 1323 2144 αὐτὸ
1354 2085 1451 2144 τὸν
1485 2094 1714 2160 ἔσχατον
1744 2086 1850 2144 αῦ-

235 2186 348 2238 τοῑς
379 2171 771 2244 κατειργάσατο
811 2169 1079 2242 ὄλεθρον,
1124 2168 1310 2241 ὥσπερ
1341 2163 1444 2228 οῦν
1485 2171 1652 2228 πάλιν
1683 2169 1848 2238 αὐτὸς

236 2253 264 2312 ὁ
308 2257 496 2329 κύριος
536 2252 694 2329 ἡμῶν
738 2254 988 2313 διδάσκει
1030 2257 1206 2327 λέγων
1243 2252 1394 2312 “miv
1435 2253 1568 2328 αἷμα
1609 2257 1847 2328 ἐκχυθὲν
1869 2275 1910 2308 25

235 2337 342 2397 οΞπό
367 2345 672 2413 καταβολῆς
692 2340 921 2414 κόσμου,
942 2337 1049 2396 ἀπὸ
1073 2337 1481 2448 αἵματος’Ἀβελ
1503 2343 1600 2397 τοῦ
1626 2344 1847 2396 δίκαίου

238 2427 338 2491 ἕως
370 2430 593 2498 αι’ματος
607 2431 904 2499 Ζαχαρίου,
936 2421 1089 2493 ἥξειν
1121 2426 1207 2480 ἐπὶ
1230 2422 1331 2496 τὴν
1354 2446 1554 2495 γενεαν
1583 2422 1804 2496 ταύτην.
1811 2422 1842 2443 ”

236 2514 320 2566 21.
353 2507 413 2566 τὸ
453 2514 592 2582 γοῦν
635 2517 866 2583 ἔσχατον
908 2532 1169 2566 απαντων
1199 2532 1293 2574 τας
1335 2521 1519 2582 χεῖρας
1562 2511 1847 2579 ἐπιβαλεῖν

237 2617 312 2649 τω
345 2596 451 2670 υἱῷ
480 2598 577 2650 τοῦ
607 2597 748 2652 θεοῦ
778 2588 1181 2666 τολμήσαντες
1186 2590 1467 2649 ἐτέλεσαν
1489 2591 1590 2665 τὴν
1607 2591 1847 2649 ἀθεσίαν

239 2680 330 2733 καὶ
356 2681 683 2735 ἐτελείωσαν
705 2676 806 2750 τὴν
832 2681 1047 2735 ἑαυτῶν
1070 2672 1378 2749 ἆμαρτίαν”
1406 2700 1540 2734 κατα
1565 2674 1665 2749 τὴν
1688 2674 1844 2733 Ἀκύ-
1869 2696 1909 2728 30

355 2870 404 2908 12
439 2868 551 2909 Gen.
578 2873 640 2919 15,
667 2872 734 2912 16.
907 2873 960 2910 25
992 2870 1155 2911 Matth.
1180 2871 1247 2920 23,
1271 2871 1337 2910 35.
