1946 3158
218 130 319 182 144
890 129 1140 171 EUSEBH

217 251 428 318 Μωσῆς
461 244 562 304 οὐκ
595 243 717 319 ᾔδει
745 242 829 302 ὅτι
869 243 1190 312 δεδόξασται
1230 243 1263 318 ἡ
1305 243 1428 314 ὄψις
1467 248 1566 303 τοῦ
1612 244 1818 320 χρωτὸς

119 355 194 398 2161]
219 334 318 389 τοῦ
347 328 647 404 προσώπου
678 327 850 386 αὐτοῦ
882 332 942 386 ἐν
972 333 1047 406 τῷ
1079 326 1251 387 αὐτὸν
1281 338 1470 388 λαλεῖν
1501 328 1667 407 αὐτῷ.
1723 331 1815 387 καὶ

172 441 194 474 t>
220 415 368 474 εἶδεν
404 411 615 489 Ἀαρων
655 415 746 470 καὶ
785 435 989 480 παντες
1031 417 1088 470 οἰ
1123 412 1487 490 πρεσβύτεροι
1523 417 1634 472 τῶν
1675 415 1818 472 υίιὸν

209 497 424 575 Ἰσραὴλ
455 495 551 556 τὸν
591 502 831 571 Μωσῆν,
878 499 970 554 καὶ
992 489 1061 570 ἦν
1095 497 1526 572 δεδοξασμένη’
1497 524 1531 572 η
1562 496 1687 567 ὄψις
1718 504 1816 556 τοῦ

214 583 419 659 χρωτὸς
442 586 540 639 τοῦ
571 580 871 656 προσώπου
903 577 1103 639 αὐτοῦῖ
1840 612 1862 645 5

341 671 426 724 20.
455 662 735 734 Ὡσαύτως
769 666 830 723 δὲ
861 668 953 723 καὶ
983 663 1126 724 πολὺ
1160 665 1588 739 διαφερόντως
1565 691 1595 724 ο
1626 662 1821 739 ἡμέτε-

216 775 310 825 ρος
341 750 522 826 σωτὴρ
554 747 851 824 αναγαγών
882 775 1008 817 τους
1042 752 1243 808 ἑαυτοῦ
1282 750 1535 824 μαθητὰς
1571 755 1648 816 εἰς
1693 748 1818 824 ὅρος

213 829 431 909 ὖψηλον
470 840 626 908 λίαν,
663 833 1069 909 μετεμορφώθη
1111 839 1428 910 ἔμπροσθεν
1472 831 1685 905 αὐτῶν,
1727 836 1819 891 καὶ

215 926 423 994 ἔλαμψε
455 917 514 977 τὸ
545 918 844 995 πρόσωπον
874 917 1048 976 αὐτοῦ
1080 915 1153 986 ὡς
1184 918 1212 977 ὁ
1245 916 1417 993 ἥλιος,
1449 916 1514 976 τὰ
1540 919 1600 976 δὲ
1633 916 1819 992 ἱμάτια

212 1001 386 1062 αὐτοῦ
419 1004 632 1076 ἐγένετο
657 1003 826 1062 λευκὰ
857 1002 929 1071 ὡς
959 1001 1019 1061 τό
1050 1007 1183 1077 φῶς.
1266 1002 1433 1062 πάλιν
1478 1009 1691 1076 Μωσῆς
1735 1011 1820 1060 λε·
1843 1031 1882 1063 10

215 1088 358 1163 πρὸν
391 1087 702 1164 ἐκαθάρισε.
755 1090 1057 1164 γέγραπται
1089 1085 1146 1145 δ’
1180 1079 1283 1146 οῦν
1304 1084 1336 1108 “
1353 1090 1445 1146 καὶ
1470 1087 1594 1146 ἰδοῦ
1629 1092 1821 1160 Μαρία

217 1176 475 1247 λεπρῶσα
506 1171 636 1230 ὡσεὶ
667 1171 832 1246 χιώνῖ
819 1169 851 1192 ”
895 1177 979 1230 21.
1014 1174 1105 1229 καὶ
1135 1171 1250 1246 μετ’
1279 1169 1475 1246 ὀλίγα
1478 1168 1600 1229 ’καὶ
1627 1170 1821 1245 ἐβόησε

172 1291 194 1314 c
218 1261 431 1332 Μωσῆς
472 1257 607 1332 πρὸς
648 1256 873 1331 κύριον,
915 1257 1122 1330 λέγων,
1166 1253 1194 1314 ὃ
1244 1255 1375 1323 θεὸς
1427 1258 1618 1331 δέομαι
1671 1266 1821 1314 ἰάσαι

219 1337 451 1411 αῦτήν.”

342 1430 425 1482 22.
476 1423 759 1491 Ὡσαύτως
808 1426 868 1482 δε
909 1428 1000 1483 καὶ
1048 1430 1254 1498 μείζονι
1295 1423 1530 1499 δυναμει
1571 1428 1819 1493 ἐξουσίας
1843 1451 1883 1485 1⁵

216 1508 245 1566 ὁ
279 1506 514 1584 Χριστὸς
544 1513 642 1567 τοῦ
664 1513 804 1567 θεοῦ
834 1509 1242 1585 προσελθόντος
1274 1506 1426 1587 αὐτῷ
1458 1512 1695 1582 λεπροῦ,
1730 1510 1821 1566 καὶ

219 1592 499 1668 φήσαντος
524 1587 663 1653 τι’ἐὰν
692 1594 883 1668 θέλῃς,
926 1592 1171 1652 δύνασαί
1207 1618 1275 1668 με
1323 1601 1648 1668 καθαρίσαι·
1690 1592 1821 1651 ὑπε-

219 1685 473 1755 κρίνατο·
507 1680 677 1751 θέλω,
703 1686 1099 1754 καθαρίσθητι.
1146 1680 1241 1735 καὶ
1267 1682 1616 1753 ἐκαθαρίσθη
1648 1674 1821 1736 αὐτοῦ

217 1760 250 1835 ἡ
283 1760 503 1837 λε’πραῗ
577 1762 746 1822 παλιν
788 1770 1001 1836 Μωσῆς
1034 1762 1299 1863 ὁακτύλωτ
1327 1765 1468 1821 θεοῦ
1506 1769 1677 1836 ε’φησε
1727 1760 1823 1820 τὸν

217 1844 389 1921 νόμον
420 1846 753 1922 γεγραφθαι.
815 1850 1116 1922 γέγραπται
1150 1844 1201 1904 δ’
1236 1839 1381 1905 οῦν“
1386 1846 1511 1905 καὶ
1542 1852 1714 1904 ἔδωκε
1745 1850 1819 1923 τῷ
1843 1875 1884 1908 20

218 1940 438 2003 Μωσεϊ,
479 1928 644 2004 ἡνίκα
688 1935 1002 1990 κατέπαυσε
1052 1934 1237 1989 λαλῶν
1286 1928 1434 1988 αῦτω
1485 1935 1545 1989 ἐν
1582 1955 1657 1988 τω
1706 1929 1818 2002 ὄρει

218 2019 381 2087 Σινᾶ,
413 2040 507 2082 τας
541 2016 642 2074 δύο
676 2015 886 2085 πλακας
917 2021 1018 2074 τοῦ
1050 2021 1384 2091 μαρτυρίου,
1417 2015 1628 2083 πλακας
1671 2020 1823 2073 λιθί-

217 2123 315 2166 νας
345 2103 724 2173 γεγραμμένας
753 2105 831 2178 τῷ
863 2099 1115 2159 δακτύλω
1146 2103 1244 2159 τοῦ
1272 2097 1461 2158 θεοῦ.”

167 2211 194 2244 d
343 2187 426 2239 23.
476 2186 586 2240 Καὶ
613 2188 671 2242 ἐν
703 2189 767 2259 τῇ
793 2181 1050 2263 Ἐξόδω“
1069 2185 1227 2244 εἷπον
1258 2209 1362 2243 ουν
1384 2188 1442 2242 οί
1469 2184 1715 2242 ε’παοιὸοὶ
1746 2186 1821 2259 τῷ

221 2272 458 2343 Φαραῷ,
501 2266 769 2334 δακτυλος
807 2273 948 2326 θεοῦ
994 2273 1142 2327 ἐστιν
1193 2267 1384 2326 τοῦτοῖ
1475 2264 1734 2334 ωσαύτως
1759 2269 1818 2324 δε
1843 2294 1884 2327 25

219 2353 311 2409 καὶ
338 2348 599 2425 Ἰησοῦςο
575 2376 604 2410 ο
637 2351 870 2426 Χριστὸς
900 2356 999 2410 τοῦ
1028 2356 1172 2411 θεοῦ
1199 2367 1312 2420 τοῖς
1346 2357 1668 2426 Φαρισαίοις
1701 2357 1820 2408 ἔλε-

219 2461 319 2509 γεν
341 2431 370 2455 “
393 2441 445 2492 εἰ
466 2436 527 2493 δὲ
560 2439 620 2495 ἐν
651 2435 904 2515 δακτύλῳ
945 2440 1086 2494 θεοῦ
1125 2435 1372 2509 ἐκβάλλω
1398 2434 1480 2493 ’τὰ
1514 2431 1816 2510 δαιμόνια.”

343 2524 427 2577 24.
478 2518 601 2594 Ἐφ’·
644 2517 790 2589 ὅλοις
830 2519 1040 2589 τούτοις
1071 2524 1286 2594 Μωσῆς
1324 2518 1679 2594 μετωνόμασε
1723 2518 1820 2577 τὸν

218 2603 421 2677 Ναυὴν
459 2602 702 2679 Ἰησοῦν,
736 2601 995 2673 ὡσαύτως
1039 2606 1098 2663 δὲ
1139 2606 1231 2662 καὶ
1268 2603 1297 2662 ὁ
1333 2604 1533 2679 σωτὴρ,
1574 2603 1670 2663 τὸν
1720 2609 1818 2663 Σί-

331 2827 354 2864 7
386 2825 546 2866 Matth.
572 2828 639 2878 17,
663 2829 701 2870 2.
879 2829 930 2868 12
959 2828 1092 2868 Num.
1119 2828 1184 2877 12,
1214 2829 1279 2867 10.
1448 2828 1496 2867 17
1526 2825 1691 2866 Mat-th.
1713 2826 1754 2872 8,
1775 2826 1816 2864 2.

215 2881 271 2920 20
291 2880 434 2921 Exod.
458 2884 525 2932 31,
552 2884 618 2923 18.
793 2885 846 2924 24
877 2883 1018 2926 Exod.
1041 2884 1081 2934 8,
1108 2885 1173 2923 19.
1349 2884 1401 2924 27
1433 2882 1597 2922 Matth.
1622 2883 1689 2933 12,
1713 2881 1780 2920 27.
