1992 3186
135 938 229 979 (376)

205 1860 226 1891 b

253 128 358 180 506
932 128 1179 170 EUSEBII

254 244 580 317 ἡγουμένων
610 267 668 300 τε
707 244 798 299 καὶ
829 240 1113 315 ἀρχόντων
1153 244 1528 316 διαλέλοιπεν,
1569 240 1862 301 ἄναδέδει-

255 353 376 385 κται
410 328 470 384 δὲ
502 330 554 394 ἐξ
589 329 804 383 ἐκείνου
826 326 893 383 τὰ
914 329 1010 398 τῆς
1035 329 1255 392 ἐλπίδος
1279 329 1370 383 καὶ
1401 333 1733 400 προσδοκίας
1749 331 1863 386 τῶν

257 415 442 469 ἐθνῶν
471 414 583 468 τῶν
623 408 751 467 καθ’
803 407 931 482 ὅλης
961 415 1056 482 τῆς
1087 412 1442 483 οἰκουμένης,
1481 410 1570 468 ὅτε
1611 414 1700 468 καὶ
1736 410 1862 484 ἐλή-

254 504 394 552 λυθε
426 491 490 551 τά
520 493 857 567 ἀποκείμενα
886 497 961 569 τῷ
994 499 1184 569 κυρίῳ.
1227 498 1314 550 52.
1347 500 1474 551 τίνα
1506 495 1565 551 δὲ
1595 490 1628 568 ἢ
1660 495 1727 552 τά
1762 500 1862 568 δη-

254 578 497 651 λούμενα
530 577 621 635 διὰ
660 582 763 635 τοῦ
784 574 1034 650 “Ἰου’δα,
1078 578 1140 636 σε
1182 579 1506 635 αἰνέσαισαν
1545 583 1602 635 οἱ
1627 577 1867 652 ἀδελφοί
1884 599 1904 632 5

254 680 384 734 σου,
417 667 479 719 αἱ
504 665 680 735 χεῖρές
711 681 813 719 σου
845 664 933 719 ἐπὶ
963 661 1143 719 νώτου
1172 665 1285 718 τῶν
1317 665 1535 735 ἐχθρῶν
1566 681 1695 735 σου,
1728 662 1865 720 σκύ-

253 770 386 818 μνος
426 748 642 814 λέοντος
678 743 889 819 Ἰούδα,
943 749 1000 802 ἐκ
1053 749 1296 818 βλαστοῦ
1348 747 1441 802 υἱέ
1482 770 1590 819 μου
1639 743 1861 819 άνέβης,

252 828 548 887 ἀναπεσὼν
581 829 879 903 ἐκοιμήθης
911 829 981 896 ὡς
1023 833 1166 886 λέων
1206 832 1298 887 καὶ
1339 828 1412 896 ὥς
1442 828 1681 903 σκύμνος
1711 834 1864 888 λέον-

252 938 369 986 τος,
400 920 482 982 τίς
515 917 694 988 ἐγερεῖ
721 911 955 984 αὐτόν;”
997 916 1167 971 ταῦτα
1205 913 1309 988 γάρ
1341 913 1469 971 καθ’
1517 915 1710 989 ἑτέραν
1743 913 1865 971 διά-

253 1023 413 1056 νοιαν
452 997 518 1055 τὰ
550 997 698 1075 αὐτῷ
738 1000 1101 1071 ἀποκείμενα,
1143 990 1178 1053 ἃ
1217 1000 1307 1054 καὶ
1348 997 1488 1055 αὐτὰ
1518 999 1655 1071 φέρε
1687 1022 1855 1055 κατα-
1878 1018 1919 1050 10

252 1082 570 1156 νοήσωμεν,
615 1086 834 1157 πρῶτον
873 1081 1050 1158 τούτῳ
1094 1081 1513 1154 ἐπιστήσαντες,
1558 1078 1630 1147 ὦς
1664 1081 1864 1155 διαφό-

254 1191 368 1238 ροις
407 1165 505 1223 τὸν
544 1165 783 1239 Χριστὸν
824 1163 1056 1239 ὀνόμασι
1106 1165 1542 1238 προσαγορεύειν
1593 1164 1863 1223 εἰώθασιν

252 1254 310 1306 οἱ
335 1260 482 1307 θεῖοι
522 1257 778 1323 χρησμοί·
825 1251 940 1307 τοτὲ
983 1251 1083 1322 μὲν
1124 1248 1228 1322 γάρ
1260 1248 1429 1306 αὐτὸν
1470 1254 1735 1306 καλοῦσιν
1757 1248 1863 1307 Ἰα-

253 1332 388 1406 κωβ,
413 1330 651 1405 “Ἰακώβ
681 1331 709 1390 ὁ
736 1347 863 1400 παῖς
887 1358 1013 1406 μου,
1045 1332 1412 1406 ἀντιλήψομαι
1429 1330 1618 1406 αὐτοῦ,
1643 1331 1862 1407 Ἰσραὴλ

250 1415 279 1474 ὁ
314 1417 559 1484 ἐκλεκτός
590 1442 725 1490 μου,
760 1419 1125 1489 προσεδέξατο
1155 1414 1325 1474 αὐτὸν
1355 1413 1556 1491 ἡψυχή
1585 1441 1711 1490 μου,
1744 1423 1859 1491 κρί·
1884 1436 1926 1468 15

252 1519 342 1558 σιν
371 1515 486 1567 τοῖς
527 1508 753 1558 ἔθνεσιν
785 1500 1018 1569 ἐξοίσει”
1064 1505 1155 1558 καὶ
1186 1499 1252 1558 τά
1285 1504 1421 1573 ἑξῆς.
1486 1506 1569 1558 53.
1603 1499 1684 1567 οἷς
1717 1504 1861 1558 ἐπεί-

252 1608 411 1657 ρηται
442 1583 583 1652 “ἕως
622 1581 692 1643 ἂν
733 1590 812 1660 θῇ
855 1587 943 1642 ἐπὶ
982 1589 1077 1658 τῆς
1117 1591 1231 1658 γῆς,
1257 1592 1468 1660 κρίσιν,
1521 1586 1611 1641 καὶ
1656 1586 1740 1641 ἐπὶ
1783 1587 1863 1661 τῷ

249 1667 475 1741 ὀνόματι
507 1668 683 1726 αὐτοῦ
712 1675 852 1741 ἔθνη
886 1667 1194 1726 ἐλπιοῦσι·”
1255 1670 1375 1726 τοτὲ
1401 1671 1461 1726 δὲ
1491 1666 1659 1726 αὐτὸν
1683 1677 1863 1726 Σολο-

251 1756 407 1825 μῶνα
449 1756 541 1810 καὶ
572 1756 763 1826 Λαβὶδ
806 1750 1158 1827 ὀνομάζουσι·
1207 1757 1514 1826 Σολομῶνα
1552 1753 1654 1825 μὲν
1696 1749 1767 1818 ὥς
1801 1755 1861 1809 ἐν

252 1836 341 1893 οα’
380 1841 590 1914 Ψαλμῷ
625 1840 1075 1914 ἐπιγεγραμμένῳ
1098 1838 1201 1909 μὲν
1225 1843 1301 1902 εἰς
1317 1839 1640 1908 Σολομῶνα,
1667 1839 1857 1908 σαφῶς
1880 1855 1923 1887 20

254 1922 313 1976 δὲ
344 1921 409 1977 τὰ
439 1924 565 1994 περὶ
596 1925 693 1978 τοῦ
710 1927 951 1993 Χριστοῦ
974 1922 1294 1993 περιέχοντι.
1338 1924 1420 1975 54.
1448 1919 1506 1975 τὸ
1530 1918 1633 1993 γὰρ
1653 1915 1860 1976 “xata-

251 2003 533 2077 κυριεύσει
564 2003 670 2060 ἀπὸ
701 2002 986 2075 θαλάσσης
1017 2006 1117 2068 ἕως
1149 2001 1436 2074 θαλάσσης
1455 2047 1469 2074 ,
1502 2005 1593 2059 καὶ
1623 2001 1732 2059 ἀπὸ
1763 2025 1857 2060 πο-

249 2090 426 2158 ταμοῦ
465 2090 566 2154 ἕως
606 2085 860 2160 περάτων
899 2090 994 2158 τῆς
1034 2089 1387 2159 οἰκουμένης,
1431 2088 1524 2143 καὶ
1569 2085 1749 2143 πάντα
1793 2085 1860 2143 τὰ

250 2176 391 2242 ἔθνη
435 2169 835 2228 δουλεύσουσιν
877 2167 1083 2246 αὐτῷ,”
1141 2173 1231 2227 καὶ
1270 2169 1373 2227 ὅσα
1411 2169 1624 2236 τούτοις
1669 2173 1790 2242 ἑξῆς
1829 2165 1858 2227 ὃ

257 2252 483 2326 Ψαλμός
525 2256 766 2328 περιέχει
806 2253 958 2330 μόνω
997 2257 1076 2330 τῷ
1105 2259 1324 2330 Χριστῷ
1364 2252 1585 2326 ἁρμόζοι
1624 2250 1708 2310 ἅν.
1769 2257 1853 2309 55.
1879 2270 1920 2303 25

250 2340 440 2410 Λαβὶδ
477 2339 535 2395 δὲ
568 2341 626 2395 ἐν
656 2337 756 2410 πη’
794 2343 1004 2414 Ψαλμςὸ
1035 2337 1203 2394 πάλιν
1233 2336 1260 2393 ὁ
1294 2336 1525 2409 Χριστὸς
1555 2335 1856 2410 ἀνηγόρευ-

248 2446 364 2494 ται,
399 2424 516 2480 ἐπεὶ
546 2422 619 2495 μὴ
649 2426 725 2499 τῷ
756 2424 973 2494 Λαβὶδ,
1005 2420 1157 2498 μόνω
1183 2421 1243 2478 δὲ
1267 2418 1418 2497 αὐτῷ
1447 2419 1756 2492 κατάλληλα
1787 2416 1857 2477 ὄὶν

252 2514 337 2577 εἰή
368 2509 460 2562 καὶ
491 2504 556 2563 τά
588 2510 648 2563 ἐν
677 2505 853 2583 τούτῳ
885 2504 1172 2578 λεγόμενα,
1204 2502 1324 2562 οἷον
1355 2502 1413 2561 τὸ
1437 2503 1640 2571 “αὐτὸς
1666 2508 1857 2561 ἐπικα-

250 2591 470 2647 λέσεταί
495 2615 589 2662 με,
632 2589 808 2664 πατήρ
839 2615 946 2663 μου
981 2589 1031 2646 εἷ
1059 2588 1156 2661 σὺ,
1188 2586 1337 2661 κάγω
1369 2588 1716 2661 πρωτότοκον
1745 2586 1856 2660 θή-

251 2692 412 2746 σομαι
452 2672 649 2746 αὐτὸν,
690 2673 907 2746 ὑψηλὸν
948 2671 1096 2747 παρὰ
1134 2687 1246 2739 τοῖς
1278 2676 1566 2745 βασιλεῦσι
1611 2676 1705 2744 τῆς
1735 2675 1850 2744 γῆς.
1875 2685 1916 2717 30

365 2866 416 2904 14
447 2866 524 2905 Es.
547 2867 616 2916 42,
642 2867 679 2905 1.
855 2868 908 2906 22
941 2867 1013 2909 Ps.
1039 2867 1105 2918 71,
1128 2869 1168 2909 S.
1342 2867 1395 2904 28
1426 2865 1504 2908 Ps.
1526 2866 1594 2916 88,
1619 2865 1688 2904 26.
