1992 3186
582 110 1353 154 DEMONST EVANG21X.14
1670 109 1775 162 605

162 249 294 286 ποτε
324 225 470 303 λόγῳ
501 226 638 284 κατὰ
668 224 762 293 τὰς
793 228 920 300 περὶ
951 223 1123 283 αὐτοῦ
1146 226 1390 300 γραφὰς,
1422 222 1455 299 ἡ
1484 229 1575 283 καὶ
1608 229 1773 284 εἰσέτι

163 315 270 370 νῦν
302 312 672 385 ἐνεργουμένη
702 309 839 383 πρὸς
867 314 963 383 τῆς
996 309 1167 369 αὐτοῦ
1189 309 1451 383 θεότητος
1474 309 1606 368 καθ’
1643 308 1797 383 ὅλης-

162 400 256 469 τῆς
275 393 596 470 ἀνθρώπων
619 396 946 469 οἰκουμένης
969 393 1156 468 ἀρετὴ,
1190 394 1262 452 δι’
1291 387 1356 467 ἧς
1379 394 1571 462 αὐτοῖς
1595 401 1773 469 ἔργοις

162 478 352 548 ὁποῖός
391 505 472 547 τις
512 473 582 553 ἦν
613 482 705 537 καὶ
736 479 858 537 τότε
887 494 1000 547 τοῖς
1039 485 1175 546 οἵοις
1205 504 1263 537 τε
1294 483 1540 554 συνορᾶν
1572 483 1774 538 ἐπιδεί-

119 585 141 617 5
163 589 343 636 νυται,
374 564 464 621 ὅτε
494 567 587 623 καὶ
613 567 701 622 ἐπὶ
730 563 1010 630 τοσούτοις
1033 562 1169 637 μετα
1185 570 1357 622 ταῦτα
1381 564 1598 638 χρόνοις
1623 569 1774 636 διαρ-
1799 590 1886 631 (449)

161 650 259 721 κὴς
291 651 381 706 καὶ
420 646 677 722 ἀνίκητος
715 651 807 706 καὶ
842 645 914 715 ὡς
953 645 1178 721 άληθῶς
1218 652 1360 706 θεοῦ
1390 649 1549 721 λόγος
1578 645 1607 705 ὁ
1639 650 1775 720 πρὸς

130 792 135 799 ,
162 732 337 791 αὐτοῦ
369 735 766 807 καταγγελθεὶς
797 729 1221 806 ἀποδείκνυται,
1253 732 1461 801 πάντας
1490 730 1776 806 ὑπερβαλ-

161 816 390 890 λόμενος
431 818 560 884 τοὺς
600 816 849 892 ἀρχῆθεν
888 820 980 874 καὶ
1019 819 1178 891 μέχρι
1215 821 1452 876 τοῦνῦν
1481 817 1583 891 τὴν
1615 822 1775 875 διδα-

161 909 399 960 σκαλίαν
431 900 603 960 αὐτοῦ
633 910 896 975 πολεμεῖν
925 900 1512 976 παρεσκευασμένους,
1547 905 1599 970 ἐξ
1630 898 1776 959 άπά-

99 1009 139 1041 10
163 1005 262 1060 σης
278 1010 336 1045 τε
357 991 453 1060 τῆς
471 988 797 1060 οἰκουμένης
814 985 1163 1060 ὑπαγόμενος
1185 989 1365 1064 ἑαυτῷ
1376 993 1547 1060 μυρία
1563 985 1773 1059 πλήθη,

161 1073 254 1129 καὶ
284 1070 464 1145 πάσης
494 1073 596 1145 μὲν
625 1071 893 1144 ἁμαρτίας
925 1074 1017 1128 καὶ
1049 1076 1162 1128 τῶν
1191 1073 1329 1128 κατὰ
1355 1071 1540 1144 ψυχὴν
1570 1075 1775 1128 παθῶν

160 1179 220 1212 τε
259 1158 350 1212 καὶ
392 1155 723 1229 νοσημάτων
763 1155 892 1223 τοὺς
937 1153 1086 1232 αὐτῷ
1133 1155 1463 1228 προσιόντας
1493 1153 1773 1212 ἀπαλλάσ-

161 1260 298 1311 σων,
333 1243 420 1297 ἐπὶ
456 1242 517 1298 δὲ
540 1238 642 1312 τὴν
667 1238 869 1313 εὐσεβῆ
894 1245 1262 1298 διδασκαλίαν
1286 1238 1456 1298 αὑτοῦ
1481 1244 1594 1298 πᾶν
1615 1242 1773 1312 γένος

153 1323 433 1397 Ἑλλήνων
463 1327 555 1382 καὶ
588 1324 889 1398 βαρβάρων
913 1324 1416 1399 προσκαλούμενος,
1448 1331 1686 1398 μυρίους
1716 1347 1774 1381 τε
1800 1349 1820 1380 1>

99 1429 140 1462 15
162 1407 327 1475 ὅσους
357 1408 657 1483 προσάγων
681 1411 769 1466 ἐπὶ
794 1409 897 1482 τὴν
925 1416 1024 1467 τοῦ
1047 1409 1222 1483 μόνου
1246 1413 1338 1467 καὶ
1362 1408 1610 1482 ἀληθοῦς
1633 1414 1773 1466 θεοῦ

161 1496 372 1566 γνῶσιν
403 1497 498 1552 ε’πί
522 1519 580 1552 τε
610 1492 706 1552 τὸν
734 1493 867 1566 ὑγιῆ
897 1496 988 1551 καὶ
1013 1495 1277 1568 σώφρονα
1307 1501 1462 1566 βίον,
1491 1490 1552 1561 ὃς
1582 1491 1652 1565 δὴ
1682 1496 1773 1550 καὶ

161 1581 392 1651 πρέπων
423 1588 508 1652 εἴη
538 1575 609 1636 ἂν
640 1583 939 1654 ἐπαγγελία
970 1585 1274 1652 θρησκείας
1296 1584 1395 1636 τοῦ
1428 1581 1515 1636 ἐπὶ
1547 1577 1774 1635 πάντων

162 1663 318 1720 θεοῦ.
384 1668 463 1720 10.
498 1654 658 1729 οὗτος
691 1663 750 1720 δὲ
783 1660 948 1730 αὐτὸς
976 1659 1005 1720 ὁ
1035 1662 1167 1730 θεὸς
1206 1662 1391 1736 ἡμῶν,
1437 1661 1531 1719 ἅτε
1570 1662 1774 1736 τυγχά-

163 1771 279 1803 νων
308 1751 449 1804 θεοῦ
491 1746 649 1820 λόγος
674 1743 934 1821 “κρίσιν”
980 1750 1154 1820 φησὶν
1186 1744 1636 1805 “οἰνταποδίδωσι
1681 1749 1771 1804 καὶ

98 1854 139 1886 20
162 1830 573 1904 ἀνταποδώσει,
606 1829 771 1898 αὐτὸς
801 1830 918 1904 ἥξει
948 1835 1040 1889 καὶ
1064 1831 1232 1889 σώσει
1262 1828 1456 1905 ῆμᾶς.”
1501 1829 1638 1888 κατὰ
1667 1830 1772 1904 γαρ

160 1914 257 1973 τὸν
295 1915 528 1989 Ψαλμὸν
558 1915 813 1989 φήσαντα
836 1912 901 1973 “ὁ
932 1916 1064 1984 θεὸς
1093 1915 1154 1974 τὸ
1187 1924 1355 1990 κρίμα
1380 1934 1482 1973 σου
1516 1918 1594 1992 τῷ
1616 1916 1772 1987 βασι-

161 2007 247 2057 λεῑ
277 1999 398 2074 δὸς,
430 2003 524 2058 καὶ
553 1999 690 2058 κατά
720 2001 823 2070 τὴν
855 2000 1220 2074 εῦαγγελικὴν
1263 2006 1659 2072 διδασκαλίαν,
1694 1997 1769 2057 δι’

163 2077 226 2155 ἧς
257 2094 468 2158 εἴρηται
493 2082 558 2142 “ὁ
591 2086 770 2159 πατὴρ
801 2092 980 2159 κρίνει
1010 2083 1244 2158 οὐδένα,
1287 2085 1426 2142 ἀλλὰ
1454 2084 1557 2157 τὴν
1587 2092 1773 2155 κρίσιν

162 2171 347 2226 πᾶσαν
388 2172 598 2227 δέδωκε
635 2175 711 2246 τῷ
751 2167 915 2246 υίῷ,’-’
957 2169 1106 2242 παρὰ
1144 2175 1243 2228 τοῦ
1288 2169 1492 2243 πατρὸς
1533 2167 1635 2242 τὴν
1675 2174 1773 2226 τοῦ
1798 2203 1813 2223 c

98 2274 140 2307 25
163 2258 376 2324 κρίνειν
421 2253 660 2327 εἰληφώς
703 2254 985 2328 ἐξουσίαν,
1033 2253 1365 2329 δικαιοσύνῃ
1410 2261 1651 2327 κρίνων,
1696 2260 1771 2329 τῷ

162 2339 265 2409 μὲν
296 2342 356 2395 ἐκ
386 2342 679 2412 περιτομῆς
710 2341 826 2415 λαῷ
863 2337 965 2411 τῆν
994 2338 1390 2411 προσήκουσαν
1419 2341 1531 2396 τῶν
1563 2344 1640 2404 εἰς
1672 2335 1767 2393 αῦ-

163 2420 260 2478 τόν
289 2446 348 2479 τε
378 2424 471 2479 καὶ
501 2421 629 2488 τούς
659 2421 833 2479 αὐτοῦ
854 2422 1140 2496 προφήτας
1161 2424 1578 2495 τετολμημένων
1611 2427 1773 2492 δίκην

163 2502 514 2578 ἀποδέδωκε,
561 2505 769 2573 πάντας
812 2507 872 2562 δὲ
913 2503 1246 2574 ἁπαξαπλῶς
1275 2503 1614 2579 ἀνθρώπους
1644 2505 1773 2572 τοὺς

165 2584 314 2664 αὐτῷ
346 2587 672 2660 προσιόντας
705 2592 758 2657 ἐξ
783 2598 909 2647 ἴσου
933 2590 1070 2647 κατὰ
1092 2589 1152 2647 τὸ
1178 2595 1395 2647 δίκαιον
1424 2587 1768 2647 ἀνεσώσατο·

103 2693 144 2725 30
169 2664 248 2728 οἷν
277 2671 342 2729 τά
374 2666 484 2730 ὦτα
501 2677 596 2745 τῆς
622 2679 870 2741 διανοίας
887 2677 978 2732 καὶ
1002 2674 1131 2741 τοῦς
1153 2673 1480 2747 ὀφθαλμούς
1510 2671 1767 2752 ἀνέῳξεν.

280 2868 332 2905 21
366 2868 594 2917 Ps.71,1.
774 2868 825 2907 23
858 2869 1082 2919 J0.5,22,
