1992 3186
630 116 938 159 DEMONST.
967 116 1193 159 EVANG.
1227 118 1306 160 1x.
1338 120 1378 160 3.
1669 116 1771 169 571

163 231 271 306 ἄρα
300 223 462 298 οὗτος
494 235 703 298 ἐκεῖνος
744 223 815 304 ῆν
845 234 936 288 καὶ
967 230 1090 288 οὐδ’
1139 229 1332 304 ἄλλος,
1374 228 1440 290 ὃν
1478 227 1512 304 ἡ
1554 255 1773 308 προφη-

160 323 284 374 τεία
312 314 723 391 προηγόρευσε,
756 315 887 373 καθ’
922 313 989 373 ὃν
1019 318 1111 374 καὶ
1141 314 1174 388 ἡ
1206 316 1335 388 Γώγ
1370 312 1578 389 ὑψώθη
1609 323 1773 389 βασι-
1798 342 1819 374 b

162 407 287 458 λεία
331 404 425 474 τῆς
471 405 711 474 Χριστοῦ
759 399 1046 474 δυνάμεως
1092 399 1493 474 συναυξούσης.
1575 405 1774 460 τοῦτον

163 484 214 542 δ’
265 483 513 544 ἐνταῦθα
557 504 730 559 φασιν
776 490 1122 543 αἰνίττεσθαι
1172 483 1301 542 καθ’
1341 483 1630 559 Ἐβραίους
1675 483 1774 543 τόν

119 568 363 644 ὅτρόπον
407 567 509 641 τὴν
546 575 658 626 τῶν
689 567 971 642 Ῥωμαίων
1015 575 1333 641 βασιλείαν,
1385 561 1421 642 ᾗ
1465 571 1557 626 καὶ
1598 569 1773 643 συνή-
1798 595 1884 637 [2641

160 672 371 727 κμασεν
411 653 445 726 ἡ
479 658 719 727 Χριστοῦ
763 658 1109 710 διδασκαλία.
1183 658 1230 709 6.
1264 655 1532 726 μέμνηται
1575 655 1635 711 δὲ
1674 660 1774 712 τοῦ

160 737 289 811 Γώγ
327 740 418 794 καὶ
457 736 485 793 ὁ
517 736 801 812 προφήτης
827 734 1079 808 Ἰεζεκιῆλ
1103 733 1376 810 “ἅρχοντα
1408 737 1537 804 ‘Po-329
1578 736 1775 812 Μοσὸχ

159 825 252 879 καὶ
279 819 494 894 Θοβὲλ”
514 820 796 895 ὀνομάζων
812 837 822 846 ·
858 819 948 878 διὰ
967 822 1069 894 μὲν
1089 824 1190 878 τοῦ
1204 819 1331 886 Ῥώς
1355 821 1457 893 τὴν
1472 820 1771 895 Ῥωμαίων,

160 903 234 972 ὥς
267 911 437 979 ἔοικε,
478 904 641 963 πόλιν
671 903 1072 978 αἰνιττόμενος,
1123 907 1242 963 ἐπεὶ
1272 907 1363 961 καὶ
1394 904 1534 979 ἀρχὴ
1565 909 1656 963 καὶ
1686 930 1773 964 κε-

94 1014 136 1047 10
157 989 308 1064 φαλὴ
339 988 477 1048 κατὰ
504 987 606 1062 τὴν
627 988 901 1064 Ἑβραίων
932 987 1130 1063 φωνὴν
1164 987 1254 1046 διὰ
1284 993 1382 1046 τοῦ
1406 988 1533 1058 Ῥώς
1567 994 1774 1063 δηλοῦ-

157 1100 275 1147 ται,
349 1073 440 1130 διὰ
480 1075 540 1131 δὲ
584 1077 682 1131 τοῦ
725 1073 920 1147 Μοσὸχ
963 1074 1064 1146 τὴν
1103 1079 1338 1132 Μυσίαν
1377 1077 1470 1130 καὶ
1512 1073 1577 1131 τὰ
1618 1077 1772 1149 πέριξ
1803 1109 1821 1131 c

157 1159 356 1231 ταύτης
397 1164 566 1231 ἔθνη,
608 1155 710 1215 ὅσα
751 1162 858 1215 νῦν
888 1164 1063 1216 οἰκεῖα
1087 1156 1367 1231 Ῥωμαίων
1399 1160 1545 1230 ἐστὶ,
1587 1156 1677 1215 διὰ
1711 1160 1774 1216 δὲ

155 1246 257 1302 τοῦ
288 1243 466 1314 Θοβὲλ
504 1240 605 1348 τῆν
642 1238 887 1343 Ἰβηρίαν
927 1241 956 1299 ὁ
991 1241 1250 1315 Ἰώσηπος
1291 1247 1481 1343 δηλοῖ,
1524 1241 1631 1299 ἀπὸ
1673 1249 1773 1300 τοῦ

160 1327 340 1398 Θοβελ
363 1328 653 1399 γεγονέναι
676 1325 907 1399 φάσκων
925 1325 1243 1399 Θοβεήλους
1266 1324 1393 1394 τούς
1407 1324 1660 1400 Ἴβηρας·
1694 1352 1774 1384 ων

95 1433 136 1465 15
158 1409 423 1468 ἁπαντων
462 1434 700 1484 αρχοντα
739 1410 835 1468 τὸν
866 1410 994 1483 Γώγ
1023 1407 1440 1483 ὑψωθήσεσθαί
1477 1430 1652 1484 φησιν
1683 1414 1774 1469 ἐπὶ

158 1499 254 1567 τῆς
292 1498 389 1553 τοῦ
434 1497 929 1569 προφητευομένου
975 1500 1218 1570 Χριστοῦ
1259 1500 1596 1568 παρουσίας,
1636 1491 1702 1552 ὃν
1742 1491 1771 1552 ὁ

158 1577 290 1646 θεὸς
324 1577 615 1652 ὡδήγησεν
648 1582 700 1647 ἐξ
725 1578 1045 1652 Αἰγύπτου,
1076 1602 1167 1636 οτε
1190 1579 1327 1635 κατὰ
1349 1578 1445 1635 τὸν
1469 1587 1773 1636 Ματθαῐον

161 1661 617 1736 ἐπιβουλεύοντος
647 1666 745 1720 τοῦ
765 1661 1018 1736 “Ηρι·όδου
1048 1664 1206 1720 παιδὶ
1236 1660 1354 1721 ὅντι
1385 1659 1536 1739 αὐτῷ
1566 1686 1771 1736 χρημα-

158 1749 372 1813 τισθεὶς
401 1743 429 1804 ὁ
458 1744 658 1820 Ἰωσὴφ
683 1749 962 1820 παρέλαβε
991 1745 1050 1804 τὸ
1075 1751 1300 1804 παιδίον
1324 1748 1415 1804 καὶ
1441 1744 1542 1819 τὴν
1565 1749 1772 1822 μητέρα

94 1854 136 1886 20
159 1830 352 1904 αὐτοῦ,
384 1833 476 1888 καὶ
507 1835 826 1905 ἐπανῆλθεν
850 1837 927 1897 είς
951 1834 1056 1904 γῆν
1085 1827 1311 1906 Ἰσραήλ.
1356 1829 1488 1900 δόξα
1521 1831 1581 1887 δὲ
1609 1855 1771 1904 μονο-

109 1984 113 1988 ,
158 1917 394 1990 κε’ρωτος
435 1914 585 1992 αὐτῷ
626 1921 702 1992 τῷ
745 1919 965 1992 Χριστῷ
1007 1921 1221 1989 παρῆν,
1278 1913 1368 1970 διὰ
1413 1914 1473 1971 τὸ
1521 1919 1581 1973 ἐν
1622 1914 1774 1992 αὐτῷ
1798 1939 1823 1972 d

161 1998 524 2072 εὐδοκηκέναι
553 2004 873 2072 κατοικῆσαι
903 2005 1015 2056 πᾶν
1057 1997 1117 2056 τὸ
1148 1997 1417 2072 πλήρωμα
1448 2003 1543 2071 τῆς
1573 1998 1774 2072 θεότη-

159 2108 280 2156 τος,
324 2083 462 2140 κατὰ
491 2082 588 2142 τὸν
619 2083 770 2158 ἱερὸν
800 2081 1125 2143 ἀπόστολον.
1198 2089 1244 2143 7.
1281 2081 1475 2158 διόπερ
1508 2079 1581 2150 ὦς
1611 2085 1773 2157 κέρας

159 2166 600 2241 ἐπιγραφόμενος
623 2168 721 2226 τὸν
749 2171 862 2226 τῶν
884 2167 1030 2226 ὅλων
1064 2168 1202 2226 θεὸν
1232 2169 1323 2225 καὶ
1359 2169 1569 2242 πατέρα
1599 2166 1776 2225 αὑτοῦ

95 2274 139 2307 25
160 2250 471 2327 μονόκερως
514 2255 605 2310 καὶ
647 2255 706 2310 ἐν
749 2255 957 2328 ἑτέραις
989 2267 1231 2327 γραφαῖς
1273 2250 1592 2325 ὠνομάσθη.
1655 2250 1685 2308 ὃ
1718 2248 1773 2309 δ’

162 2333 325 2403 αὐτὸς
355 2339 455 2394 τοῦ
483 2340 626 2394 θεοῦ
655 2335 813 2410 λόγος
843 2350 956 2404 τοῖς
979 2349 1195 2408 νοητοῖς
1219 2338 1311 2393 καὶ
1334 2343 1574 2407 λογικοῖς
1599 2333 1775 2391 αὑτοῦ

163 2422 347 2491 βέλεσι
386 2419 482 2477 τὸν
525 2419 727 2494 ἐχθρὸν
767 2423 858 2477 καὶ
901 2423 1283 2493 ἀντικείμενον
1313 2418 1463 2495 αὐτῷ
1510 2417 1773 2490 διάβολον

162 2501 340 2568 πάσας
370 2526 428 2560 τε
458 2502 552 2571 τὰς
583 2501 722 2578 ἄμφ’
757 2501 928 2562 αὐτὸν
957 2502 1227 2577 ἄοροὲτους
1267 2504 1358 2559 καὶ
1400 2499 1644 2575 πονηρὰς
1676 2507 1771 2558 δυ-

163 2584 352 2659 νάμεις
379 2584 468 2643 διὰ
491 2594 800 2660 κρείττονος
824 2589 914 2644 καὶ
929 2585 1282 2660 ἀκαταμάχου
1301 2583 1587 2658 δυνάμεως
1605 2583 1773 2657 ῆλαυ-

100 2694 144 2726 30
168 2693 293 2743 νεν,
337 2672 501 2727 εἰσέτι
541 2694 600 2728 τε
645 2675 753 2729 νῦν
792 2669 1036 2745 κυριεύει
1078 2674 1264 2728 ἐθνῶν
1305 2675 1556 2742 πολλῶν,
1600 2662 1679 2726 ὧν
1709 2667 1775 2726 τοὶ

279 2863 305 2904 ’7
335 2864 412 2905 ΕΖ.
437 2864 506 2912 38,
530 2866 570 2906 3.
759 2865 809 2904 13
839 2863 1026 2916 Joseph.
1049 2862 1155 2903 Ant.
1177 2864 1211 2903 I.
1234 2863 1275 2903 6.
1458 2864 1512 2903 20
1545 2861 1641 2906 Col.
1665 2863 1706 2913 2,
1731 2864 1772 2902 9.
