1992 3186
256 106 362 157 222
925 107 1173 148 EUSEBII

214 276 228 289 ,
257 222 358 295 τὴν
388 221 619 300 ἀρετὴν,
660 221 796 279 κατά
837 245 895 278 τε
924 219 1025 293 τὴν
1071 220 1336 294 δύναμιν,
1381 224 1472 278 καὶ
1513 221 1615 293 τὴν
1645 219 1866 295 οὐσίαν,

257 306 396 363 κατά
425 330 484 363 τε
514 306 611 363 τὸν
640 310 733 379 τῆς
765 305 1002 378 μονάδος
1034 307 1126 361 καὶ
1161 305 1355 371 ἑνοὲδος
1397 303 1658 379 ἀριθμὸν,
1691 315 1865 364 πολυ-

259 393 441 457 ειδοῦς
484 391 542 447 δὲ
574 389 751 456 ἄλλως
785 392 877 445 καὶ
915 388 1267 460 πολυτρόπου
1306 394 1402 461 τῆς
1440 396 1551 447 τῶν
1582 395 1865 463 γεννητῶν

256 472 1019 553 μελλούσης-ὑποστήσεσθαι
1058 471 1282 545 οὐσίας,
1334 478 1384 530 2.
1417 483 1640 546 μυρίαις
1673 499 1729 532 τε
1770 478 1862 532 καὶ

256 564 529 624 ποικίλαις
560 555 754 614 ἄλλοτε
784 556 974 623 ἄλλαις
994 564 1322 629 μεταβολαῖς
1348 556 1420 614 δι’
1458 564 1668 615 οἰκείαν
1691 556 1862 616 οἷσθέ-
1885 585 1909 616 5

210 666 230 698 b
256 666 413 698 νειαν
454 640 922 714 ὑποκεισομένης,
974 644 1069 713 τῆς
1114 664 1171 697 τε
1222 639 1484 698 ἀνωτάτω
1524 647 1623 697 τοῦ
1661 641 1864 717 πατρὸς

257 723 545 798 δυνάμεως
587 724 662 782 δι’
706 722 1025 798 ὑπερβολὴν
1065 730 1160 797 τῆς
1201 723 1588 796 ἆνεκφροὲστου
1628 728 1719 782 καὶ
1751 741 1864 792 τοῖς

159 837 228 879 [99]
255 830 424 866 πασιν
454 807 924 884 απειρομεγέθους
965 808 1185 882 φύσεως
1226 807 1691 882 απολειψομένης,
1723 807 1865 867 αὸυ-

254 918 431 961 νατως
461 917 518 950 τε
550 893 775 966 ἑξούσης
805 898 899 966 τῆς
931 892 1239 965 αγεννήτου
1271 896 1362 950 καὶ
1404 891 1692 966 αχωρήτου
1730 893 1864 952 θεό-

253 1002 439 1051 τητος,
485 975 623 1050 αυτή
663 1002 725 1050 γε
765 976 1004 1050 γεννητὴ
1035 979 1172 1034 οὐσα
1212 982 1460 1050 μετέχειν
1499 975 1776 1035 ἆντωπεῖν
1806 1002 1864 1035 τε
1890 1005 1930 1036 ιο

253 1087 370 1119 ανω
412 1065 503 1119 καὶ
534 1061 887 1134 αντιβλέπειν
917 1076 1034 1128 ταῖς
1070 1059 1532 1133 αποστιλβούσαις
1557 1067 1654 1119 τοῦ
1677 1061 1864 1120 ἀϊδίου

253 1144 432 1218 φωτὸς
464 1145 717 1246 ἀρρήτοις
758 1161 1172 1254 μαρμαρυγαῖς,
1214 1150 1354 1219 χρῆν
1397 1146 1467 1218 δή
1499 1168 1607 1202 που
1641 1145 1862 1212 εἰκότως

252 1228 348 1287 τὸν
379 1229 711 1302 παναγαθον
741 1233 948 1303 πατέρα
980 1233 1071 1286 καὶ
1105 1235 1323 1302 σωτῆρα
1348 1234 1459 1286 τῶν
1489 1228 1665 1300 ὅλων,
1708 1235 1754 1286 3.
1791 1226 1862 1296 ὡς

253 1339 323 1371 αν
352 1313 426 1386 μὴ
458 1318 738 1381 παντελῶς
769 1313 802 1386 ἡ
835 1320 947 1371 τῶν
970 1339 1094 1386 αρτι
1117 1317 1506 1386 γενησομένων
1535 1313 1703 1386 φύσις
1735 1319 1864 1385 ἕρη-
1908 1308 1914 1313 ’

203 1435 220 1457 c
252 1422 349 1470 μος
379 1398 519 1454 οὐσα
549 1403 643 1470 τῆς
675 1423 849 1455 αυτου
880 1406 1172 1464 κοινωνίας
1197 1404 1308 1454 τῶν
1331 1405 1606 1470 μεγίστων
1630 1395 1863 1470 αγαθῶν
1884 1422 1926 1454 15

253 1497 526 1554 στέροιτο,
570 1484 745 1555 μέσην
784 1507 907 1540 τινα
938 1481 1348 1555 παρεμβαλλειν
1379 1485 1480 1553 τὴν
1509 1487 1606 1539 τοῦ
1636 1505 1862 1554 μονογε-

253 1569 381 1633 νοῦς
422 1565 593 1624 αὐτοῦ
630 1569 720 1622 καὶ
762 1565 1113 1639 πρωτοτόκου
1154 1574 1321 1624 θείαν
1361 1568 1451 1623 καὶ
1486 1571 1740 1638 παναλκῆ
1771 1568 1862 1623 καὶ

249 1648 563 1723 πανάρετον
595 1650 853 1724 δύναμιν,
884 1648 1248 1723 ἀκριβέστατα
1279 1651 1382 1723 μὲν
1403 1653 1494 1707 καὶ
1513 1649 1596 1707 ὅτι
1626 1649 1860 1722 μάλιστα

252 1733 530 1806 ἐγγυτάτω
567 1740 643 1811 τῷ
684 1738 849 1807 πατρὶ
890 1740 1364 1807 προσομιλοῦσαν,
1411 1745 1540 1799 ἴσως
1581 1757 1640 1790 τε
1687 1732 1859 1790 αὐτοῦ

248 1824 361 1876 τῶν
390 1815 718 1893 ἀπορρήτων
747 1816 1167 1890 ἄπολαύουσαν,
1201 1817 1477 1889 πραότατα
1510 1817 1572 1874 δὲ
1603 1835 1857 1889 συγκατι-
1882 1842 1924 1873 20

249 1905 455 1976 οὖσαν,
498 1905 589 1959 καὶ
631 1902 970 1976 ἀμωσγέπως
1024 1904 1563 1975 συσχηματιζομένην
1603 1916 1714 1968 τοῖς
1764 1907 1858 1973 τῆς

248 1984 418 2059 ἄκρας
450 1986 1013 2059 ἀπολιμπανομένοις,
1047 1985 1137 2042 διά
1161 2008 1219 2041 τε
1248 1985 1349 2057 τὴν
1373 1990 1533 2057 σφῶν
1557 1984 1858 2043 ἀσθένειαν

203 2095 224 2126 d
248 2075 342 2142 τῆς
375 2074 433 2126 ἐκ
463 2075 561 2126 τοῦ
595 2073 858 2143 δευτέρου
890 2067 1226 2140 βελτιώσεως
1257 2093 1316 2126 τε
1347 2071 1438 2125 καὶ
1471 2067 1739 2143 ὠφελείας
1772 2074 1856 2126 ἐν·

248 2152 507 2227 χρῄζουσι
557 2152 651 2219 τὰς
703 2152 864 2225 ἡλίου
923 2152 1283 2226 μαρμαρυγὰς
1335 2159 1478 2210 θεᾶν
1536 2151 1711 2226 ἠρέμα
1763 2155 1852 2210 καὶ

247 2237 435 2310 πράως
467 2236 870 2310 συγκατιούσας
902 2236 1054 2310 ἡμῖν,
1086 2234 1188 2294 οὐκ
1211 2235 1387 2303 ἄλλως
1418 2243 1513 2310 τῆς
1544 2244 1642 2295 τοῦ
1673 2237 1852 2310 φωτὸς
1878 2262 1918 2294 25

247 2319 488 2394 ἀκράτου
530 2321 816 2395 δυνάμεως
862 2326 998 2387 οἵοις
1039 2345 1098 2377 τε
1138 2318 1443 2379 ἀπολαύειν
1486 2321 1576 2378 διὰ
1618 2320 1718 2393 τὴν
1756 2327 1854 2380 τοῦ

249 2404 497 2479 σώματος
527 2405 842 2463 ἀσθένειαν.
906 2410 953 2462 4.
989 2411 1038 2463 εἰ
1067 2408 1232 2477 γοῦν,
1267 2405 1339 2473 ὡς
1373 2411 1432 2463 ἐν
1461 2405 1728 2463 ὑποθέσει
1761 2405 1854 2462 λό-

246 2515 369 2564 γου,
395 2493 587 2557 καθεὶς
611 2489 928 2564 οὐρανόθεν
951 2488 1114 2554 αὐτὸς
1142 2490 1340 2548 ἑαυτὸν
1362 2489 1391 2547 ὅ
1415 2489 1678 2562 παμφαὴς
1703 2488 1853 2562 ἥλιος

248 2593 355 2632 συν
385 2573 706 2647 ανθρώποις
740 2577 828 2631 ἐπὶ
859 2579 958 2646 γῆς
983 2574 1354 2644 πολιτεύοιτο,
1386 2572 1589 2631 ουδένα
1620 2599 1731 2631 των
1763 2577 1852 2630 επὶ

245 2662 343 2730 γῆς
383 2674 566 2731 μεῖναι
607 2685 677 2715 αν
716 2657 1096 2731 αδιαφθορον,
1136 2682 1361 2715 παντων
1399 2658 1721 2730 συλληβδην
1763 2661 1912 2730 έμ-3ο

247 2742 440 2814 ψύχων
479 2742 619 2815 ὁμοῦ
662 2745 753 2799 καὶ
785 2741 1016 2815 ἀψύχων
1056 2740 1237 2817 ἀθρόα
1277 2745 1344 2816 τῇ
1373 2747 1471 2799 τοῦ
1502 2740 1683 2814 φωτὸς
1714 2766 1850 2813 προ-

246 2830 386 2899 βολῇ
411 2831 966 2900 διαφθαρησομένων.
1011 2830 1059 2883 ’5.
1093 2829 1299 2884 θᾶττον
1321 2831 1460 2899 γοῦν
1482 2829 1574 2884 καὶ
1603 2825 1847 2898 τυφλοὺς
