1992 3186
238 121 344 174 250
910 122 1159 163 EUSEBII

233 236 509 310 Ἑβραίοις
541 240 825 294 ἐπίσταται
856 234 1030 308 λόγος.
1091 233 1260 294 ἄκουε
1304 233 1356 294 δ’
1399 229 1504 295 οὖν
1545 229 1711 304 αὖθις
1751 240 1850 295 τοῦ

239 324 429 394 Δαβὶδ
461 319 690 379 αἰῶνιόν
720 344 844 377 τινα
876 322 1024 393 ἱερέα
1053 326 1152 378 τοῦ
1181 324 1322 378 θεοῦ
1360 320 1669 394 φάσκοντος
1710 323 1849 379 εἰδέ-

199 439 216 461 e
238 430 331 463 ναι
348 450 362 477 ,
395 404 588 478 κύριόν
611 427 670 461 τε
693 403 865 462 αὑτοῦ
887 404 1084 462 τοῦτον
1106 401 1541 478 ἀναγορεύοντος
1555 450 1569 478 ,
1603 407 1695 462 καὶ
1718 403 1848 462 σύν-

237 500 449 564 θρονον
489 488 632 546 εἶναι
672 491 772 545 τοῦ
814 487 1100 546 ἀνωτάτου
1148 492 1292 546 θεοῦ
1339 487 1736 561 ὁμολογοῦντος
1787 492 1848 546 ἐν

240 576 514 647 εκατοστῳ
540 575 633 629 καὶ
658 570 831 650 ἐνατῳ
863 579 1105 648 Ψαλμῶ,
1138 571 1269 630 καθ’
1306 568 1372 629 ὃν
1395 564 1508 629 ῶδέ
1527 571 1644 639 πῶς
1673 591 1847 646 φησιν
1869 596 1889 629 5

230 652 478 714 ’(εἷπεν”
453 681 482 713 ο
514 654 703 729 κύριος
733 661 808 733 τῷ
839 663 1016 734 κυρίῳ
1047 680 1174 729 μου,
1205 655 1387 714 κάθου
1415 659 1475 713 ἐκ
1501 659 1698 724 δεξιῶν
1720 681 1846 729 μου,

235 743 338 807 ε’ως
367 737 438 798 ἂν
467 744 558 798 θῶ
585 740 716 807 τούς
748 741 983 815 ἐχθρούς
1014 760 1116 798 σου
1156 736 1467 798 ὑποπόδιον
1505 743 1617 797 τῶν
1657 744 1848 798 ποδῶν

237 844 356 883 σου.
433 823 646 899 ῥάβδον
688 823 976 899 δυνάμεως
1017 829 1370 894 ἐξαποστελεῖ
1418 842 1504 882 σοι
1552 823 1740 896 κύριος
1787 827 1848 881 ἐκ

236 908 412 981 Σιῶν,
444 911 536 966 καὶ
568 908 1021 981 κατακυριεύσεις
1054 913 1115 967 ἐν
1144 911 1292 986 μέσῳ
1323 912 1438 966 τῶν
1479 911 1697 982 ἐχθρῶν
1726 926 1843 966 σου.
1906 956 1909 959 .

235 992 370 1066 μετὰ
400 997 502 1051 σοῦ
532 991 566 1066 ἡ
599 990 736 1067 ἀρχὴ
772 997 832 1051 ἐν
859 989 1036 1070 ἡμέρα
1067 997 1162 1066 τῆς
1195 990 1482 1066 δυνάμεώς
1512 1011 1644 1066 σου,
1686 996 1747 1049 έν
1776 994 1846 1066 τῇ
1867 1015 1907 1048 10

236 1076 576 1151 λαμπρότητι
605 1081 717 1134 τῶν
747 1074 924 1150 ἁγίων
955 1097 1072 1135 σου.
1131 1080 1190 1134 ἐκ
1230 1074 1466 1149 γαστρὸς
1493 1075 1599 1150 πρὸ
1634 1075 1845 1149 ἑωσφό-

236 1185 337 1234 ρου
370 1160 639 1233 ἐγέννησα
682 1179 757 1219 σε.
827 1159 1008 1234 ὤμοσε
1047 1160 1262 1234 κύριος,
1306 1162 1398 1218 καὶ
1438 1158 1504 1217 οὐ
1545 1168 1845 1233 μεταμελη-

190 1244 498 1318 «ιθήσεται,
541 1243 612 1301 σύ
655 1244 836 1318 ιερεύς
880 1252 957 1313 εἰς
997 1243 1094 1303 τὸν
1139 1248 1315 1302 αἰῶνα
1365 1242 1501 1304 κατὰ
1544 1243 1647 1316 τὴν
1690 1244 1845 1311 τάξιν

234 1330 597 1402 Μελχισεδέκ.
601 1325 630 1347 ”

361 1418 442 1469 34.
491 1415 602 1470 Καὶ
631 1414 739 1470 θέα
769 1438 832 1484 γε
864 1410 936 1481 ῶς
978 1416 1038 1470 ἐν
1075 1412 1289 1479 τούτοις
1321 1415 1538 1484 Δαβὶδ,
1582 1410 1843 1484 βασιλεὺς
1867 1434 1907 1468 15

235 1494 314 1554 ὢν
343 1500 444 1553 τοῦ
466 1495 671 1563 παντὸς
691 1495 964 1571 Ἑβραίων
987 1504 1190 1564 ἔθνους
1215 1498 1307 1554 καὶ
1333 1494 1468 1565 πρὸς
1492 1503 1557 1572 τῇ
1590 1502 1843 1572 βασιλείᾳ

232 1587 373 1657 θείῳ
414 1579 685 1654 πνεύματι
726 1583 1161 1655 κεκοσμημένος,
1208 1580 1456 1639 τοιοῦτόν
1501 1605 1623 1638 τινα
1668 1583 1845 1653 μέγαν

232 1667 323 1722 καὶ
354 1663 656 1738 ὑπερφυῶς
679 1664 1000 1739 θαυμάσιον
1024 1663 1120 1723 τὸν
1141 1666 1277 1739 πρὸς
1301 1663 1472 1722 αὐτοῦ
1500 1663 1844 1737 δηλούμενον

232 1751 323 1806 καὶ
355 1750 433 1826 τῷ
462 1748 735 1822 πνεύματι
777 1748 1172 1824 θεωρούμενον
1211 1753 1491 1822 συνεῖδεν,
1534 1745 1607 1815 ῶς
1645 1746 1843 1822 κύριον

233 1832 404 1890 αὐτὸν
435 1836 640 1890 ἑαυτοῦ
678 1848 1016 1908 προσειπεῖν.
1084 1830 1242 1891 “εἷπε
1279 1832 1384 1905 γὰρ
1424 1832 1612 1906 (φησὶ)
1653 1830 1840 1904 κύριος
1863 1854 1905 1887 20

230 1920 308 1993 τῶ
330 1923 506 1993 κυρίῳ
531 1916 684 1990 μου.”
735 1922 819 1975 35.
852 1911 991 1974 ἄλλα
1015 1919 1107 1974 καὶ
1130 1915 1359 1974 αἰῶνιον
1385 1916 1555 1974 αὐτὸν
1583 1915 1842 1988 ἀρχιερέα

231 2001 403 2072 οἶδεν,
436 2003 528 2056 καὶ
561 2003 709 2073 ἱερέα
738 2006 835 2058 τοῦ
864 2004 1003 2058 θεοῦ
1033 2007 1130 2057 τοῦ
1159 1996 1431 2074 ὑψίστου,
1467 2002 1558 2058 καὶ
1595 1998 1843 2072 σύνθρο-

230 2107 332 2140 νον
362 2086 462 2140 τοῦ
494 2085 584 2140 ἐπὶ
615 2082 841 2141 πάντων
871 2090 1030 2156 θεοῦ,
1063 2086 1155 2141 καὶ
1185 2087 1430 2157 γέννημα
1461 2083 1657 2142 αὐτοῦ’
1714 2089 1840 2156 δίχα

233 2167 294 2223 δε
324 2173 555 2240 χρίσεως
587 2165 870 2225 ἀδύνατον
898 2193 969 2241 ην
998 2167 1128 2242 παρ’
1170 2167 1443 2241 Ἑβραίοις
1477 2173 1734 2269 ιερᾶσθαι
1763 2170 1839 2244 τῷ

229 2254 367 2336 θεῷ,
401 2249 596 2323 διόπερ
628 2253 719 2307 καὶ
751 2254 1021 2323 Χριστούς
1058 2251 1346 2325 ὀνομάζειν
1387 2276 1588 2318 αυτους
1630 2250 1838 2317 πάντας
1858 2273 1899 2306 25

229 2336 300 2407 ἡν
330 2333 519 2400 αυτοῖς
549 2340 731 2407 φίλον.
794 2335 1027 2409 Χριστὸς
1065 2360 1172 2409 αρα
1212 2339 1303 2392 καὶ
1343 2333 1372 2394 ὁ
1414 2341 1475 2394 ἐν
1512 2359 1587 2411 τῳ
1626 2337 1840 2411 Ψαλμῳ

123 2444 211 2484 (177)
233 2417 569 2492 δηλούμενος
603 2423 782 2493 ιερευς
815 2429 898 2491 εἰη
929 2417 1014 2476 ἄν.
1068 2425 1152 2477 36.
1201 2424 1316 2486 πῶς
1346 2444 1450 2492 γαρ
1477 2418 1836 2493 ἐμαρτυρήθη

233 2501 413 2576 ιερεύς
465 2503 608 2560 εἶναι
662 2501 736 2604 μὴ
787 2502 910 2576 οὐχὶ
958 2501 1229 2578 πρότερον
1278 2501 1511 2574 Χριστὸς
1562 2500 1834 2575 γεγονῶς;

229 2584 368 2643 ἀλλά
399 2589 489 2644 καὶ
524 2593 601 2652 εἰς
631 2587 728 2644 τὸν
769 2591 944 2644 αἰῶνα
986 2589 1198 2660 λέγεται
1237 2590 1511 2660 ἱερᾶσθαι.
1575 2593 1734 2644 τοῦτο
1777 2585 1831 2642 δ’

229 2667 412 2727 ουκέτ’
445 2670 772 2747 ανθρωπεία
802 2670 968 2743 φύσει
1000 2669 1379 2745 ἐφαρμόττοι’
1356 2670 1439 2728 οἷν.
1502 2695 1568 2729 ου
1598 2695 1703 2745 γαρ
1734 2668 1831 2727 ἆν-
1856 2691 1898 2723 80

341 2862 365 2900 6
398 2862 470 2902 Ps.
497 2864 591 2914 109,
616 2864 652 2904 1.
