1946 3158
188 119 291 172 180
883 121 1129 163 EUSEBH

192 239 271 311 δὲ,
296 236 378 295 ὅτι
408 238 482 312 μὴ
515 237 586 295 δι’
624 235 834 309 ἀπάτης
874 239 1097 310 θέλγων
1139 234 1340 305 αὐτούς
1384 240 1475 295 καὶ
1511 236 1576 295 τὰ
1617 244 1795 295 οἰκεῖα

192 321 586 396 προϊσχόμενος
641 325 990 399 ἐξῳκειοῦτο,
1032 323 1312 399 ἐλευθέρῳ
1354 323 1413 380 δὲ
1457 325 1549 380 καὶ
1593 319 1797 395 ἀληθεῖ

143 434 164 465 b
191 406 336 485 λόγῳ
366 407 431 465 τὰ
475 404 871 480 συμβησόμενα
911 413 1222 479 θεσπίζων,
1263 405 1364 479 τὴν
1425 412 1640 480 αἵρεσιν
1697 411 1791 480 τῆς

191 491 312 550 κατ’
351 489 521 549 αὐτὸν
551 497 828 559 πολιτείας
871 497 948 559 εἰς
980 487 1179 557 αὐτοὺς
1221 494 1527 561 ἐνετίθετο;
1570 495 1793 549 τοιαῦτα

193 579 254 634 δὲ
283 569 353 649 ἦν
378 578 469 632 καὶ
499 575 563 632 τα
596 577 722 649 περὶ
755 578 866 633 τῶν
895 575 1213 648 μελλόντων
1256 575 1346 632 διὰ
1377 575 1437 633 τὸ
1482 574 1655 649 ὄνομα
1697 574 1793 633 αὐ-
1817 595 1837 627 5

190 667 287 719 τοῦ
330 659 722 733 συμβήσεσθαι
761 657 978 732 αὐτοῖς,
1022 664 1082 718 ἐν
1126 657 1208 727 οἷς
1239 662 1524 733 προλέγων
1566 660 1794 733 ἐμαρτύ-

190 769 321 816 ρατο
362 743 444 802 ὅτι
489 748 580 802 καὶ
625 747 711 802 ἐπὶ
752 744 1047 818 ἡγεμονίας
1098 743 1467 818 ἀχθήσονται,
1510 748 1602 802 καὶ
1639 748 1794 818 μέχρι

190 832 466 902 βασιλέων
508 828 848 901 φθάσουσιν,
891 832 983 887 καὶ
1017 835 1279 897 παντοίας
1331 828 1672 902 ὑπομενοῦσι
1715 854 1797 886 τι-

188 922 418 990 μωρίας,
454 912 526 971 δι’
564 911 732 972 οὐδὲν
761 915 864 988 μὲν
894 917 1146 988 φαῦλον,
1180 911 1314 972 οὐδὲ
1357 911 1436 971 δι’
1484 916 1677 986 ἑτέραν
1712 912 1798 972 εὖ·

188 1009 354 1072 λογον
397 998 610 1072 αἷτίαν,
654 996 787 1056 αὐτὸ
831 1000 891 1057 δὲ
921 1003 1083 1056 τοῦτο
1113 996 1244 1056 ὅλον
1278 997 1369 1056 διὰ
1399 996 1458 1055 τὸ
1492 996 1666 1071 ὄνομα
1698 997 1794 1054 αὐ·
1820 1018 1857 1048 10

186 1088 298 1142 τοῦ.
353 1089 432 1141 78.
454 1081 483 1139 ὃ
505 1085 597 1140 καὶ
618 1089 767 1141 ἔστιν
793 1090 870 1150 εἰς
905 1087 1072 1153 δεῦρο
1095 1086 1452 1157 θεωροῦντας
1474 1082 1796 1156 ἐνεργούμε-

187 1194 287 1226 νον
319 1172 734 1240 καταπλαγῆναι
764 1167 866 1241 τὴν
900 1166 1232 1242 πρόρρησιν·
1277 1167 1311 1240 ἡ
1351 1165 1459 1241 γάρ
1497 1171 1594 1224 τοῦ
1618 1166 1797 1240 Ἰησοῦ

145 1290 162 1311 0
186 1250 452 1326 ὀνόματος
482 1251 745 1326 ὁμολογία
775 1251 901 1319 τούς
931 1252 1150 1326 θυμοὺς
1177 1262 1380 1312 εἴωθεν
1406 1255 1645 1309 ἐκκαίειν
1686 1255 1797 1309 τῶν

190 1336 490 1411 ἀρχόντων.
557 1341 635 1394 79.
684 1333 789 1394 κᾶν
819 1337 995 1410 μηδὲν
1024 1335 1129 1410 γὰρ
1161 1341 1380 1409 φαῦλον
1409 1328 1445 1410 ᾗ
1484 1339 1796 1409 πεπραγμέ-

189 1447 290 1480 νον
318 1428 394 1498 τςὸ
440 1420 535 1478 τὸν
581 1420 822 1495 Χριστὸν
862 1418 1242 1495 ὁμολογοῦντι,
1286 1420 1613 1490 κολάζουσιν
1651 1418 1796 1493 ὅμως
1822 1439 1859 1469 15

189 1505 520 1579 αἰκιζόμενοι
554 1505 644 1562 δια
678 1506 737 1563 τὸ
768 1504 942 1580 ὄνομα
986 1503 1187 1578 αὐτοῦ,
1233 1505 1304 1574 ὡς
1344 1505 1569 1564 πάντων
1606 1503 1799 1562 άνοσι-

187 1594 410 1663 ουργῶν
457 1594 899 1664 χαλεπωτέρους·
965 1597 1016 1647 εί
1074 1587 1130 1647 δ’
1195 1589 1510 1665 ἐξομόσαιτό
1566 1614 1645 1657 τις
1697 1590 1799 1663 τὴν

187 1683 601 1750 προσηγορίαν,
642 1678 734 1733 καὶ
780 1673 1055 1749 άρνηθείη
1099 1675 1172 1748 μὴ
1216 1677 1358 1734 εἶναι
1402 1682 1513 1732 τῶν
1557 1678 1799 1747 Χριστοῦ

187 1764 482 1833 μαθητῶν,
518 1757 741 1832 ἀφεῖται
786 1765 1118 1834 παραχρῆμα
1169 1758 1490 1833 ἐλεύθερος,
1531 1754 1636 1817 κᾶν
1689 1784 1797 1832 μυ-

188 1853 326 1916 ρίοις
365 1851 552 1918 ἔνοχος
598 1842 888 1917 ἁλίσκηται
936 1843 1410 1918 πλημμελήμασιν.
1483 1849 1566 1900 80.
1610 1847 1702 1901 καὶ
1736 1851 1800 1909 ,τί
1820 1861 1858 1893 20

188 1955 255 2001 με
289 1928 391 2003 χρὴ
423 1936 596 2002 μυρία
622 1941 962 2000 συναγαγεῖν
991 1928 1051 1985 τὸ
1075 1932 1190 1987 τῶν
1210 1927 1534 1987 ἀποστόλων
1565 1932 1663 1986 τοῦ
1692 1948 1794 1987 σω-

187 2017 350 2087 τῆρος
395 2009 554 2086 ἡμῶν
600 2012 935 2086 διαγράφειν
971 2006 1109 2086 ἦθος
1151 2013 1524 2087 πειρώμενον,
1557 2010 1797 2086 ἀρκούν-

187 2122 298 2155 των
329 2100 420 2153 καὶ
452 2102 564 2155 τῶν
590 2099 897 2171 εἰρημένων
934 2104 1011 2166 εἰς
1045 2097 1331 2166 ἀπόδειξιν
1363 2102 1464 2157 τοῦ
1511 2101 1795 2172 προκειμέ-

139 2211 162 2242 d
189 2206 317 2251 νου;
366 2179 447 2248 οἷς
492 2187 570 2239 ε”τι
612 2186 784 2238 ταῦτα
831 2185 1099 2254 προσθεὶς
1142 2185 1229 2240 ἐπὶ
1273 2181 1333 2241 τὸ
1372 2187 1562 2256 ἕτερον
1601 2197 1795 2255 στῖφος

186 2273 298 2324 τῶν
330 2273 698 2339 συκοφαντῶν
741 2266 1130 2341 μεταβήσομαι.
1817 2281 1858 2314 25

315 2356 398 2407 81.
447 2359 744 2418 Ματθαῖος
773 2347 1074 2417 ἀπόστολος
1104 2351 1201 2408 τὸν
1230 2351 1499 2426 πρότερον
1538 2356 1665 2423 βίον
1695 2349 1795 2408 οὐκ

187 2434 294 2492 ἀπὸ
325 2438 534 2514 σεμνῆς,
563 2440 847 2510 διατριβῆς
879 2432 1126 2510 ὡρμᾶτο,
1162 2439 1221 2493 ἐκ
1263 2437 1322 2493 δὲ
1367 2438 1478 2493 τῶν
1518 2432 1657 2508 ἀμφὶ
1699 2434 1794 2500 τὰς

187 2527 480 2587 τελωνείας
528 2523 621 2578 καὶ
661 2527 979 2589 πλεονεξίας
1031 2519 1420 2594 σχολαζόντων.
1502 2524 1660 2577 τοῦτο
1700 2516 1797 2576 οὐ-

191 2607 303 2672 δεὶς
362 2611 475 2663 τῶν
516 2604 923 2679 εὐαγγελιστῶν
977 2603 1283 2676 ἐδήλωσεν,
1326 2603 1428 2678 οὐχ
1471 2601 1499 2661 ὁ
1554 2602 1793 2662 συναπό-

187 2697 375 2755 στολος
407 2688 579 2747 αὐτοῦ
603 2689 891 2763 Ἰωάννης,
923 2687 1056 2747 οὐδὲ
1086 2693 1333 2763 Λουκᾶς,
1366 2687 1497 2747 οὐδὲ
1540 2687 1791 2763 Μάρκος,
1816 2703 1854 2736 30

301 2886 353 2922 3«)
385 2896 425 2924 v.
452 2885 561 2924 Luc.
585 2886 624 2936 5,
650 2887 715 2925 27.
777 2887 916 2926 Mare.
943 2887 982 2936 ⁶2,
1012 2887 1074 2925 14.
