1946 3158
213 123 311 175 166
890 124 1136 165 EUSEssn

209 244 373 297 δίδου
423 254 537 307 τοῖς
580 238 1004 313 ἐπιβουλεύουσι
1052 239 1112 297 τὸ
1153 242 1309 313 σῶμα
1350 238 1676 315 ἀνωρθούτο
1715 241 1817 314 μὲν

206 322 314 382 ἀπὸ
356 327 455 397 γῆς
510 321 708 381 αὐτίκα
722 368 736 396 ,
779 322 1009 381 κᾶπειτα
1051 326 1137 381 ἐπὶ
1187 329 1284 382 τοῦ
1327 331 1508 399 ίκρίου
1553 323 1817 398 φωνήσας

205 410 373 482 μέγα,
415 410 506 465 καὶ
545 412 623 485 τῷ
671 410 836 482 πατρὶ
887 410 1216 481 παρατιθεὶς
1255 408 1315 466 τὸ
1358 411 1606 483 πνεῦμα,
1644 407 1818 467 εἰπών

206 491 394 559 αὐτοῖς
435 492 676 566 ῥήμασιν
708 491 921 566 “ndu-‘p
963 499 1038 559 εἰς
1069 491 1255 568 χεῖράς
1298 511 1401 551 σου
1440 501 1816 569 παρατίθεμαι

207 576 265 634 τὸ
297 575 514 650 πνεῦμά
544 602 671 650 μου,
685 574 713 595 ”
746 575 980 643 οὕτως
958 575 1159 650 άφετος
1189 579 1282 634 καὶ
1323 576 1620 652 ἐλεύθερος
1652 575 1816 647 αὐτὸς
1842 603 1860 635 5

205 660 304 734 άφ
344 664 544 718 ἑαυτοῦ
575 660 678 734 τὴν
710 665 768 719 ἐκ
792 665 890 719 τοῦ
914 661 1161 735 σώματος
1185 660 1537 735 ἀναχώρησιν
1563 665 1815 720 ἐποιεῖτο.

109 770 176 812 [71]
204 750 287 803 28.
323 745 440 804 εἶτα
473 746 533 803 δε
563 753 660 804 τοῦ
693 745 942 820 σώματος
983 745 1155 803 αὐτοῦ
1197 749 1510 819 ληφθέντος
1540 744 1676 822 πρὸς
1706 752 1819 806 τῶν

201 836 499 905 γνωρίμων
539 833 630 888 καὶ
671 835 736 906 τῇ
779 829 1138 905 προσηκούσῃ
1187 832 1605 906 παραδοθέντος
1645 835 1815 905 ταφῆ,

203 930 444 990 τριταῖος
489 908 656 982 αὖθις
687 913 1044 989 ἀπελάμβανε
1073 921 1263 987 τοῦτο,
1304 911 1333 973 5
1364 918 1499 990 πρὶν
1527 913 1819 990 αναχωρή-

204 1017 304 1066 σας
336 999 494 1059 ἑκών.
566 1005 651 1058 29.
687 1002 778 1057 καὶ
826 1005 1085 1058 δείκνυσί
1119 1023 1181 1073 γε
1224 998 1391 1057 πάλιν
1422 998 1585 1067 αυτὸς
1619 999 1818 1058 ἑαυτὸν
1840 1026 1880 1057 10

204 1090 507 1159 ε’νσακρον,
557 1091 838 1158 ἔνσωμον,
880 1083 1049 1142 αὐτὸν
1081 1089 1296 1142 ἐκεῖνον
1326 1081 1439 1151 οἶος
1471 1086 1562 1141 καὶ
1592 1083 1653 1141 τὸ
1683 1086 1818 1158 πρὶν

201 1170 272 1241 ἠν
302 1183 415 1236 τοῖς
458 1175 681 1236 οἰκείοις
711 1179 1014 1243 μαθηταῖς,
1055 1166 1138 1235 οἷς
1169 1172 1260 1227 καὶ
1303 1171 1392 1226 ἐπὶ
1422 1167 1600 1243 βραχυ
1630 1165 1818 1242 ὁμιλή-

202 1271 330 1325 σας,
363 1260 461 1311 καί
486 1279 610 1312 τινα
641 1259 1043 1327 συνδιατρίψας
1066 1252 1285 1327 χρόνον,
1317 1251 1534 1311 ἄνεισιν
1556 1252 1694 1311 ὅθεν
1726 1256 1817 1311 καὶ

202 1341 419 1412 παρῆν,
452 1336 548 1395 ὑπ’
596 1335 910 1412 ὀφθαλμοῖς
942 1335 1125 1396 αὐτῶν
1166 1337 1267 1411 τὴν
1311 1344 1388 1405 εἰς
1419 1335 1691 1412 οὐρανούς
1722 1361 1818 1395 πο-

88 1448 177 1489 (109)
205 1428 362 1496 ρείαν
406 1422 787 1496 στειλάμενος·
844 1420 925 1489 οἷς
974 1422 1042 1496 δὴ
1085 1425 1176 1480 καὶ
1215 1418 1507 1495 ὑποθήκας
1547 1424 1674 1495 περὶ
1704 1426 1818 1480 τῶν
1839 1445 1880 1477 15

201 1510 492 1581 πρακτέων
532 1505 818 1581 παραδούς
863 1506 1237 1574 διδασκάλους
1276 1532 1389 1564 των
1420 1509 1608 1565 ε’θνων
1638 1504 1819 1565 απάν-

200 1616 314 1649 των
344 1596 439 1665 τῆς
470 1590 734 1650 ἀνωτάτω
757 1598 1081 1664 θεοσεβείας
1112 1589 1413 1665 ἀπέφηνεν.
1475 1596 1559 1649 30.
1593 1594 1818 1649 τοιαῦτα

199 1670 270 1749 ἦν
292 1681 390 1734 τοῦ
417 1680 661 1750 σωτῆρος
684 1675 843 1750 ἡμων
865 1677 929 1734 τοὶ
955 1675 1318 1750 πολυύμνητα
1336 1681 1432 1749 τῆς
1454 1672 1650 1750 ἀρετῆς
1674 1674 1815 1733 θαύ-

200 1776 374 1834 ματα
442 1765 611 1819 ταῦτα
663 1765 757 1834 τῆς
806 1764 866 1819 ἐν
916 1759 1065 1838 αὐτῷ
1116 1760 1378 1834 θεότητος
1419 1758 1484 1817 τὰ
1523 1757 1814 1833 τεκμήρια

200 1849 374 1903 ταῦτα
426 1849 517 1902 καὶ
570 1844 728 1903 αὐτοὶ
779 1849 1024 1921 λογισμῷ
1073 1844 1323 1918 σώφρονι
1363 1843 1813 1917 τεθαυμάκαμεν,
1837 1867 1878 1900 20

202 1932 652 2004 βεβασανισμένῃ
695 1954 754 1987 τε
785 1932 873 1986 καὶ
918 1931 1254 2006 ἐξητασμένῃ
1285 1933 1350 2004 τῇ
1382 1935 1560 2002 κρίσει
1592 1934 1814 1986 κατεδε-

202 2013 430 2086 ξάμεθα.
501 2019 584 2071 31.
622 2012 906 2086 ἐξήτασται
947 2011 1076 2087 παρ’
1113 2012 1246 2087 ἡμῖν
1286 2015 1378 2070 καὶ
1418 2012 1815 2086 βεβασάνισται

202 2102 375 2155 ταῦτα
427 2100 519 2154 καὶ
573 2095 644 2155 δι’
699 2099 903 2170 ἑτέρων
952 2096 1291 2172 πραγμάτων
1338 2102 1590 2173 ε’ναργων
1634 2095 1815 2155 πάντα

201 2179 707 2239 άνακαλυπτόντων
737 2181 932 2282 λόγον,
966 2179 1043 2239 δι’
1079 2207 1158 2240 ων
1189 2179 1351 2250 αυτὸς
1374 2181 1403 2239 5
1434 2180 1626 2256 κύριος
1655 2180 1814 2254 ἡμῶν

203 2268 370 2324 εἰσέτι
401 2268 492 2323 καὶ
523 2291 632 2325 νυν
661 2263 743 2332 οἶς
773 2291 844 2324 αν
875 2273 1117 2341 κρίνειεν
1156 2265 1323 2340 μικρά
1362 2291 1485 2325 τινα
1515 2270 1611 2338 τῆς
1642 2263 1816 2324 αυτοῦ
1836 2289 1877 2322 25

205 2349 493 2425 δυνάμεως
532 2357 912 2425 παραφαίνειν
965 2360 1161 2423 εἰωθε,
1215 2348 1362 2424 πλὴν
1414 2348 1553 2407 ἀλλὰ
1583 2351 1676 2406 καὶ
1719 2354 1815 2423 τῆς

203 2438 567 2510 λογικωτέρας
607 2434 884 2508 μεθόδου,
926 2431 998 2507 ἣν
1037 2434 1340 2509 προσάγειν
1382 2433 1661 2508 εἰώθαμεν
1701 2447 1814 2502 τοῖς

154 2546 175 2577 b
201 2517 265 2578 οὐ
299 2521 765 2595 παραδεχομένοις
807 2518 873 2577 τὰ
903 2521 1302 2593 προειρημένα,
1346 2515 1467 2575 ἀλλ’
1511 2516 1630 2591 ἤτοι
1671 2542 1814 2591 παν-

202 2608 371 2672 τελῶς
411 2601 742 2662 ἀπιστοῦσιν
782 2602 969 2671 αὐτοῖς
1018 2605 1110 2662 καὶ
1149 2603 1328 2677 μηδὲν
1366 2601 1615 2661 καθόλου
1657 2626 1812 2676 γεγο-

202 2691 357 2746 νέναι
397 2693 647 2748 τοιοῦτον
687 2688 822 2761 πρὸς
864 2687 1036 2747 αὐτοῦ
1073 2687 1415 2761 φάσκουσιν,
1458 2684 1811 2761 ἢγεγονέναι
1834 2710 1875 2742 30

314 2882 342 2920 4
371 2882 485 2922 Luc.
509 2883 576 2935 23,
598 2884 666 2925 46.
