1992 3186
217 117 322 171 556
893 117 1144 158 EUSEBII

180 272 197 295 e
220 233 362 303 ξάτω
394 239 585 304 πίτυς,
621 230 760 289 διότι
791 233 1045 288 πέπτωκε
1076 233 1302 304 κέδρος,
1331 230 1415 289 ὅτι
1444 231 1693 306 μεγάλως
1724 257 1823 306 με-

217 324 472 392 γιστᾶνες
510 314 980 390 ἐταλαιπώρησαν.
1043 311 1337 383 ὀλολύξατε
1380 316 1544 389 δρύες
1582 320 1678 390 τῆς
1708 326 1823 375 Βα-

219 407 525 473 σανίτιδος,
571 397 656 457 ὅτι
704 397 1063 471 κατεσπάσθη
1116 394 1145 455 ὁ
1188 397 1395 474 δρυμὸς
1434 397 1463 458 ὃ
1505 400 1819 475 σύμφυτος·

218 486 378 561 φωνὴ
409 483 778 558 θρηνούντων
808 486 1118 557 ποιμένων,
1161 482 1241 540 ὅτι
1283 485 1761 560 τεταλαιπωρηκεν
1791 485 1825 559 ἡ

218 568 583 643 μεγαλωσύνη
629 565 876 626 αὖτῶν.”
931 573 1016 626 22.
1060 566 1183 625 τότε
1222 572 1362 641 γοῦν
1400 571 1493 626 καὶ
1531 573 1760 643 γέγονεν
1789 569 1868 644 ἡ5

208 653 567 728 Ἰερουσαλὴμ
600 652 671 722 ὡς
701 652 963 728 πρόθυρα
993 650 1337 726 σαλευόμενα
1366 657 1503 711 πᾶσι
1531 666 1645 722 τοῖς
1675 662 1828 722 λαοῖς

218 738 405 815 κύκλῳ
425 783 439 811 ,
472 740 564 795 καὶ
598 741 658 795 ἐν
687 744 755 811 τῇ
784 735 1026 813 Ἰουδαίᾳ
1065 739 1260 810 γέγονε
1291 737 1546 840 περιοχὴ,
1587 736 1619 796 δ’
1647 762 1706 796 τε
1736 762 1825 796 νε-

219 825 548 897 νομισμένος
583 821 772 889 αὐτοῖς
813 846 966 894 αγιος
1006 823 1097 878 καὶ
1142 821 1285 896 ι”ερὸς
1325 820 1489 890 τόπος
1531 825 1696 881 εἰσέτι
1735 825 1828 881 καὶ

219 906 464 981 σήμερον
508 913 668 974 λίθος
707 929 971 980 τυγχανει
1016 904 1496 980 καταπατούμενος
1538 910 1673 964 πᾶσι
1711 921 1826 974 τοῖς

220 998 443 1063 ἔθνεσι,
486 993 579 1048 καὶ
620 995 726 1058 πᾶς
768 987 797 1048 ὁ
844 1012 1175 1048 καταπατων
1220 987 1397 1064 αυτὴν
1430 995 1706 1065 ἐμπαίζων
1738 995 1826 1066 ἐμ·
1850 1017 1892 1052 10

218 1080 497 1149 παίξεται,
539 1074 864 1142 ἀκολούθως
903 1081 970 1150 τῇ
1013 1081 1339 1151 προφητεία.
1421 1080 1508 1133 23
1554 1075 1694 1133 ἄλλα
1734 1079 1828 1134 καὶ

172 1186 194 1218 d
219 1157 356 1219 ἄνθ’
403 1185 482 1218 ων
523 1159 949 1234 κατωρχήσαντο
989 1162 1089 1216 τοῦ
1117 1165 1291 1216 ταῦτα
1321 1166 1695 1228 θεσπίσαντος
1727 1186 1823 1220 κυ-

220 1252 344 1318 ρίου
405 1243 472 1301 οὐ
526 1247 876 1302 διαλέλοιπεν
926 1241 1128 1310 αὐτοὺς
1172 1244 1399 1312 κοπετὸς
1453 1247 1545 1302 καὶ
1585 1241 1827 1319 ὀδυρμὸς

219 1331 312 1386 καὶ
341 1333 565 1402 θρῆνος.
630 1326 696 1386 οὐ
727 1327 947 1386 πώποτε
978 1331 1115 1400 γοῦν
1146 1325 1339 1386 ἄλλοτε
1370 1324 1403 1401 ἢ
1435 1328 1570 1402 μετὰ
1599 1327 1702 1402 τὴν
1730 1333 1830 1387 τοῦ

219 1418 466 1486 σωτῆρος
497 1411 656 1486 ἡμῶν
687 1419 1002 1485 παρουσίαν
1026 1415 1118 1469 καὶ
1144 1419 1221 1478 εἰς
1252 1411 1349 1471 τὸν
1372 1411 1506 1470 καθ’
1539 1412 1680 1487 ἡμᾶς
1704 1412 1826 1488 χρό-
1850 1439 1891 1471 15

220 1521 320 1554 νον
359 1502 530 1554 πᾶσαι
572 1522 628 1554 αι
669 1499 844 1570 φυλαὶ
886 1501 983 1554 τοῦ
1019 1494 1307 1555 ΜΙουδαιων
1350 1504 1555 1564 ἔθνους
1594 1497 1828 1570 θρήνων

219 1583 312 1638 καὶ
344 1585 592 1639 κοπετῶν
623 1579 747 1650 ἄξια
778 1580 1095 1639 πεπόνθασι
1135 1581 1226 1638 διὰ
1266 1579 1369 1654 τὴν
1399 1588 1827 1654 καταλαβοῦσαν

219 1690 422 1732 αυτους
466 1669 525 1723 ἐκ
564 1669 707 1723 θεοῦ
744 1664 990 1739 πληγὴν,
1035 1661 1139 1739 υφ’
1184 1657 1250 1739 ἧς
1290 1667 1381 1723 και
1423 1665 1457 1738 ἡ
1494 1666 1829 1776 μητρόπολις

220 1747 409 1807 αὐτων
466 1749 803 1823 ἀλλοφύλοις
854 1757 1082 1808 ἔθνεσιν
1132 1749 1363 1823 ἐξεδόθη
1419 1755 1512 1807 καὶ
1562 1749 1622 1808 τὸ
1676 1749 1826 1825 ἱερὸν

219 1833 564 1908 κατεσκάφη,
598 1831 760 1892 αὐτοί
785 1858 843 1892 τε
872 1838 967 1907 τῆς
993 1840 1137 1900 ἰδίας
1159 1833 1340 1908 χώρας
1369 1831 1733 1906 ἄπελήλαντο,
1767 1838 1827 1891 ἐν
1849 1856 1891 1889 20

218 1923 285 1992 τῇ
329 1925 566 1994 πολεμία
617 1922 837 1992 ἐχθροῖς
894 1906 1280 1982 δουλεύοντες·
1329 1910 1408 1974 ὦν
1448 1921 1610 1974 ἕνεκα
1653 1923 1759 1985 πᾶς
1797 1915 1826 1975 ὁ

219 2002 367 2068 οἶκος
400 2001 586 2059 αὐτῶν
616 2005 709 2058 καὶ
738 2008 887 2058 πᾶσα
927 2000 1076 2073 ψυχὴ
1117 1999 1301 2058 αὐτῶν
1343 2002 1508 2058 εἰσέτι
1539 2003 1633 2059 καὶ
1664 2000 1828 2076 σήμε-

222 2109 322 2158 ρον
351 2084 585 2158 θρήνοις
625 2083 1016 2157 ὑποβέβληται.
1089 2088 1173 2141 24.
1220 2083 1307 2142 διό
1337 2103 1511 2158 φησιν
1540 2084 1574 2158 ἡ
1608 2108 1828 2160 προφη-

219 2174 338 2226 τεία
362 2165 493 2225 “uoci
524 2168 755 2237 κόψεται
779 2168 929 2242 φυλὴ
961 2166 1098 2225 κατὰ
1121 2167 1326 2241 φυλὴν,
1359 2169 1509 2242 φυλὴ
1542 2180 1699 2227 οἴκου
1713 2182 1828 2228 Δα-

110 2280 201 2320 (412)
224 2255 322 2325 βὶδ
353 2252 488 2310 καθ’
527 2251 758 2325 ἑαυτὴν,
801 2255 893 2310 καὶ
925 2259 987 2309 αἱ
1012 2266 1273 2325 γυναῖκες
1305 2250 1493 2310 αὐτῶν
1523 2251 1662 2311 καθ’
1698 2257 1823 2311 ἕαυ-
1843 2278 1886 2311 25

218 2336 342 2409 τοὶς,
383 2339 474 2394 καὶ
515 2336 582 2394 τὰ
611 2337 822 2404 τούτοις
864 2334 1149 2410 ἕπόμενα.”
1222 2350 1376 2394 ποῖαι
1419 2338 1480 2394 δὲ
1519 2337 1655 2410 μετὰ
1694 2338 1824 2404 τοὺς

219 2424 319 2480 τοῦ
350 2427 628 2495 Ζαχαρίου
659 2420 891 2495 χρόνους
922 2420 1216 2495 γεγόνασιν
1235 2417 1472 2494 ἡμέραι,
1507 2425 1567 2478 ἐν
1598 2418 1684 2489 αἶς
1717 2427 1824 2479 διε-

219 2511 462 2579 μερίσθη
505 2505 571 2562 τὰ
609 2510 786 2563 σκῦλα
827 2509 922 2578 τῆς
945 2503 1300 2580 Ἰερουσαλὴμ
1342 2508 1434 2562 καὶ
1475 2505 1825 2580 ἐπισυνήχθη

218 2589 399 2646 πάντα
439 2588 505 2646 τὰ
536 2596 677 2663 ἔθνη
720 2588 804 2647 ἐπ’
865 2590 1041 2664 αὐτὴν
1087 2595 1163 2656 εἰς
1215 2588 1485 2663 πόλεμον,
1539 2587 1653 2663 ἥλω
1691 2613 1751 2648 τε
1790 2589 1825 2664 ἡ

219 2672 375 2742 πόλις
421 2676 511 2731 καὶ
555 2673 942 2747 διηρπάγησαν
981 2679 1043 2731 αἱ
1077 2679 1278 2746 οἰκίαι,
1334 2677 1424 2731 καὶ
1466 2678 1528 2730 αὗ
1562 2687 1823 2746 γυναῖκες
1845 2701 1887 2734 3ο

220 2756 611 2830 ἐμολύνθησαν
641 2755 977 2832 ἀπήχθησαν
1017 2783 1075 2815 τε
1117 2764 1193 2825 εἰς
1238 2764 1642 2831 αἰχμαλωσίαν,
1684 2757 1825 2831 ὁμοῦ

218 2864 277 2898 τε
308 2839 399 2897 καὶ
432 2841 567 2898 κατὰ
598 2840 657 2898 τὸ
689 2841 825 2899 αὐτὸ
866 2842 894 2900 ὁ
925 2840 1115 2915 κύριος
1154 2846 1458 2916 συμμαχῶν
1488 2857 1601 2909 τοῖς
1631 2848 1824 2900 ἔθνεσι
