1992 3186
571 84 882 129 DEMONST.
915 85 1138 128 EVANG
1171 85 1249 129 IV.
1282 88 1320 128 3
1635 84 1740 136 215

1155 196 1233 218 ’Ἃ

130 205 204 278 τῷ
245 198 585 276 πρωτοτύπω
631 198 907 269 σώζουσα;
955 203 1071 266 πῶς
1116 205 1146 255 δ
1202 225 1271 256 αν
1311 202 1403 256 καὶ
1440 199 1612 257 αὐτοῦ
1643 205 1740 258 τοῦ

133 284 256 352 ἑνὸς
287 295 370 357 εἴη
403 284 597 356 εἰκών,
632 290 683 341 εί
709 282 782 356 μὴ
813 291 910 356 μία
941 286 1032 342 καὶ
1056 282 1089 357 ἡ
1122 282 1260 356 αὐτὴ
1291 276 1456 354 οὗσας
1488 282 1635 351 όπως
1665 283 1739 358 μὴ

129 369 303 444 μόνον
331 375 426 441 τῆς
457 365 650 434 ουσίας
680 373 778 425 τοῦ
810 367 1062 441 πρώτου,
1094 365 1233 425 ἀλλὰ
1262 371 1355 426 καὶ
1384 373 1483 426 τοῦ
1514 367 1651 426 κατὰ
1681 369 1740 426 τὸ

130 453 306 512 ποσὸν
347 451 591 526 ἀριθμοῦ
644 451 745 525 τὴν
784 451 1048 524 ὁμοίωσιν
1093 452 1375 525 ἐπάγοιτο,
1429 451 1573 511 ὥσθ’
1619 451 1740 520 ἑνὸς

88 564 109 597 5
133 539 274 596 εἶναι
313 541 413 596 τοῦ
453 537 638 594 ἀϊδίου
681 537 861 609 φωτὸς
904 542 967 595 ἓν
996 536 1055 594 τὸ
1085 539 1322 609 τέλειον,
1363 536 1484 594 ἀλλ’
1521 534 1588 594 οὗ
1620 537 1742 594 διά-

131 647 278 696 φορα
317 625 410 679 καὶ
450 619 625 678 πολλοὶ
663 621 723 678 τὸ
764 626 984 693 πρῶτον
1025 624 1116 678 καὶ
1156 623 1451 694 μονογενὲς
1491 627 1740 694 ἔκγονον,

132 704 264 764 αὐτὸ
310 707 377 779 δὴ
425 710 602 763 ἐκεῖνο
649 705 707 763 τὸ
740 708 831 762 καὶ
864 704 998 778 ἡμῖν
1028 708 1247 776 πρώτον
1278 705 1411 778 μετὰ
1443 704 1544 779 τὴν
1574 704 1741 780 ἄναρ-

130 815 229 864 χον
247 793 338 848 καὶ
363 789 667 862 ἀγέννητον
689 787 888 847 οὐσίαν
910 789 1356 862 θεολογούμενον
1372 793 1581 848 τέλειον
1604 789 1743 863 ἀγα-

129 873 254 933 θόν.
298 880 345 932 9.
381 877 478 931 ἕνα
503 881 642 946 γοῦν
671 874 774 947 χρὴ
806 872 927 940 ἑνὸς
951 874 1154 948 πατρὸς
1185 876 1276 930 καὶ
1300 874 1396 931 τὸν
1425 875 1551 932 υἱὸν
1584 877 1740 932 εἶναι.

67 985 108 1016 ιο
132 961 223 1016 καὶ
262 957 368 1032 γὰρ
408 963 534 1031 μιᾶς
575 957 812 1024 εὐωδίας
847 961 898 1026 ἐξ
938 957 1305 1031 ὑποκειμένης
1336 958 1483 1026 τινὸς
1515 958 1741 1030 προϊού-
1767 995 1783 1017 e

131 1061 230 1117 σης
260 1040 482 1115 οὐσίας,
513 1048 648 1116 μίαν
679 1045 770 1099 καὶ
802 1042 904 1115 τὴν
935 1039 1113 1115 αὐτὴν
1142 1045 1523 1116 προχεομένην
1546 1041 1743 1115 ἡδεῖαν

134 1135 213 1194 εἰς
261 1126 470 1193 πάντας
513 1124 719 1200 ὀδμὴν,
767 1125 888 1184 ἀλλ’
940 1124 1007 1184 οὗ
1051 1127 1352 1200 διαφόρους
1404 1130 1496 1184 καὶ
1539 1127 1743 1193 πολλὰς

124 1210 399 1286 ,προσήκοι
430 1207 501 1269 ἂν
530 1210 834 1284 ὁμολογεῖν.
897 1216 997 1269 τοῦ
1030 1215 1167 1283 δῆτα
1199 1211 1423 1283 πρώτου
1447 1214 1539 1268 καὶ
1569 1211 1746 1284 μόνου

133 1295 378 1369 ἀγαθοῦ,
410 1293 441 1353 ὅ
473 1299 621 1353 ε’στιν
651 1294 679 1352 ὁ
712 1294 1089 1369 παμβασιλεύς
1121 1294 1270 1367 θεὸς,
1304 1301 1382 1371 νῷ
1407 1298 1498 1353 καὶ
1524 1302 1744 1371 διανοία

70 1403 110 1436 15
134 1380 346 1453 ληπτὴν
378 1386 578 1437 ἔνθεον
607 1382 699 1436 καὶ
730 1379 961 1451 ζωτικὴν
992 1379 1235 1438 εὐωδίαν
1266 1379 1744 1454 ὑποστησαμένου,

133 1471 266 1538 μίαν
295 1463 522 1536 ταύτην,
553 1460 677 1520 ἀλλ’
711 1461 777 1520 οὗ
809 1471 1032 1531 πλείους
1065 1467 1308 1522 ἐπινοεῖν
1337 1468 1515 1537 θέμις.
1581 1470 1658 1521 10.
1692 1472 1749 1521 τί

132 1547 237 1622 γὰρ
289 1546 359 1605 ἂν
411 1550 501 1605 καὶ
543 1550 756 1620 γένοιτο
797 1547 997 1621 ταύτης
1041 1551 1229 1619 ἕτερον
1273 1548 1409 1605 κατὰ
1449 1548 1628 1605 πάντα
1668 1553 1744 1624 τῷ

133 1634 299 1706 πατρὶ
338 1631 807 1705 ἆφωμοιωμένης,
851 1639 900 1688 εἰ
937 1631 1012 1705 μή
1057 1655 1107 1688 τι
1138 1631 1244 1704 ἄρα
1274 1631 1621 1706 ὑποβεβηκὸς
1653 1636 1743 1689 καὶ

133 1731 344 1791 χεῖρον;
377 1714 406 1773 ὃ
437 1715 694 1788 οὐδαμῶς
726 1716 860 1788 ἡμῖν
893 1719 951 1773 ἐν
974 1721 1040 1790 τῇ
1063 1721 1160 1773 τοῦ
1184 1721 1314 1773 υἱοῦ
1344 1724 1607 1791 θεολογία
1639 1741 1744 1773 πα-
1772 1742 1794 1772 d

70 1823 113 1855 20
136 1803 466 1875 ρεισακτέον.
541 1797 700 1873 οΞτμὶς
731 1799 835 1874 γάρ
871 1805 981 1858 ἐστι
1015 1804 1106 1872 τῆς
1137 1805 1234 1857 τοῦ
1279 1805 1420 1858 θεοῦ
1461 1799 1748 1874 δυνάμεως

134 1887 224 1943 καὶ
265 1882 536 1958 ἄπόρροια
575 1888 670 1956 τῆς
709 1889 807 1942 τοῦ
839 1883 1281 1959 παντοκράτορος
1325 1884 1484 1956 δόξης
1519 1893 1745 1959 εἰλικρι-

133 1968 248 2041 νής.
312 1974 392 2026 11.
430 1972 482 2036 ἐξ
516 1967 764 2035 εὐώδους
794 1994 895 2042 μεν
926 1970 1030 2042 γὰρ
1061 1969 1342 2042 σώματος,
1384 1968 1566 2042 μύρου
1597 1969 1745 2035 τινὸς

133 2056 271 2125 φέρε
315 2079 349 2126 η
391 2055 481 2110 καὶ
523 2060 635 2110 των
674 2052 781 2110 απὸ
825 2058 925 2126 γῆς
957 2051 1309 2126 ακμαζόντων
1340 2052 1536 2111 ἀνθῶν
1566 2077 1624 2109 τε
1656 2057 1746 2110 καὶ

134 2162 440 2211 αρωματων
453 2135 687 2238 εὐώδης
718 2162 797 2203 τις
829 2137 970 2209 πνοὴ
1002 2161 1150 2212 παρα
1180 2136 1239 2194 τὸ
1271 2161 1491 2211 πρωτον
1519 2133 1746 2195 υποκεί-

70 2244 112 2276 25
135 2246 305 2295 μενον
338 2228 413 2288 εἰς
444 2221 594 2279 ἅπαν
615 2220 676 2278 τὸ
702 2221 852 2288 ε’κτὸς
876 2224 1131 2295 περιέχον
1155 2237 1454 2295 προχεῖται,
1487 2224 1578 2278 καὶ
1609 2230 1750 2295 πλη-

135 2320 226 2380 ροῖ
252 2329 316 2406 γε
347 2308 438 2362 καὶ
470 2304 566 2362 τὸν
597 2303 732 2379 ἀέρα
766 2312 840 2372 εἰς
872 2306 1072 2372 πλατος
1105 2303 1476 2380 αναχεομένη,
1510 2304 1629 2363 οὔτι
1662 2328 1747 2362 πω

136 2389 272 2446 κατὰ
317 2392 575 2463 στέρησιν
619 2385 654 2462 ἢ
698 2397 930 2462 μείωσιν
974 2414 1007 2462 η
1047 2388 1220 2463 τομὴν
1260 2415 1292 2463 η
1336 2396 1610 2463 διαίρεσιν
1648 2395 1748 2445 τοῦ

110 2476 627 2547 -προϋποκειμένου,
693 2479 771 2531 12.
805 2473 1005 2531 τούτου
1035 2499 1141 2548 γαρ
1174 2478 1235 2531 ἐν
1265 2480 1441 2530 οἰκεία
1473 2472 1622 2547 χώρα
1651 2475 1750 2546 με’-

139 2580 330 2621 νοντος
362 2560 452 2614 καὶ
483 2558 584 2630 τὴν
623 2557 926 2630 ταυτότητα
957 2560 1092 2628 πρὸς
1126 2556 1289 2614 ἑαυτὸ
1317 2556 1613 2627 σώζοντος,
1646 2556 1749 2629 τήν

74 2660 118 2694 30
139 2663 199 2696 τε
233 2637 415 2712 εὐώδη
458 2640 698 2714 δύναμιν
728 2641 1146 2714 ἀπογεννῶντος
1165 2686 1179 2711 ,
1226 2637 1396 2698 οὐδὲν
1425 2643 1524 2697 τοῦ
1554 2645 1750 2714 προτέ-

142 2748 242 2794 ρου
275 2738 488 2796 χεῖρον,
531 2728 621 2781 καὶ
661 2723 721 2782 τό
753 2725 1103 2798 γεννώμενον
1144 2723 1350 2791 εὐῶδες
1380 2731 1592 2782 οἰκείαν
1624 2732 1750 2798 ἔχον

141 2804 469 2880 ὑπόστασιν,
504 2804 575 2874 ὡς
605 2807 688 2865 ὅτι
711 2808 1019 2882 μάλιστατὸ
1048 2808 1372 2882 ῥμοιότατον
1401 2814 1466 2883 τῇ
1497 2813 1604 2878 τοῦ4
1626 2832 1750 2882 γεν-
