1992 3186
222 92 325 146 598
905 94 1152 137 EUSEBII

107 234 199 276 (444)
224 212 529 284 νομοθέτης
568 209 708 283 ὁμοῦ
747 211 838 266 καὶ
887 209 1172 284 προφήτης
1211 215 1312 269 τοῦ
1352 215 1465 270 τῶν
1506 211 1652 271 ὅλων
1691 215 1834 270 θεοῦ

221 298 312 353 καὶ
354 294 557 367 πατρὸς
599 291 772 352 αὐτοῦ
813 292 1124 368 γενόμενος.
1194 300 1243 352 4.
1277 293 1399 353 ἀλλ’
1433 293 1463 354 ὁ
1494 298 1597 370 μὲν
1628 303 1833 363 ἔθνους

220 380 341 446 ἑνὸς
365 378 618 452 &Me-offe
644 377 904 451 ἡγήσατο,
924 381 1015 436 καὶ
1040 377 1353 452 κατάλληλα
1372 381 1431 438 δὲ
1455 379 1632 459 τούτῳ
1656 382 1830 459 μόνῳ,

219 463 342 536 οὐχὶ
385 469 446 520 δὲ
491 465 583 520 καὶ
614 460 798 531 ἄλλοις
831 469 1022 522 ἔθνεσι
1061 467 1386 538 νομοθετων
1415 462 1829 524 ἀποδέδεικται

216 544 244 604 ὁ
280 551 345 604 δέ
371 572 433 620 γε
465 546 698 621 Χριστὸς
738 552 837 605 τοῦ
877 552 1050 621 θεοῦ,
1093 547 1282 622 λαβών
1323 551 1655 622 ἐπαγγελίαν
1685 573 1832 622 παρα
1855 576 1875 608 5

216 637 314 690 τοῦ
353 629 558 705 πατρὸς
600 657 704 705 την
735 629 994 706 “αἰ’τησαι
1033 630 1167 706 παρ’
1211 636 1375 706 ἐμοῦ,
1416 636 1507 691 καὶ
1542 632 1703 692 δώσω
1746 653 1830 692 σοι

219 722 358 790 ἔθνη
388 714 492 789 τὴν
522 723 895 825 κληρονομίαν
931 738 1063 791 σου,
1098 742 1170 785 ως
1202 742 1272 775 αν
1301 718 1376 791 μὴ
1406 717 1580 792 μόνον
1605 715 1834 777 Ἰουδαί-

218 826 297 868 οις
316 845 331 873 ,
364 799 503 858 ἀλλὰ
534 803 626 858 καὶ
657 807 732 878 τῷ
763 804 929 860 παντὶ
960 806 1073 860 τῶν
1102 801 1424 874 ἀνθρώπων
1463 806 1612 876 γένει
1643 800 1833 871 καινὸς

168 914 188 946 b
216 887 521 960 νομοθέτης
553 862 838 959 εὐσεβείας
868 883 977 944 ὑπὸ
1007 890 1109 945 τοῦ
1137 885 1340 960 πατρὸς
1371 890 1735 961 καταστῆναι,
1766 890 1835 963 τῇ

215 993 440 1029 παντων
462 975 575 1028 τῶν
601 975 787 1029 ἐθνῶν
810 971 999 1045 κλήσει
1025 970 1273 1045 δυνατὴν
1297 974 1388 1030 καὶ
1405 970 1673 1047 ἁρμόδιον
1695 994 1829 1046 προ·
1854 999 1895 1031 10

215 1057 482 1128 βέβληται
513 1063 868 1129 νομοθεσίαν.
931 1059 1273 1132 [λθειοτέρα
1304 1062 1445 1128 γοῦν
1474 1052 1511 1129 ἠ
1545 1081 1681 1114 κατα
1695 1065 1831 1115 Μω-

213 1141 314 1197 σέα
360 1139 597 1214 δυναμει
642 1165 779 1198 κατα
825 1138 1029 1207 παντὸς
1075 1147 1172 1198 τοῦ
1218 1139 1427 1214 κόσμου
1471 1140 1599 1208 τοὺς
1647 1139 1830 1215 ίερούς

215 1220 385 1282 αὑτοῦ
408 1223 612 1298 νόμους
640 1224 730 1281 διὰ
753 1228 865 1282 τῶν
889 1222 1296 1298 εὐαγγελιστῶν
1320 1221 1497 1283 αὑτοῦ
1528 1229 1830 1298 διεταξατο,

213 1314 418 1382 μείζονι
443 1306 475 1382 ἢ
500 1306 620 1367 κατ’
646 1307 951 1382 ἄνθρωπον
977 1313 1197 1385 ἐξουσίᾳ
1227 1308 1628 1383 νομοθετήσας,
1661 1311 1833 1368 εἰπών

213 1417 295 1450 οτι
338 1390 632 1466 ἠκούσατε
655 1392 737 1451 ὅτι
764 1397 967 1468 ἐρρέθη
984 1407 1099 1461 τοῖς
1129 1391 1396 1469 ἀρχαίοις,
1419 1392 1486 1452 οὐ
1510 1393 1829 1467 φονεύσεις·
1856 1419 1895 1451 15

215 1475 320 1550 ἐγώ
348 1479 407 1535 δε
431 1477 634 1551 λέγω
605 1493 740 1552 υμῖν
761 1480 902 1552 μηδε
931 1477 1249 1552 ὀργίζεσθαι
1282 1475 1450 1551 είκῆ,”
1484 1480 1575 1535 καὶ
1606 1476 1673 1535 τὰ
1701 1477 1832 1536 τού-

212 1586 326 1630 τοις
375 1561 662 1621 ἀκόλουθα
707 1583 811 1621 οσα
857 1563 925 1636 δὴ
973 1567 1033 1621 ἐν
1077 1576 1209 1664 ταῖς
1241 1560 1612 1637 ἀναγραπτοις
1659 1561 1834 1621 αὐτοῦ

215 1651 599 1716 διδασκαλίαις
642 1650 966 1722 ἐμφέρεται,
1014 1645 1103 1722 ἐφ’
1135 1644 1231 1718 οἷς
1273 1662 1547 1722 μαρτυρεῖ
1581 1648 1760 1720 λέγων
1799 1646 1828 1705 ὁ

214 1730 604 1806 εὐαγγελιστὴς
633 1728 754 1790 ‹⁰5a‘
758 1729 1168 1806 “ἐξεπλήττοντο
1200 1755 1400 1800 παντες
1427 1733 1514 1789 ἐπὶ
1539 1737 1604 1806 τῇ
1631 1735 1828 1806 διδαχῇ

174 1850 190 1872 c
215 1815 416 1874 αὐτου·
465 1842 535 1890 ην
575 1841 680 1890 γαρ
715 1816 998 1875 διδασκων
1028 1816 1230 1883 αὐτοὺς
1271 1840 1345 1883 ως
1377 1819 1632 1884 ἐξουσίαν
1664 1821 1825 1888 ἔχων,
1850 1840 1892 1873 20

212 1903 303 1958 καὶ
335 1925 439 1976 ουχ
472 1900 544 1968 ὡς
576 1926 627 1958 οι
659 1915 997 1975 γραμματεις
1028 1898 1252 1958 αὐτῶνῖ

341 1991 387 2042 6.
431 1988 539 2043 Τὸν
582 1986 643 2043 δὲ
682 1984 888 2058 τρόπον
926 1990 1020 2057 τῆς
1062 1987 1162 2042 τοῦ
1202 1987 1445 2056 σωτῆρος
1475 1981 1634 2056 ἡμῶν
1667 1989 1829 2040 διδα-

212 2075 443 2135 σκαλίας
482 2093 540 2127 τε
581 2071 673 2126 καὶ
703 2075 1037 2141 νομοθεσίας
1080 2071 1140 2126 ἐν
1177 2066 1371 2141 ἀρχαῖς
1416 2070 1510 2140 τῆς
1542 2066 1827 2142 παρούσης

211 2151 534 2221 ὑποθέσεως
575 2152 923 2225 διελθόντες,
966 2150 1056 2210 ὅτε
1097 2151 1194 2211 τὸν
1240 2150 1676 2225 Χριστιανισμὸν
1715 2149 1745 2209 ὃ
1776 2176 1827 2208 τι

212 2239 348 2294 ποτέ
376 2241 526 2295 ἐστιν
567 2244 645 2305 εἰς
685 2236 933 2311 φανερὸν
963 2237 1200 2311 ἤγομεν,
1247 2234 1331 2293 ἐπ’
1380 2231 1564 2294 ἐκεῖνα
1594 2237 1686 2293 καὶ
1720 2239 1827 2294 νῦν
1849 2259 1891 2292 25

211 2321 340 2388 τοὺς
372 2320 808 2395 ἐντυγχάνοντας
840 2324 1294 2396 παραπέμψομεν.
1344 2323 1628 2392 ἐπιστῆσαι
1660 2320 1721 2376 δὲ
1751 2322 1830 2396 τῷ

212 2404 359 2483 λόγῳ
400 2404 580 2479 ἄξιον,
626 2403 700 2463 δι’
745 2403 811 2464 ὃν
849 2402 877 2464 ὅ
921 2405 1108 2479 κύριος
1146 2404 1496 2478 ὑπισχνεῖται
1535 2402 1827 2477 προφήτην

211 2488 547 2562 ἀναστήσειν
578 2489 780 2558 αὐτοῖς.
839 2496 885 2547 7.
921 2490 1111 2563 ἐπειδὴ
1135 2489 1239 2562 γὰρ
1264 2488 1578 2546 κεκελεύκει
1600 2489 1705 2562 μὲν
1729 2487 1826 2544 αὐ-

211 2573 301 2639 τὸς
341 2578 418 2650 τῷ
450 2583 651 2632 Μωσεῖ
687 2571 912 2646 ἁγνίσαι
951 2574 1047 2631 τὸν
1078 2573 1257 2630 πάντα
1289 2571 1423 2629 λαὸν
1465 2570 1553 2644 ἐφ’
1598 2568 1825 2644 ἡμέραις

213 2659 421 2726 τρισὶν,
456 2654 528 2723 ὥς
558 2653 628 2714 ἄν
659 2661 909 2730 γένοιντο
932 2659 1129 2734 θεαταὶ
1152 2653 1292 2729 ὁμοῦ
1321 2658 1411 2713 καὶ
1435 2654 1699 2728 ἀκροαταὶ
1731 2657 1825 2727 τῆς
1849 2678 1888 2711 3ο

327 2851 352 2889 6
384 2851 457 2891 Ps.
478 2853 518 2901 2,
545 2852 583 2891 3.
763 2852 814 2891 15
845 2850 1011 2893 Matth.
1034 2851 1073 2899 5,
1097 2851 1163 2890 21.
1341 2850 1393 2889 19
1424 2847 1588 2888 Matth.
1614 2848 1654 2899 7,
1677 2848 1743 2887 29.
