1992 3186
587 111 892 152 DEMONs'r.
922 111 1145 155 EVANG.
1176 112 1230 152 x.
1265 113 1304 155 8.
1638 109 1739 162 661

134 230 442 303 εἰρημένοις
474 232 806 301 ἰσοδυναμεῑ·
831 231 938 294 πᾶς
968 225 1114 295 ὅστις
1151 219 1256 286 οὖν
1287 224 1622 301 ὁμολογήσαι
1650 226 1737 285 α’ν.

134 318 215 370 10.
251 337 367 387 ωρα
406 315 704 387 τοιγαροῦν
748 308 1140 384 ἀναμφιλόγως
1191 311 1288 370 τὸν
1337 310 1570 385 Ψαλμόν
1614 308 1739 368 οὐδ’

134 394 226 470 ἐφ’
253 401 442 471 ἕτερον
464 393 498 469 ἢ
523 399 613 454 ἐπὶ
635 394 807 469 μόνον
831 394 1002 453 αὐτὸν
1023 395 1345 472 ἀναφέρειν,
1379 394 1570 469 ἐπειδὴ
1595 392 1745 473 αὐτῷ

132 480 285 559 μόνῳ
309 483 400 538 καὶ
426 477 553 538 οὐδ’
583 482 750 557 ἑτέρῳ
774 477 991 554 ἁρμόζει
1013 506 1080 538 τα
1112 479 1555 556 ἐμπεριεχόμενα.
1597 503 1746 538 αντι-

90 591 110 624 5
133 591 269 640 κρυς
299 570 438 638 γοῦν
479 563 564 622 ἐπ’
611 563 763 642 αὐτῷ
802 569 1207 640 πεπληρωμένα
1245 564 1312 623 τά
1350 591 1408 624 τε
1438 563 1579 622 ἅλλα
1608 563 1748 622 ἀπο-

135 656 419 709 δείκνυται
451 653 542 707 καὶ
574 649 643 722 δὴ
687 652 777 706 καὶ
811 647 871 707 τὸ
902 649 1121 723 φάσκον
1151 654 1212 707 ἐν
1241 655 1316 727 τῷ
1355 653 1567 726 Ψαλμῷ
1589 647 1746 707 “6⁶⁸-

133 743 431 810 μερίσαντο
451 732 518 791 τὰ
542 733 727 807 ἱμάτιά
746 757 854 807 μου
878 737 1096 801 ἑαυτοῖς
1119 736 1211 792 καὶ
1235 737 1322 792 ἐπὶ
1345 732 1748 809 τὸνῖματισμόν

133 844 241 894 μου
274 826 477 893 ἔβαλον
507 817 759 892 κλῆρον.”
806 823 886 877 11.
914 821 1006 876 καὶ
1036 817 1140 891 τὴν
1168 818 1515 894 κατάπαρσιν
1546 820 1607 876 δὲ
1635 821 1749 876 τῶν

134 902 287 977 ἥλων
315 908 429 962 τῶν
470 902 609 960 κατὰ
638 907 751 961 τῶν
771 907 972 977 χειρῶν
1005 906 1098 960 καὶ
1121 907 1312 961 ποδῶν
1344 906 1433 961 ἐπὶ
1462 906 1564 962 τοῦ
1585 921 1747 961 σταυ·
1770 926 1794 959 b

71 1013 112 1044 ιο
137 993 239 1062 ροῦ
279 990 762 1062 προσήλωθέντων
803 985 956 1065 αὐτῷ
1007 986 1317 1063 διαρρήδην
1360 991 1618 1062 ἐμφαίνει
1659 990 1750 1044 λέ·-

135 1098 252 1147 γων
274 1071 535 1146 ῃ’ὤρυξαν
557 1071 744 1146 χεῖράς
766 1095 874 1145 μου
892 1075 982 1129 καὶ
1007 1071 1182 1139 πόδας
1205 1097 1334 1146 μου,
1369 1076 1750 1147 ἐξηριθμησαν

134 1181 315 1215 παντα
336 1155 402 1215 τὰ
426 1154 561 1214 ὀστᾶ
584 1155 721 1231 μουῖ
790 1159 882 1213 καὶ
912 1182 979 1214 τα
1009 1156 1173 1215 λοιπὰ
1205 1158 1267 1214 δε
1295 1155 1448 1234 μόνω
1479 1182 1551 1214 αν
1583 1160 1750 1230 ἐφαρ-

134 1240 300 1316 μόσαι
341 1238 519 1319 αυτῷ,
575 1266 647 1309 ως
688 1239 901 1315 προϊών
946 1266 976 1299 ο
1018 1240 1178 1314 λόγος
1219 1240 1588 1316 παραστήσει
1643 1237 1678 1315 ἢ
1720 1240 1749 1298 ὁ

135 1325 473 1400 βουλόμενος
516 1323 609 1399 ἐφ’
652 1329 842 1400 ἕτερον
888 1326 1216 1399 μεταλαβων
1258 1325 1588 1400 πρόσωπον,
1629 1323 1751 1398 ἤτοι

72 1434 111 1467 15
136 1413 407 1484 βασιλέως
438 1408 471 1484 ἢ
502 1407 855 1485 προφήτου”
820 1435 855 1484 η
885 1417 983 1467 καί
1017 1435 1166 1477 τινος
1195 1417 1308 1468 τῶν
1351 1410 1573 1469 πώποτε
1602 1433 1754 1482 παρα

129 1494 418 1562 Ἰουδαίοις
456 1501 771 1569 θεοφιλῶν,
816 1493 1086 1553 δεικνύτω
1128 1501 1182 1553 εί
1208 1491 1322 1563 οἷός
1360 1519 1420 1552 τε
1461 1505 1546 1568 εἴη
1579 1497 1754 1568 ἐφαρ-

135 1579 319 1654 μόζειν
347 1579 414 1637 τὰ
442 1578 919 1653 ἀναγεγραμμένα.
992 1584 1073 1636 12.
1107 1587 1218 1637 τίνι
1249 1577 1358 1654 γὰρ
1388 1581 1501 1637 τῶν
1530 1577 1754 1636 πώποτε

136 1666 609 1739 κυοφορουμένων
640 1666 730 1721 ἐπὶ
752 1669 1019 1722 τοσοῦτον
1039 1667 1224 1739 παρῆν
1246 1663 1444 1737 ἀρετῆς
1466 1665 1558 1721 καὶ
1585 1661 1753 1721 δυνά-

137 1773 310 1823 μεως,
355 1747 495 1806 ὥστε
525 1753 836 1806 καθεστῶτι
867 1753 1111 1826 λογισμῷ
1143 1751 1235 1806 καὶ
1276 1747 1572 1826 ἀσυγχύτω
1602 1753 1753 1822 ψυχῇ
1776 1779 1795 1804 e

74 1856 114 1889 20
138 1840 393 1910 νηφαλίω
424 1857 483 1890 τε
514 1832 849 1935 φρονήματι
867 1836 1010 1891 θεοῦ
1038 1836 1251 1906 γνῶσιν
1280 1830 1615 1906 ἀναλαβεῖν,
1659 1834 1752 1890 καὶ
1778 1855 1868 1899 [306]

139 1923 326 1976 πᾶσαν
366 1919 456 1975 ἐπὶ
495 1917 594 1975 τὸν
631 1916 774 1975 θεὸν
818 1914 1125 1993 ἀναρτῆσαι
1177 1916 1356 1976 αυτοῦ
1391 1915 1496 1989 τὴν
1537 1921 1754 1990 ἐλπίδα,

156 2001 183 2020 ΡΙ
256 1997 270 2020 5
311 1999 335 2020 Ἃ

139 2021 250 2060 ωστ
303 2026 374 2059 αν
406 2000 647 2060 εἰπεῑν“
655 2026 737 2059 οτι
768 2022 839 2059 συ
871 2002 924 2060 εἶ
951 2000 980 2060 ὁ
1013 2002 1290 2069 ἐκσπάσας
1331 2025 1399 2076 με
1431 2006 1492 2059 ἐκ
1521 2001 1757 2077 γαστρὸς

138 2085 342 2162 μητρός
365 2110 493 2160 μου,
524 2085 558 2159 ἡ
593 2089 747 2154 ἐλπίς
769 2111 878 2160 μου
902 2085 1011 2144 ἀπὸ
1033 2092 1258 2160 μαστῶν
1280 2089 1377 2160 τῆς
1399 2085 1604 2160 μητρός
1627 2111 1753 2160 μου.

141 2173 230 2228 ἐπὶ
262 2172 323 2229 σὲ
355 2174 664 2245 ἐπερρίφην
705 2175 766 2229 ἐκ
794 2170 1032 2246 μήτρας,
1077 2175 1136 2229 ἐκ
1165 2178 1377 2238 κοιλίας
1415 2170 1618 2246 μητρός
1648 2195 1757 2245 μου

75 2277 117 2310 25
139 2254 273 2322 θεός
314 2279 423 2329 μου
466 2256 516 2312 εἷ
551 2252 678 2313 σύ.”
743 2259 823 2314 13.
856 2263 939 2322 τίς
981 2257 1041 2313 δὲ
1080 2259 1326 2324 τοιοῦτος
1367 2259 1486 2332 θεῷ
1516 2263 1758 2329 μεμελη-

139 2343 301 2413 μένος
347 2335 603 2406 ’Ἥνειδος
654 2337 976 2413 ἀνθρώπων
1026 2342 1221 2412 γέγονε
1273 2342 1364 2396 καὶ
1418 2340 1758 2412 ἐξουδένημα

140 2428 280 2481 λαοῦ
295 2421 346 2494 ;”
377 2421 487 2480 ὑπὸ
517 2430 689 2480 τίνων
722 2423 784 2479 δὲ
813 2426 906 2480 καὶ
935 2428 1206 2480 ποδαπῶν
1247 2422 1469 2496 μόσχων
1498 2425 1590 2479 καὶ
1621 2421 1758 2480 ταύ-

141 2531 258 2581 ρων
279 2505 382 2581 χρὴ
402 2521 560 2565 νοεῖν
579 2505 679 2564 τὸν
706 2504 925 2564 τοιόνδε
948 2509 1366 2577 κεκυκλῶσθαις
1396 2513 1456 2564 τί
1471 2507 1532 2563 δὲ
1551 2505 1756 2565 παθών
1782 2531 1806 2564 d

141 2590 171 2649 ὁ
204 2589 542 2665 δηλούμενος
565 2586 735 2648 “e-5662
775 2587 930 2665 ὕδωρ
973 2587 1278 2664 ἐξεχύθη;”
1321 2592 1413 2648 καὶ
1452 2586 1756 2657 πῶς”διε-

80 2701 120 2735 30
143 2681 459 2751 σκορπίσθη
490 2673 660 2733 αὐτοῦ
682 2673 749 2731 τὰ
766 2673 900 2733 ὀστᾶ
915 2672 969 2746 ;''
1002 2680 1118 2742 πῶς
1142 2670 1332 2742 δὲ“εἰς
1345 2681 1483 2749 χοῦν
1503 2674 1758 2733 θανάτου

144 2757 452 2834 κατήχθη,”
487 2762 579 2817 καὶ
618 2762 914 2834 καταχθεὶς
955 2765 1033 2828 εἰς
1076 2763 1213 2834 χοῦν
1252 2758 1507 2818 θανάτου
1544 2757 1609 2817 τοὶ
1648 2784 1757 2817 τοι-

146 2851 286 2903 αῦτα
317 2852 477 2903 λαλεῖ
502 2851 582 2902 ἔτι
612 2846 704 2902 καὶ
736 2850 795 2920 ζῇ
826 2847 919 2902 καὶ
949 2847 1278 2919 φθέγγεταις
1308 2851 1457 2912 τίνες
1488 2844 1551 2902 δὲ
1573 2849 1631 2902 οἱ
1655 2843 1754 2901 κυ’-
