<?xml version="1.0" encoding="UTF-8"?>
<!DOCTYPE html PUBLIC "-//W3C//DTD XHTML 1.0 Transitional//EN"
    "http://www.w3.org/TR/xhtml1/DTD/xhtml1-transitional.dtd">
<html xmlns="http://www.w3.org/1999/xhtml" xml:lang="en" lang="en">
 <head>
  <title>
</title>
<meta http-equiv="Content-Type" content="text/html;charset=utf-8" />
  <meta name='ocr-system' content='tesseract 3.04.00' />
  <meta name='ocr-capabilities' content='ocr_page ocr_carea ocr_par ocr_line ocrx_word'/>
</head>
<body>
  <div class='ocr_page' id='page_1' title='image "./operaeusebius03euseuoft_0643.png"; bbox 0 0 1992 3186; ppageno 0'>
   <div class='ocr_carea' id='block_1_1' title="bbox 564 122 1745 175">
    <p class='ocr_par' dir='ltr' id='par_1_1' title="bbox 564 122 1745 175">
     <span class='ocr_line' id='line_1_1' title="bbox 564 122 1745 175; baseline 0.002 -11"><span class='ocrx_word' id='word_1_1' title='bbox 564 122 869 165; x_wconf 88' lang='lat' dir='ltr'><strong>DEMONST.</strong></span> <span class='ocrx_word' id='word_1_2' title='bbox 900 123 1120 166; x_wconf 85' lang='lat' dir='ltr'><strong>EVANG.</strong></span> <span class='ocrx_word' id='word_1_3' title='bbox 1154 123 1235 166; x_wconf 91' lang='lat' dir='ltr'><strong><em>IX.</em></strong></span> <span class='ocrx_word' id='word_1_4' title='bbox 1269 123 1335 163; x_wconf 81' lang='lat'><strong><em>18.</em></strong></span> <span class='ocrx_word' id='word_1_5' title='bbox 1641 122 1745 175; x_wconf 83' lang='grc'><strong><em>619</em></strong></span> 
     </span>
    </p>
   </div>
   <div class='ocr_carea' id='block_1_2' title="bbox 67 236 1857 2754">
    <p class='ocr_par' dir='ltr' id='par_1_2' title="bbox 67 236 1857 2754">
     <span class='ocr_line' id='line_1_2' title="bbox 133 236 1743 348; baseline -0.001 -51"><span class='ocrx_word' id='word_1_6' title='bbox 133 243 475 312; x_wconf 80' lang='grc' dir='ltr'><strong><em>προφητείαν</em></strong></span> <span class='ocrx_word' id='word_1_7' title='bbox 504 236 803 311; x_wconf 82' lang='grc' dir='ltr'><strong><em>ὀχούμενος</em></strong></span> <span class='ocrx_word' id='word_1_8' title='bbox 832 236 946 316; x_wconf 75' lang='grc' dir='ltr'><strong><em>ὄνῳ</em></strong></span> <span class='ocrx_word' id='word_1_9' title='bbox 975 237 1078 312; x_wconf 90' lang='grc' dir='ltr'><strong><em>τὴν</em></strong></span> <span class='ocrx_word' id='word_1_10' title='bbox 1109 242 1170 296; x_wconf 87' lang='grc' dir='ltr'><strong><em>ἐν</em></strong></span> <span class='ocrx_word' id='word_1_11' title='bbox 1198 241 1275 316; x_wconf 75' lang='grc' dir='ltr'><strong><em>τῷ</em></strong></span> <span class='ocrx_word' id='word_1_12' title='bbox 1304 245 1552 314; x_wconf 76' lang='grc' dir='ltr'><strong><em>Ζαχαρία</em></strong></span> <span class='ocrx_word' id='word_1_13' title='bbox 1561 238 1743 348; x_wconf 42' lang='lat' dir='ltr'><strong><em>‘⁷⁶96ss-</em></strong></span> 
     </span>
     <span class='ocr_line' id='line_1_3' title="bbox 134 320 1745 399; baseline 0 -18"><span class='ocrx_word' id='word_1_14' title='bbox 134 342 296 399; x_wconf 88' lang='grc' dir='ltr'><strong><em>ρησιν</em></strong></span> <span class='ocrx_word' id='word_1_15' title='bbox 323 322 583 398; x_wconf 75' lang='grc' dir='ltr'><strong><em>ἐπλήρου,</em></strong></span> <span class='ocrx_word' id='word_1_16' title='bbox 616 321 753 380; x_wconf 76' lang='grc' dir='ltr'><strong><em>κατὰ</em></strong></span> <span class='ocrx_word' id='word_1_17' title='bbox 781 321 878 380; x_wconf 85' lang='grc' dir='ltr'><strong><em>τὸν</em></strong></span> <span class='ocrx_word' id='word_1_18' title='bbox 906 333 1068 382; x_wconf 81' lang='grc' dir='ltr'><strong><em>θεῖον</em></strong></span> <span class='ocrx_word' id='word_1_19' title='bbox 1095 320 1490 397; x_wconf 79' lang='grc' dir='ltr'><strong><em>εὐαγγελιστὴν</em></strong></span> <span class='ocrx_word' id='word_1_20' title='bbox 1519 328 1577 380; x_wconf 81' lang='grc' dir='ltr'><strong><em>οι““</em></strong></span> <span class='ocrx_word' id='word_1_21' title='bbox 1593 322 1745 396; x_wconf 90' lang='grc' dir='ltr'><strong><em>όχλοι</em></strong></span> 
     </span>
     <span class='ocr_line' id='line_1_4' title="bbox 133 403 1744 516; baseline 0 -50"><span class='ocrx_word' id='word_1_22' title='bbox 133 431 469 481; x_wconf 81' lang='grc' dir='ltr'><strong><em>προαγοντες</em></strong></span> <span class='ocrx_word' id='word_1_23' title='bbox 521 405 690 464; x_wconf 81' lang='grc' dir='ltr'><strong><em>αὐτὸν</em></strong></span> <span class='ocrx_word' id='word_1_24' title='bbox 740 409 829 464; x_wconf 82' lang='grc' dir='ltr'><strong><em>καὶ</em></strong></span> <span class='ocrx_word' id='word_1_25' title='bbox 884 403 1328 475; x_wconf 76' lang='grc' dir='ltr'><strong><em>ἀκολουθοῦντες</em></strong></span> <span class='ocrx_word' id='word_1_26' title='bbox 1382 406 1744 516; x_wconf 80' lang='grc' dir='ltr'><strong><em>ἐπευφήμουν</em></strong></span> 
     </span>
     <span class='ocr_line' id='line_1_5' title="bbox 132 487 1746 568; baseline 0 -18"><span class='ocrx_word' id='word_1_27' title='bbox 132 488 421 564; x_wconf 82' lang='grc' dir='ltr'><strong><em>λέγοντες</em></strong></span> <span class='ocrx_word' id='word_1_28' title='bbox 425 487 519 557; x_wconf 79' lang='grc' dir='ltr'><strong><em>ὡς</em></strong></span> <span class='ocrx_word' id='word_1_29' title='bbox 550 490 692 549; x_wconf 79' lang='grc' dir='ltr'><strong><em>ἀννόε</em></strong></span> <span class='ocrx_word' id='word_1_30' title='bbox 721 494 799 568; x_wconf 75' lang='grc' dir='ltr'><strong><em>τῷ</em></strong></span> <span class='ocrx_word' id='word_1_31' title='bbox 827 494 934 567; x_wconf 76' lang='grc' dir='ltr'><strong><em>υἱῷ</em></strong></span> <span class='ocrx_word' id='word_1_32' title='bbox 956 493 1164 565; x_wconf 86' lang='grc' dir='ltr'><strong><em>Δαβὶδ,</em></strong></span> <span class='ocrx_word' id='word_1_33' title='bbox 1199 489 1562 566; x_wconf 83' lang='grc' dir='ltr'><strong><em>ευλογημένος</em></strong></span> <span class='ocrx_word' id='word_1_34' title='bbox 1592 491 1622 550; x_wconf 88' lang='lat'><strong><em>6</em></strong></span> <span class='ocrx_word' id='word_1_35' title='bbox 1655 496 1746 567; x_wconf 89' lang='grc' dir='ltr'><strong><em>ἐρ-</em></strong></span> 
     </span>
     <span class='ocr_line' id='line_1_6' title="bbox 86 551 1792 650; baseline 0.002 -19"><span class='ocrx_word' id='word_1_36' title='bbox 86 575 360 650; x_wconf 69' lang='grc' dir='ltr'><strong><em>εχόμενος</em></strong></span> <span class='ocrx_word' id='word_1_37' title='bbox 402 580 462 634; x_wconf 87' lang='grc' dir='ltr'><strong><em>ἐν</em></strong></span> <span class='ocrx_word' id='word_1_38' title='bbox 506 573 733 648; x_wconf 89' lang='grc' dir='ltr'><strong><em>ὀνόματι</em></strong></span> <span class='ocrx_word' id='word_1_39' title='bbox 780 551 1007 650; x_wconf 85' lang='grc' dir='ltr'><strong><em>κυρίου,</em></strong></span> <span class='ocrx_word' id='word_1_40' title='bbox 1061 574 1134 642; x_wconf 76' lang='grc' dir='ltr'><strong><em>ὡς</em></strong></span> <span class='ocrx_word' id='word_1_41' title='bbox 1175 573 1317 634; x_wconf 77' lang='grc' dir='ltr'><strong><em>ἄννοὶ</em></strong></span> <span class='ocrx_word' id='word_1_42' title='bbox 1359 580 1419 634; x_wconf 82' lang='grc' dir='ltr'><strong><em>ἐν</em></strong></span> <span class='ocrx_word' id='word_1_43' title='bbox 1457 590 1571 644; x_wconf 81' lang='grc' dir='ltr'><strong><em>τοῖς</em></strong></span> <span class='ocrx_word' id='word_1_44' title='bbox 1610 573 1792 646; x_wconf 64' lang='grc' dir='ltr'><strong><em>υψί-ε</em></strong></span> 
     </span>
     <span class='ocr_line' id='line_1_7' title="bbox 132 657 1744 735; baseline 0 -17"><span class='ocrx_word' id='word_1_45' title='bbox 132 679 294 728; x_wconf 89' lang='grc' dir='ltr'><strong><em>στοις.</em></strong></span> <span class='ocrx_word' id='word_1_46' title='bbox 367 665 414 717; x_wconf 79' lang='lat'><strong><em>3.</em></strong></span> <span class='ocrx_word' id='word_1_47' title='bbox 461 659 552 717; x_wconf 79' lang='grc' dir='ltr'><strong><em>ὅτε</em></strong></span> <span class='ocrx_word' id='word_1_48' title='bbox 581 662 672 717; x_wconf 87' lang='grc' dir='ltr'><strong><em>καὶ</em></strong></span> <span class='ocrx_word' id='word_1_49' title='bbox 705 658 1053 727; x_wconf 82' lang='grc' dir='ltr'><strong><em>εἰσελθόντος</em></strong></span> <span class='ocrx_word' id='word_1_50' title='bbox 1085 657 1260 718; x_wconf 82' lang='grc' dir='ltr'><strong><em>αυτοῦ</em></strong></span> <span class='ocrx_word' id='word_1_51' title='bbox 1302 666 1379 727; x_wconf 83' lang='grc' dir='ltr'><strong><em>εἰς</em></strong></span> <span class='ocrx_word' id='word_1_52' title='bbox 1423 660 1490 718; x_wconf 79' lang='grc' dir='ltr'><strong><em>τὰ</em></strong></span> <span class='ocrx_word' id='word_1_53' title='bbox 1510 659 1744 735; x_wconf 91' lang='grc' dir='ltr'><strong><em>Ιεροσό-</em></strong></span> 
     </span>
     <span class='ocr_line' id='line_1_8' title="bbox 131 740 1743 818; baseline 0 -16"><span class='ocrx_word' id='word_1_54' title='bbox 131 753 277 818; x_wconf 87' lang='grc' dir='ltr'><strong><em>λυμα</em></strong></span> <span class='ocrx_word' id='word_1_55' title='bbox 309 748 536 817; x_wconf 81' lang='grc' dir='ltr'><strong><em>ἐσείσθη</em></strong></span> <span class='ocrx_word' id='word_1_56' title='bbox 568 747 715 801; x_wconf 82' lang='grc' dir='ltr'><strong><em>πᾶσα</em></strong></span> <span class='ocrx_word' id='word_1_57' title='bbox 745 740 779 817; x_wconf 79' lang='grc' dir='ltr'>ἡ</span> <span class='ocrx_word' id='word_1_58' title='bbox 810 743 966 811; x_wconf 80' lang='grc' dir='ltr'><strong><em>πόλις</em></strong></span> <span class='ocrx_word' id='word_1_59' title='bbox 997 743 1303 818; x_wconf 81' lang='grc' dir='ltr'><strong><em>λεγόντων,</em></strong></span> <span class='ocrx_word' id='word_1_60' title='bbox 1345 752 1427 811; x_wconf 89' lang='grc' dir='ltr'><strong><em>τίς</em></strong></span> <span class='ocrx_word' id='word_1_61' title='bbox 1468 748 1618 802; x_wconf 85' lang='grc' dir='ltr'><strong><em>ἐστὶν</em></strong></span> <span class='ocrx_word' id='word_1_62' title='bbox 1647 770 1743 802; x_wconf 85' lang='grc' dir='ltr'><strong><em>ου-</em></strong></span> 
     </span>
     <span class='ocr_line' id='line_1_9' title="bbox 129 825 1857 930; baseline 0.002 -44"><span class='ocrx_word' id='word_1_63' title='bbox 129 854 248 898; x_wconf 88' lang='grc' dir='ltr'><strong><em>τος;</em></strong></span> <span class='ocrx_word' id='word_1_64' title='bbox 301 833 359 887; x_wconf 78' lang='grc' dir='ltr'><strong><em>οἶ</em></strong></span> <span class='ocrx_word' id='word_1_65' title='bbox 395 830 455 886; x_wconf 90' lang='grc' dir='ltr'><strong><em>δε</em></strong></span> <span class='ocrx_word' id='word_1_66' title='bbox 495 826 645 930; x_wconf 81' lang='grc' dir='ltr'><strong><em>ὄχλοι</em></strong></span> <span class='ocrx_word' id='word_1_67' title='bbox 691 836 909 901; x_wconf 80' lang='grc' dir='ltr'><strong><em>ἔλεγον,</em></strong></span> <span class='ocrx_word' id='word_1_68' title='bbox 962 827 1122 896; x_wconf 84' lang='grc' dir='ltr'><strong><em>οὑτός</em></strong></span> <span class='ocrx_word' id='word_1_69' title='bbox 1176 833 1325 886; x_wconf 87' lang='grc' dir='ltr'><strong><em>ἐστιν</em></strong></span> <span class='ocrx_word' id='word_1_70' title='bbox 1376 825 1404 886; x_wconf 91' lang='lat'><strong><em>6</em></strong></span> <span class='ocrx_word' id='word_1_71' title='bbox 1457 828 1742 903; x_wconf 81' lang='grc' dir='ltr'><strong><em>προφήτης</em></strong></span> <span class='ocrx_word' id='word_1_72' title='bbox 1767 857 1857 900; x_wconf 78' lang='lat'>[2861</span> 
     </span>
     <span class='ocr_line' id='line_1_10' title="bbox 123 910 1744 987; baseline 0.001 -17.006"><span class='ocrx_word' id='word_1_73' title='bbox 123 912 352 986; x_wconf 83' lang='grc' dir='ltr'><strong><em>Ἰησοῦς,</em></strong></span> <span class='ocrx_word' id='word_1_74' title='bbox 384 910 413 970; x_wconf 89' lang='lat'>6</span> <span class='ocrx_word' id='word_1_75' title='bbox 443 910 551 970; x_wconf 76' lang='grc' dir='ltr'><strong><em>ἀπὸ</em></strong></span> <span class='ocrx_word' id='word_1_76' title='bbox 582 913 848 987; x_wconf 79' lang='grc' dir='ltr'><strong><em>Ναζαρεθ</em></strong></span> <span class='ocrx_word' id='word_1_77' title='bbox 877 918 972 985; x_wconf 85' lang='grc' dir='ltr'><strong><em>τῆς</em></strong></span> <span class='ocrx_word' id='word_1_78' title='bbox 1002 910 1348 980; x_wconf 87' lang='grc' dir='ltr'><strong><em>Γαλιλαίας.”</em></strong></span> <span class='ocrx_word' id='word_1_79' title='bbox 1395 918 1443 970; x_wconf 84' lang='grc'><strong><em>4.</em></strong></span> <span class='ocrx_word' id='word_1_80' title='bbox 1480 917 1598 971; x_wconf 84' lang='grc' dir='ltr'><strong><em>ἐπεὶ</em></strong></span> <span class='ocrx_word' id='word_1_81' title='bbox 1627 921 1744 971; x_wconf 89' lang='grc' dir='ltr'><strong><em>τοί-</em></strong></span> 
     </span>
     <span class='ocr_line' id='line_1_11' title="bbox 67 994 1740 1070; baseline 0.002 -19"><span class='ocrx_word' id='word_1_82' title='bbox 67 1020 110 1052; x_wconf 84' lang='lat'><strong><em>10</em></strong></span> <span class='ocrx_word' id='word_1_83' title='bbox 132 1022 238 1055; x_wconf 88' lang='grc' dir='ltr'><strong><em>νυν</em></strong></span> <span class='ocrx_word' id='word_1_84' title='bbox 263 1002 323 1055; x_wconf 86' lang='grc' dir='ltr'><strong><em>ἐκ</em></strong></span> <span class='ocrx_word' id='word_1_85' title='bbox 342 1003 439 1055; x_wconf 86' lang='grc' dir='ltr'><strong><em>τοῦ</em></strong></span> <span class='ocrx_word' id='word_1_86' title='bbox 465 1000 830 1070; x_wconf 83' lang='grc' dir='ltr'><strong><em>προκειμένου</em></strong></span> <span class='ocrx_word' id='word_1_87' title='bbox 848 1003 1082 1070; x_wconf 80' lang='grc' dir='ltr'><strong><em>Ψαλμοῦ</em></strong></span> <span class='ocrx_word' id='word_1_88' title='bbox 1115 1006 1326 1070; x_wconf 78' lang='grc' dir='ltr'><strong><em>εἴρηται</em></strong></span> <span class='ocrx_word' id='word_1_89' title='bbox 1356 994 1534 1065; x_wconf 72' lang='lat' dir='ltr'>v6“c69</span> <span class='ocrx_word' id='word_1_90' title='bbox 1549 996 1740 1070; x_wconf 73' lang='grc' dir='ltr'><strong><em>ἀννοί,”</em></strong></span> 
     </span>
     <span class='ocr_line' id='line_1_12' title="bbox 128 1078 1744 1157; baseline 0.001 -18"><span class='ocrx_word' id='word_1_91' title='bbox 128 1079 262 1156; x_wconf 81' lang='grc' dir='ltr'><strong><em>ὅπερ</em></strong></span> <span class='ocrx_word' id='word_1_92' title='bbox 295 1083 642 1155; x_wconf 72' lang='grc' dir='ltr'><strong><em>ἕρμηνευθὲν</em></strong></span> <span class='ocrx_word' id='word_1_93' title='bbox 673 1087 835 1154; x_wconf 81' lang='grc' dir='ltr'><strong><em>δηλοῖ</em></strong></span> <span class='ocrx_word' id='word_1_94' title='bbox 852 1079 1075 1139; x_wconf 76' lang='grc' dir='ltr'><strong><em>“σῶσον</em></strong></span> <span class='ocrx_word' id='word_1_95' title='bbox 1106 1080 1175 1154; x_wconf 89' lang='grc' dir='ltr'><strong><em>δή</em></strong></span> <span class='ocrx_word' id='word_1_96' title='bbox 1188 1079 1234 1154; x_wconf 89' lang='grc'><strong><em>,”</em></strong></span> <span class='ocrx_word' id='word_1_97' title='bbox 1266 1081 1326 1139; x_wconf 87' lang='grc' dir='ltr'><strong><em>τὸ</em></strong></span> <span class='ocrx_word' id='word_1_98' title='bbox 1369 1083 1429 1139; x_wconf 72' lang='grc' dir='ltr'><strong><em>δὲ</em></strong></span> <span class='ocrx_word' id='word_1_99' title='bbox 1453 1078 1744 1157; x_wconf 80' lang='grc' dir='ltr'><strong><em>Ἐβραϊκὸν</em></strong></span> 
     </span>
     <span class='ocr_line' id='line_1_13' title="bbox 122 1162 1744 1241; baseline 0.001 -19"><span class='ocrx_word' id='word_1_100' title='bbox 122 1162 299 1224; x_wconf 76' lang='grc' dir='ltr'><strong><em>“οἰννά</em></strong></span> <span class='ocrx_word' id='word_1_101' title='bbox 326 1163 567 1224; x_wconf 85' lang='grc' dir='ltr'><strong><em>Ἀδωναῒ</em></strong></span> <span class='ocrx_word' id='word_1_102' title='bbox 594 1165 666 1232; x_wconf 76' lang='grc' dir='ltr'><strong><em>ὡς</em></strong></span> <span class='ocrx_word' id='word_1_103' title='bbox 697 1162 870 1223; x_wconf 78' lang='grc' dir='ltr'><strong><em>ἀννά”</em></strong></span> <span class='ocrx_word' id='word_1_104' title='bbox 901 1168 1168 1241; x_wconf 77' lang='grc' dir='ltr'><strong><em>περιέχει,</em></strong></span> <span class='ocrx_word' id='word_1_105' title='bbox 1214 1163 1354 1223; x_wconf 77' lang='grc' dir='ltr'><strong><em>ἄλλα</em></strong></span> <span class='ocrx_word' id='word_1_106' title='bbox 1394 1168 1486 1223; x_wconf 87' lang='grc' dir='ltr'><strong><em>καὶ</em></strong></span> <span class='ocrx_word' id='word_1_107' title='bbox 1526 1166 1586 1224; x_wconf 87' lang='grc' dir='ltr'><strong><em>τὸ</em></strong></span> <span class='ocrx_word' id='word_1_108' title='bbox 1610 1162 1744 1223; x_wconf 63' lang='lat'>“613-</span> 
     </span>
     <span class='ocr_line' id='line_1_14' title="bbox 127 1248 1741 1324; baseline 0 -16"><span class='ocrx_word' id='word_1_109' title='bbox 127 1252 427 1323; x_wconf 79' lang='grc' dir='ltr'><strong><em>λογημένος</em></strong></span> <span class='ocrx_word' id='word_1_110' title='bbox 457 1249 486 1308; x_wconf 88' lang='lat'>6</span> <span class='ocrx_word' id='word_1_111' title='bbox 513 1249 803 1323; x_wconf 81' lang='grc' dir='ltr'><strong><em>ἐρχόμενος</em></strong></span> <span class='ocrx_word' id='word_1_112' title='bbox 835 1254 895 1307; x_wconf 87' lang='grc' dir='ltr'><strong><em>ἐν</em></strong></span> <span class='ocrx_word' id='word_1_113' title='bbox 916 1248 1145 1324; x_wconf 83' lang='grc' dir='ltr'><strong><em>ὀνόματι</em></strong></span> <span class='ocrx_word' id='word_1_114' title='bbox 1168 1249 1415 1324; x_wconf 83' lang='grc' dir='ltr'><strong><em>κυρίου,”</em></strong></span> <span class='ocrx_word' id='word_1_115' title='bbox 1444 1249 1741 1324; x_wconf 80' lang='grc' dir='ltr'><strong><em>ἐπειδήπερ</em></strong></span> 
     </span>
     <span class='ocr_line' id='line_1_15' title="bbox 128 1333 1742 1408; baseline 0.001 -17"><span class='ocrx_word' id='word_1_116' title='bbox 128 1337 220 1391; x_wconf 84' lang='grc' dir='ltr'><strong><em>καὶ</em></strong></span> <span class='ocrx_word' id='word_1_117' title='bbox 238 1333 374 1392; x_wconf 79' lang='grc' dir='ltr'><strong><em>αὐτὸ</em></strong></span> <span class='ocrx_word' id='word_1_118' title='bbox 390 1333 498 1392; x_wconf 80' lang='grc' dir='ltr'><strong><em>ἀπὸ</em></strong></span> <span class='ocrx_word' id='word_1_119' title='bbox 517 1338 616 1392; x_wconf 81' lang='grc' dir='ltr'><strong><em>τοῦ</em></strong></span> <span class='ocrx_word' id='word_1_120' title='bbox 637 1334 809 1392; x_wconf 82' lang='grc' dir='ltr'><strong><em>αὐτοῦ</em></strong></span> <span class='ocrx_word' id='word_1_121' title='bbox 832 1339 1066 1408; x_wconf 83' lang='grc' dir='ltr'><strong><em>Ψαλμοῦ</em></strong></span> <span class='ocrx_word' id='word_1_122' title='bbox 1083 1341 1455 1408; x_wconf 80' lang='grc' dir='ltr'><strong><em>μετείληπται,</em></strong></span> <span class='ocrx_word' id='word_1_123' title='bbox 1479 1340 1653 1393; x_wconf 83' lang='grc' dir='ltr'><strong><em>ταῦτα</em></strong></span> <span class='ocrx_word' id='word_1_124' title='bbox 1681 1336 1742 1392; x_wconf 78' lang='grc' dir='ltr'><strong><em>δὲ</em></strong></span> 
     </span>
     <span class='ocr_line' id='line_1_16' title="bbox 68 1417 1742 1493; baseline 0.001 -18"><span class='ocrx_word' id='word_1_125' title='bbox 68 1442 110 1475; x_wconf 85' lang='lat'><strong><em>15</em></strong></span> <span class='ocrx_word' id='word_1_126' title='bbox 133 1423 322 1492; x_wconf 77' lang='grc' dir='ltr'><strong><em>σαφῶς</em></strong></span> <span class='ocrx_word' id='word_1_127' title='bbox 355 1422 445 1477; x_wconf 88' lang='grc' dir='ltr'><strong><em>ἐπὶ</em></strong></span> <span class='ocrx_word' id='word_1_128' title='bbox 473 1419 570 1477; x_wconf 84' lang='grc' dir='ltr'><strong><em>τὸν</em></strong></span> <span class='ocrx_word' id='word_1_129' title='bbox 599 1417 842 1493; x_wconf 85' lang='grc' dir='ltr'><strong><em>Χριστὸν</em></strong></span> <span class='ocrx_word' id='word_1_130' title='bbox 870 1422 969 1476; x_wconf 80' lang='grc' dir='ltr'><strong><em>τοῦ</em></strong></span> <span class='ocrx_word' id='word_1_131' title='bbox 997 1423 1139 1477; x_wconf 83' lang='grc' dir='ltr'><strong><em>θεοῦ</em></strong></span> <span class='ocrx_word' id='word_1_132' title='bbox 1168 1418 1555 1493; x_wconf 89' lang='grc' dir='ltr'><strong><em>ανενήνεκται,</em></strong></span> <span class='ocrx_word' id='word_1_133' title='bbox 1601 1418 1742 1476; x_wconf 85' lang='grc' dir='ltr'><strong><em>εἰκό-</em></strong></span> 
     </span>
     <span class='ocr_line' id='line_1_17' title="bbox 128 1501 1741 1578; baseline 0.001 -18"><span class='ocrx_word' id='word_1_134' title='bbox 128 1527 234 1570; x_wconf 87' lang='grc' dir='ltr'><strong><em>τως</em></strong></span> <span class='ocrx_word' id='word_1_135' title='bbox 267 1509 343 1570; x_wconf 85' lang='grc' dir='ltr'><strong><em>είς</em></strong></span> <span class='ocrx_word' id='word_1_136' title='bbox 374 1501 543 1562; x_wconf 82' lang='grc' dir='ltr'><strong><em>αὐτὸν</em></strong></span> <span class='ocrx_word' id='word_1_137' title='bbox 574 1506 666 1560; x_wconf 83' lang='grc' dir='ltr'><strong><em>καὶ</em></strong></span> <span class='ocrx_word' id='word_1_138' title='bbox 705 1528 771 1560; x_wconf 91' lang='grc' dir='ltr'><strong><em>τα</em></strong></span> <span class='ocrx_word' id='word_1_139' title='bbox 802 1501 966 1560; x_wconf 91' lang='grc' dir='ltr'><strong><em>λοιπα</em></strong></span> <span class='ocrx_word' id='word_1_140' title='bbox 1004 1507 1100 1575; x_wconf 84' lang='grc' dir='ltr'><strong><em>τῆς</em></strong></span> <span class='ocrx_word' id='word_1_141' title='bbox 1141 1503 1499 1578; x_wconf 88' lang='grc' dir='ltr'><strong><em>προρρήσεως</em></strong></span> <span class='ocrx_word' id='word_1_142' title='bbox 1541 1502 1741 1577; x_wconf 81' lang='grc' dir='ltr'><strong><em>ἐξειλή-</em></strong></span> 
     </span>
     <span class='ocr_line' id='line_1_18' title="bbox 130 1580 1790 1696; baseline -0.001 -51"><span class='ocrx_word' id='word_1_143' title='bbox 130 1612 328 1696; x_wconf 85' lang='grc' dir='ltr'><strong><em>φαμεν.</em></strong></span> <span class='ocrx_word' id='word_1_144' title='bbox 397 1592 444 1646; x_wconf 82' lang='lat'><strong><em>5.</em></strong></span> <span class='ocrx_word' id='word_1_145' title='bbox 493 1580 651 1654; x_wconf 75' lang='grc' dir='ltr'><strong><em>οὗτος</em></strong></span> <span class='ocrx_word' id='word_1_146' title='bbox 694 1612 800 1661; x_wconf 84' lang='grc' dir='ltr'><strong><em>γαρ</em></strong></span> <span class='ocrx_word' id='word_1_147' title='bbox 843 1584 921 1645; x_wconf 75' lang='grc' dir='ltr'><strong><em>ὢν</em></strong></span> <span class='ocrx_word' id='word_1_148' title='bbox 963 1611 1223 1661; x_wconf 79' lang='grc' dir='ltr'><strong><em>τυγχανει</em></strong></span> <span class='ocrx_word' id='word_1_149' title='bbox 1265 1586 1658 1661; x_wconf 81' lang='grc' dir='ltr'><strong><em>εὐλογημένος,</em></strong></span> <span class='ocrx_word' id='word_1_150' title='bbox 1712 1586 1741 1644; x_wconf 90' lang='lat'><strong><em>6</em></strong></span> <span class='ocrx_word' id='word_1_151' title='bbox 1766 1611 1790 1642; x_wconf 71' lang='lat' dir='ltr'>a</span> 
     </span>
     <span class='ocr_line' id='line_1_19' title="bbox 130 1668 1742 1746; baseline 0.001 -18"><span class='ocrx_word' id='word_1_152' title='bbox 130 1675 223 1729; x_wconf 82' lang='grc' dir='ltr'><strong><em>καὶ</em></strong></span> <span class='ocrx_word' id='word_1_153' title='bbox 257 1669 338 1728; x_wconf 88' lang='grc' dir='ltr'><strong><em>δι’</em></strong></span> <span class='ocrx_word' id='word_1_154' title='bbox 374 1674 564 1746; x_wconf 81' lang='grc' dir='ltr'><strong><em>ἑτέρου</em></strong></span> <span class='ocrx_word' id='word_1_155' title='bbox 595 1670 883 1745; x_wconf 89' lang='grc' dir='ltr'><strong><em>προφήτου</em></strong></span> <span class='ocrx_word' id='word_1_156' title='bbox 915 1668 1341 1745; x_wconf 78' lang='grc' dir='ltr'><strong><em>ὠνομασμένος</em></strong></span> <span class='ocrx_word' id='word_1_157' title='bbox 1345 1671 1393 1729; x_wconf 80' lang='lat'><strong><em>‘6</em></strong></span> <span class='ocrx_word' id='word_1_158' title='bbox 1423 1668 1742 1746; x_wconf 88' lang='grc' dir='ltr'><strong><em>ἐρχόμενος”</em></strong></span> 
     </span>
     <span class='ocr_line' id='line_1_20' title="bbox 130 1755 1742 1831; baseline 0.001 -18"><span class='ocrx_word' id='word_1_159' title='bbox 130 1761 228 1813; x_wconf 86' lang='grc' dir='ltr'><strong><em>τοῦ</em></strong></span> <span class='ocrx_word' id='word_1_160' title='bbox 260 1755 539 1828; x_wconf 88' lang='grc' dir='ltr'><strong><em>φήσαντος</em></strong></span> <span class='ocrx_word' id='word_1_161' title='bbox 561 1755 680 1813; x_wconf 80' lang='grc' dir='ltr'><strong><em>“ἐ’τι</em></strong></span> <span class='ocrx_word' id='word_1_162' title='bbox 710 1755 926 1831; x_wconf 84' lang='grc' dir='ltr'><strong><em>μικρὸν,</em></strong></span> <span class='ocrx_word' id='word_1_163' title='bbox 958 1759 1051 1813; x_wconf 86' lang='grc' dir='ltr'><strong><em>καὶ</em></strong></span> <span class='ocrx_word' id='word_1_164' title='bbox 1080 1755 1108 1813; x_wconf 91' lang='lat'><strong><em>6</em></strong></span> <span class='ocrx_word' id='word_1_165' title='bbox 1143 1755 1432 1830; x_wconf 82' lang='grc' dir='ltr'><strong><em>ἐρχόμενος</em></strong></span> <span class='ocrx_word' id='word_1_166' title='bbox 1462 1756 1615 1830; x_wconf 80' lang='grc' dir='ltr'><strong><em>ἥξει,</em></strong></span> <span class='ocrx_word' id='word_1_167' title='bbox 1648 1760 1742 1814; x_wconf 82' lang='grc' dir='ltr'><strong><em>καὶ</em></strong></span> 
     </span>
     <span class='ocr_line' id='line_1_21' title="bbox 67 1837 1742 1943; baseline 0.002 -48"><span class='ocrx_word' id='word_1_168' title='bbox 67 1863 109 1896; x_wconf 86' lang='lat'><strong><em>20</em></strong></span> <span class='ocrx_word' id='word_1_169' title='bbox 131 1839 197 1898; x_wconf 78' lang='grc' dir='ltr'><strong><em>οὐ</em></strong></span> <span class='ocrx_word' id='word_1_170' title='bbox 226 1838 301 1914; x_wconf 83' lang='grc' dir='ltr'><strong><em>μὴ</em></strong></span> <span class='ocrx_word' id='word_1_171' title='bbox 332 1837 675 1915; x_wconf 81' lang='grc' dir='ltr'><strong><em>χρονίσῃ,’“’</em></strong></span> <span class='ocrx_word' id='word_1_172' title='bbox 643 1865 701 1907; x_wconf 91' lang='grc' dir='ltr'><strong><em>ος</em></strong></span> <span class='ocrx_word' id='word_1_173' title='bbox 732 1844 824 1897; x_wconf 84' lang='grc' dir='ltr'><strong><em>καὶ</em></strong></span> <span class='ocrx_word' id='word_1_174' title='bbox 837 1839 1137 1943; x_wconf 83' lang='grc' dir='ltr'><strong><em>ἐλήλυθεν</em></strong></span> <span class='ocrx_word' id='word_1_175' title='bbox 1179 1845 1240 1898; x_wconf 93' lang='grc' dir='ltr'><strong><em>ἐν</em></strong></span> <span class='ocrx_word' id='word_1_176' title='bbox 1277 1838 1504 1914; x_wconf 85' lang='grc' dir='ltr'><strong><em>ὀνόματι</em></strong></span> <span class='ocrx_word' id='word_1_177' title='bbox 1543 1847 1742 1914; x_wconf 80' lang='grc' dir='ltr'><strong><em>κυρίου</em></strong></span> 
     </span>
     <span class='ocr_line' id='line_1_22' title="bbox 128 1923 1742 1999; baseline 0.001 -18"><span class='ocrx_word' id='word_1_178' title='bbox 128 1927 227 1982; x_wconf 80' lang='grc' dir='ltr'><strong><em>τοῦ</em></strong></span> <span class='ocrx_word' id='word_1_179' title='bbox 255 1928 396 1983; x_wconf 82' lang='grc' dir='ltr'><strong><em>θεοῦ</em></strong></span> <span class='ocrx_word' id='word_1_180' title='bbox 426 1927 516 1982; x_wconf 83' lang='grc' dir='ltr'><strong><em>καὶ</em></strong></span> <span class='ocrx_word' id='word_1_181' title='bbox 549 1924 753 1999; x_wconf 85' lang='grc' dir='ltr'><strong><em>πατρὸς</em></strong></span> <span class='ocrx_word' id='word_1_182' title='bbox 783 1923 972 1982; x_wconf 85' lang='grc' dir='ltr'><strong><em>αυτοῦ.</em></strong></span> <span class='ocrx_word' id='word_1_183' title='bbox 1006 1923 1171 1992; x_wconf 85' lang='grc' dir='ltr'><strong><em>αυτὸς</em></strong></span> <span class='ocrx_word' id='word_1_184' title='bbox 1203 1923 1248 1982; x_wconf 88' lang='grc' dir='ltr'><strong><em>δ’</em></strong></span> <span class='ocrx_word' id='word_1_185' title='bbox 1278 1923 1349 1982; x_wconf 72' lang='grc' dir='ltr'><strong><em>ἂν</em></strong></span> <span class='ocrx_word' id='word_1_186' title='bbox 1374 1935 1457 1998; x_wconf 77' lang='grc' dir='ltr'><strong><em>εἴη</em></strong></span> <span class='ocrx_word' id='word_1_187' title='bbox 1489 1927 1580 1983; x_wconf 83' lang='grc' dir='ltr'><strong><em>καὶ</em></strong></span> <span class='ocrx_word' id='word_1_188' title='bbox 1610 1924 1742 1993; x_wconf 89' lang='grc' dir='ltr'><strong><em>θεὸς</em></strong></span> 
     </span>
     <span class='ocr_line' id='line_1_23' title="bbox 130 2005 1742 2083; baseline 0 -17"><span class='ocrx_word' id='word_1_189' title='bbox 130 2008 318 2082; x_wconf 86' lang='grc' dir='ltr'><strong><em>κύριος</em></strong></span> <span class='ocrx_word' id='word_1_190' title='bbox 347 2005 376 2066; x_wconf 88' lang='lat'><strong><em>6</em></strong></span> <span class='ocrx_word' id='word_1_191' title='bbox 409 2009 748 2082; x_wconf 66' lang='grc' dir='ltr'><strong><em>ἐπιφανεὶς’</em></strong></span> <span class='ocrx_word' id='word_1_192' title='bbox 721 2024 868 2082; x_wconf 85' lang='grc' dir='ltr'><strong><em>ημῖν.</em></strong></span> <span class='ocrx_word' id='word_1_193' title='bbox 904 2012 964 2067; x_wconf 87' lang='grc' dir='ltr'><strong><em>ἐν</em></strong></span> <span class='ocrx_word' id='word_1_194' title='bbox 986 2007 1214 2083; x_wconf 79' lang='grc' dir='ltr'><strong><em>ὀνόματι</em></strong></span> <span class='ocrx_word' id='word_1_195' title='bbox 1237 2015 1376 2082; x_wconf 79' lang='grc' dir='ltr'><strong><em>γοῦν</em></strong></span> <span class='ocrx_word' id='word_1_196' title='bbox 1406 2016 1503 2067; x_wconf 82' lang='grc' dir='ltr'><strong><em>τοῦ</em></strong></span> <span class='ocrx_word' id='word_1_197' title='bbox 1538 2009 1742 2083; x_wconf 88' lang='grc' dir='ltr'><strong><em>πατρὸς</em></strong></span> 
     </span>
     <span class='ocr_line' id='line_1_24' title="bbox 132 2089 1742 2167; baseline 0.001 -18"><span class='ocrx_word' id='word_1_198' title='bbox 132 2089 305 2150; x_wconf 81' lang='grc' dir='ltr'><strong><em>αὑτοῦ</em></strong></span> <span class='ocrx_word' id='word_1_199' title='bbox 347 2095 607 2166; x_wconf 80' lang='grc' dir='ltr'><strong><em>ὁμολόγει</em></strong></span> <span class='ocrx_word' id='word_1_200' title='bbox 646 2097 980 2166; x_wconf 85' lang='grc' dir='ltr'><strong><em>ἐληλυθέναι</em></strong></span> <span class='ocrx_word' id='word_1_201' title='bbox 1029 2098 1208 2167; x_wconf 80' lang='grc' dir='ltr'><strong><em>λέγων</em></strong></span> <span class='ocrx_word' id='word_1_202' title='bbox 1256 2094 1391 2167; x_wconf 87' lang='grc' dir='ltr'><strong><em>πρὸς</em></strong></span> <span class='ocrx_word' id='word_1_203' title='bbox 1441 2119 1569 2161; x_wconf 89' lang='grc' dir='ltr'><strong><em>τους</em></strong></span> <span class='ocrx_word' id='word_1_204' title='bbox 1611 2091 1742 2152; x_wconf 89' lang='grc' dir='ltr'><strong><em>Ἰου-</em></strong></span> 
     </span>
     <span class='ocr_line' id='line_1_25' title="bbox 135 2173 1742 2255; baseline 0.001 -21"><span class='ocrx_word' id='word_1_205' title='bbox 135 2182 324 2243; x_wconf 87' lang='grc' dir='ltr'><strong><em>δαίους</em></strong></span> <span class='ocrx_word' id='word_1_206' title='bbox 375 2173 406 2197; x_wconf 79' lang='lat'><em>“</em></span> <span class='ocrx_word' id='word_1_207' title='bbox 425 2178 532 2250; x_wconf 75' lang='grc' dir='ltr'><strong><em>ἐγώ</em></strong></span> <span class='ocrx_word' id='word_1_208' title='bbox 590 2177 837 2251; x_wconf 84' lang='grc' dir='ltr'><strong><em>ἐλήλυθα</em></strong></span> <span class='ocrx_word' id='word_1_209' title='bbox 893 2182 954 2237; x_wconf 90' lang='grc' dir='ltr'><strong><em>ἐν</em></strong></span> <span class='ocrx_word' id='word_1_210' title='bbox 996 2184 1072 2255; x_wconf 77' lang='grc' dir='ltr'><strong><em>τῷ</em></strong></span> <span class='ocrx_word' id='word_1_211' title='bbox 1118 2175 1346 2252; x_wconf 82' lang='grc' dir='ltr'><strong><em>ὀνόματι</em></strong></span> <span class='ocrx_word' id='word_1_212' title='bbox 1389 2184 1487 2236; x_wconf 85' lang='grc' dir='ltr'><strong><em>τοῦ</em></strong></span> <span class='ocrx_word' id='word_1_213' title='bbox 1537 2177 1742 2250; x_wconf 88' lang='grc' dir='ltr'><strong><em>πατρός</em></strong></span> 
     </span>
     <span class='ocr_line' id='line_1_26' title="bbox 67 2261 1743 2338; baseline 0.002 -23"><span class='ocrx_word' id='word_1_214' title='bbox 67 2283 109 2315; x_wconf 83' lang='lat'><strong><em>25</em></strong></span> <span class='ocrx_word' id='word_1_215' title='bbox 132 2286 268 2334; x_wconf 89' lang='grc' dir='ltr'><strong><em>μου,</em></strong></span> <span class='ocrx_word' id='word_1_216' title='bbox 310 2263 401 2319; x_wconf 91' lang='grc' dir='ltr'><strong><em>καὶ</em></strong></span> <span class='ocrx_word' id='word_1_217' title='bbox 441 2286 507 2320; x_wconf 95' lang='grc' dir='ltr'><strong><em>ου</em></strong></span> <span class='ocrx_word' id='word_1_218' title='bbox 549 2262 858 2335; x_wconf 82' lang='grc' dir='ltr'><strong><em>λαμβανετέ</em></strong></span> <span class='ocrx_word' id='word_1_219' title='bbox 892 2280 983 2336; x_wconf 86' lang='grc' dir='ltr'><strong><em>με·</em></strong></span> <span class='ocrx_word' id='word_1_220' title='bbox 1040 2261 1202 2330; x_wconf 71' lang='grc' dir='ltr'><strong><em>ἄλλος</em></strong></span> <span class='ocrx_word' id='word_1_221' title='bbox 1243 2262 1340 2321; x_wconf 77' lang='grc' dir='ltr'><strong><em>ἐὰν</em></strong></span> <span class='ocrx_word' id='word_1_222' title='bbox 1379 2270 1519 2336; x_wconf 78' lang='grc' dir='ltr'><strong><em>ἔλθῃ</em></strong></span> <span class='ocrx_word' id='word_1_223' title='bbox 1568 2266 1627 2320; x_wconf 92' lang='grc' dir='ltr'><strong><em>ἐν</em></strong></span> <span class='ocrx_word' id='word_1_224' title='bbox 1665 2265 1743 2338; x_wconf 74' lang='grc' dir='ltr'><strong><em>τῷ</em></strong></span> 
     </span>
     <span class='ocr_line' id='line_1_27' title="bbox 129 2343 1741 2422; baseline -0.001 -20"><span class='ocrx_word' id='word_1_225' title='bbox 129 2343 356 2419; x_wconf 85' lang='grc' dir='ltr'><strong><em>ὀνόματι</em></strong></span> <span class='ocrx_word' id='word_1_226' title='bbox 401 2352 476 2422; x_wconf 75' lang='grc' dir='ltr'><strong><em>τῷ</em></strong></span> <span class='ocrx_word' id='word_1_227' title='bbox 520 2353 681 2422; x_wconf 78' lang='grc' dir='ltr'><strong><em>ἰδίῳ,</em></strong></span> <span class='ocrx_word' id='word_1_228' title='bbox 735 2350 950 2404; x_wconf 85' lang='grc' dir='ltr'><strong><em>ἐκεῖνον</em></strong></span> <span class='ocrx_word' id='word_1_229' title='bbox 989 2345 1270 2419; x_wconf 60' lang='grc' dir='ltr'><strong><em>λήψεσθεῖ</em></strong></span> <span class='ocrx_word' id='word_1_230' title='bbox 1256 2343 1290 2367; x_wconf 85' lang='grc'><strong><em>”</em></strong></span> <span class='ocrx_word' id='word_1_231' title='bbox 1357 2352 1404 2403; x_wconf 84' lang='grc'><strong><em>6.</em></strong></span> <span class='ocrx_word' id='word_1_232' title='bbox 1452 2344 1618 2411; x_wconf 81' lang='grc' dir='ltr'><strong><em>αὐτὸς</em></strong></span> <span class='ocrx_word' id='word_1_233' title='bbox 1672 2343 1741 2416; x_wconf 84' lang='grc' dir='ltr'><strong><em>δὴ</em></strong></span> 
     </span>
     <span class='ocr_line' id='line_1_28' title="bbox 131 2422 1743 2504; baseline 0.001 -19"><span class='ocrx_word' id='word_1_234' title='bbox 131 2453 235 2486; x_wconf 85' lang='grc' dir='ltr'><strong><em>ουν</em></strong></span> <span class='ocrx_word' id='word_1_235' title='bbox 263 2422 422 2496; x_wconf 81' lang='grc' dir='ltr'><strong><em>οὗτος</em></strong></span> <span class='ocrx_word' id='word_1_236' title='bbox 452 2429 481 2486; x_wconf 91' lang='lat'><strong><em>6</em></strong></span> <span class='ocrx_word' id='word_1_237' title='bbox 512 2433 799 2503; x_wconf 88' lang='grc' dir='ltr'><strong><em>ἐπιφανεὶς</em></strong></span> <span class='ocrx_word' id='word_1_238' title='bbox 838 2427 973 2503; x_wconf 79' lang='grc' dir='ltr'><strong><em>ἡμῖν</em></strong></span> <span class='ocrx_word' id='word_1_239' title='bbox 1011 2430 1142 2497; x_wconf 87' lang='grc' dir='ltr'><strong><em>θεὸς</em></strong></span> <span class='ocrx_word' id='word_1_240' title='bbox 1185 2429 1400 2504; x_wconf 81' lang='grc' dir='ltr'><strong><em>κύριος,</em></strong></span> <span class='ocrx_word' id='word_1_241' title='bbox 1447 2428 1476 2486; x_wconf 90' lang='lat'><strong><em>6</em></strong></span> <span class='ocrx_word' id='word_1_242' title='bbox 1509 2428 1743 2502; x_wconf 81' lang='grc' dir='ltr'><strong><em>εὐλογη-</em></strong></span> 
     </span>
     <span class='ocr_line' id='line_1_29' title="bbox 131 2506 1738 2586; baseline 0.001 -18"><span class='ocrx_word' id='word_1_243' title='bbox 131 2514 322 2584; x_wconf 86' lang='grc' dir='ltr'><strong><em>μένος,</em></strong></span> <span class='ocrx_word' id='word_1_244' title='bbox 367 2511 396 2569; x_wconf 91' lang='lat'><strong><em>6</em></strong></span> <span class='ocrx_word' id='word_1_245' title='bbox 429 2512 614 2571; x_wconf 71' lang='grc' dir='ltr'><strong><em>ἐλθών</em></strong></span> <span class='ocrx_word' id='word_1_246' title='bbox 654 2518 713 2570; x_wconf 83' lang='grc' dir='ltr'><strong><em>ἐν</em></strong></span> <span class='ocrx_word' id='word_1_247' title='bbox 742 2510 964 2585; x_wconf 85' lang='grc' dir='ltr'><strong><em>ὀνόματι</em></strong></span> <span class='ocrx_word' id='word_1_248' title='bbox 999 2520 1226 2586; x_wconf 89' lang='grc' dir='ltr'><strong><em>κυρίου,</em></strong></span> <span class='ocrx_word' id='word_1_249' title='bbox 1268 2511 1432 2580; x_wconf 87' lang='grc' dir='ltr'><strong><em>αυτὸς</em></strong></span> <span class='ocrx_word' id='word_1_250' title='bbox 1476 2506 1547 2585; x_wconf 80' lang='grc' dir='ltr'><strong><em>ἦν</em></strong></span> <span class='ocrx_word' id='word_1_251' title='bbox 1587 2512 1738 2570; x_wconf 86' lang='grc' dir='ltr'><strong><em>καὶὸ</em></strong></span> 
     </span>
     <span class='ocr_line' id='line_1_30' title="bbox 134 2594 1849 2671; baseline 0.003 -18"><span class='ocrx_word' id='word_1_252' title='bbox 134 2604 320 2668; x_wconf 88' lang='grc' dir='ltr'><strong><em>λίθος,</em></strong></span> <span class='ocrx_word' id='word_1_253' title='bbox 365 2594 434 2653; x_wconf 79' lang='grc' dir='ltr'><strong><em>ὃν</em></strong></span> <span class='ocrx_word' id='word_1_254' title='bbox 472 2596 890 2670; x_wconf 81' lang='grc' dir='ltr'><strong><em>ἀπεδοκίμασαν</em></strong></span> <span class='ocrx_word' id='word_1_255' title='bbox 933 2602 990 2654; x_wconf 78' lang='grc' dir='ltr'><strong><em>οἶ</em></strong></span> <span class='ocrx_word' id='word_1_256' title='bbox 1024 2596 1192 2654; x_wconf 77' lang='grc' dir='ltr'><strong><em>πάλαι</em></strong></span> <span class='ocrx_word' id='word_1_257' title='bbox 1231 2594 1503 2671; x_wconf 88' lang='grc' dir='ltr'><strong><em>πρότερον</em></strong></span> <span class='ocrx_word' id='word_1_258' title='bbox 1541 2597 1638 2655; x_wconf 89' lang='grc' dir='ltr'><strong><em>τὸν</em></strong></span> <span class='ocrx_word' id='word_1_259' title='bbox 1679 2604 1739 2656; x_wconf 88' lang='grc' dir='ltr'><strong><em>ἐκ</em></strong></span> <span class='ocrx_word' id='word_1_260' title='bbox 1760 2615 1849 2658; x_wconf 85' lang='grc'><strong>(460)</strong></span> 
     </span>
     <span class='ocr_line' id='line_1_31' title="bbox 69 2679 1739 2754; baseline 0.003 -19"><span class='ocrx_word' id='word_1_261' title='bbox 69 2702 112 2735; x_wconf 82' lang='lat'><strong><em>30</em></strong></span> <span class='ocrx_word' id='word_1_262' title='bbox 134 2684 427 2753; x_wconf 84' lang='grc' dir='ltr'><strong><em>περιτομῆς</em></strong></span> <span class='ocrx_word' id='word_1_263' title='bbox 457 2679 593 2738; x_wconf 78' lang='grc' dir='ltr'><strong><em>λαὸν</em></strong></span> <span class='ocrx_word' id='word_1_264' title='bbox 625 2681 717 2738; x_wconf 81' lang='grc' dir='ltr'><strong><em>διὰ</em></strong></span> <span class='ocrx_word' id='word_1_265' title='bbox 745 2686 840 2754; x_wconf 86' lang='grc' dir='ltr'><strong><em>τῆς</em></strong></span> <span class='ocrx_word' id='word_1_266' title='bbox 865 2687 1172 2754; x_wconf 74' lang='grc' dir='ltr'><strong><em>Μωσαϊκῆς</em></strong></span> <span class='ocrx_word' id='word_1_267' title='bbox 1205 2687 1565 2748; x_wconf 80' lang='grc' dir='ltr'><strong><em>διδασκαλίας</em></strong></span> <span class='ocrx_word' id='word_1_268' title='bbox 1594 2689 1739 2741; x_wconf 48' lang='grc' dir='ltr'><strong><em>οἰκον</em></strong></span> 
     </span>
    </p>
   </div>
   <div class='ocr_carea' id='block_1_3' title="bbox 135 2784 470 2790">
    <p class='ocr_par' dir='ltr' id='par_1_3' title="bbox 135 2784 470 2790">
     <span class='ocr_line' id='line_1_32' title="bbox 135 2784 470 2790; baseline 0 0"><span class='ocrx_word' id='word_1_269' title='bbox 135 2784 470 2790; x_wconf 95' lang='lat' dir='ltr'><strong><em> </em></strong></span> 
     </span>
    </p>
   </div>
   <div class='ocr_carea' id='block_1_4' title="bbox 140 2819 1738 2927">
    <p class='ocr_par' dir='ltr' id='par_1_4' title="bbox 140 2819 1738 2927">
     <span class='ocr_line' id='line_1_33' title="bbox 246 2819 1738 2871; baseline 0.002 -13"><span class='ocrx_word' id='word_1_270' title='bbox 246 2820 273 2858; x_wconf 88' lang='grc'>4</span> <span class='ocrx_word' id='word_1_271' title='bbox 303 2819 464 2862; x_wconf 81' lang='lat' dir='ltr'><strong>Matth.</strong></span> <span class='ocrx_word' id='word_1_272' title='bbox 495 2821 566 2871; x_wconf 80' lang='lat'><strong><em>21,</em></strong></span> <span class='ocrx_word' id='word_1_273' title='bbox 598 2821 637 2862; x_wconf 86' lang='lat'><strong><em>9.</em></strong></span> <span class='ocrx_word' id='word_1_274' title='bbox 930 2821 979 2860; x_wconf 88' lang='grc'><strong><em>19</em></strong></span> <span class='ocrx_word' id='word_1_275' title='bbox 1010 2819 1225 2862; x_wconf 86' lang='lat' dir='ltr'><strong>Habbak.</strong></span> <span class='ocrx_word' id='word_1_276' title='bbox 1258 2821 1297 2869; x_wconf 73' lang='lat'><strong><em>⁶2,</em></strong></span> <span class='ocrx_word' id='word_1_277' title='bbox 1333 2823 1370 2860; x_wconf 88' lang='lat'><strong><em>3.</em></strong></span> <span class='ocrx_word' id='word_1_278' title='bbox 1432 2820 1551 2862; x_wconf 82' lang='lat' dir='ltr'>Heb.</span> <span class='ocrx_word' id='word_1_279' title='bbox 1578 2822 1642 2871; x_wconf 87' lang='grc'><strong><em>10,</em></strong></span> <span class='ocrx_word' id='word_1_280' title='bbox 1667 2823 1738 2861; x_wconf 83' lang='grc'><strong><em>37.</em></strong></span> 
     </span>
     <span class='ocr_line' id='line_1_34' title="bbox 140 2873 447 2927; baseline 0.01 -12"><span class='ocrx_word' id='word_1_281' title='bbox 140 2876 193 2915; x_wconf 78' lang='grc'><strong><em>24</em></strong></span> <span class='ocrx_word' id='word_1_282' title='bbox 223 2873 294 2914; x_wconf 85' lang='lat' dir='ltr'><strong><em>Jo.</em></strong></span> <span class='ocrx_word' id='word_1_283' title='bbox 317 2877 357 2927; x_wconf 87' lang='lat'><strong><em>5,</em></strong></span> <span class='ocrx_word' id='word_1_284' title='bbox 379 2875 447 2918; x_wconf 88' lang='lat'><strong><em>43.</em></strong></span> 
     </span>
    </p>
   </div>
  </div>
 </body>
</html>
