1992 3186
597 116 904 160 DEMONST.
936 117 1156 159 EVANG.
1189 118 1240 158 V.
1652 115 1754 167 311

148 231 376 310 θανάτῳ
417 230 734 290 κωλύεσθαι
774 233 1140 307 παραμένειν
1186 230 1214 288 6
1248 232 1311 288 δὲ
1355 230 1447 288 διὰ
1475 229 1537 288 τὸ
1567 233 1757 304 μένειν

147 315 318 374 αὐτὸν
357 314 718 390 ἀπαράβατον
768 323 878 389 ε”χει
923 310 1026 389 τὴν
1067 314 1395 389 ἱερωσύνην.
1479 314 1619 373 ὅθεν
1664 319 1756 372 καὶ

149 400 342 469 σώζειν
374 407 452 466 εἰς
481 398 541 458 τὸ
572 402 835 467 παντελὲς
869 399 1101 458 δύναται
1131 398 1259 467 τούς
1282 401 1757 473 προσερχομένους

151 482 226 541 δι’
260 483 432 542 αὐτοῦ
461 491 538 561 τῷ
569 490 717 562 θεῷ,
762 483 998 543 πάντοτε
1043 490 1150 554 ζῶν
1182 490 1259 550 εἰς
1297 483 1358 541 τὸ
1400 482 1758 557 ἐντυγχάνειν

105 567 287 643 εὑπὲρ
320 568 520 626 αὐτῶν.
583 572 825 636 τοιοῦτος
855 567 960 642 γάρ
993 569 1126 642 ἡμῖν
1167 571 1260 625 καὶ
1301 575 1541 641 ἔπρεπεν
1571 565 1758 641 ἀρχιε-

148 654 296 726 ρεὺς,
327 651 496 725 ὅσιος,
527 651 749 725 ἄκακος,
780 651 1061 726 ἀμίαντος,
1092 655 1493 726 κεχωρισμένος
1516 649 1623 709 άπὸ
1647 658 1758 710 τῶν

146 737 505 811 ἁμαρτωλῶν,
519 740 608 795 καὶ
632 737 972 810 ὑψηλότερος
995 743 1109 794 τῶν
1131 734 1389 808 οὐρανῶν
1412 733 1754 810 γενόμενος.”

147 826 230 879 23.
265 824 358 878 καὶ
399 825 636 894 ἐπιλέγει
668 820 1011 895 “κεφάλαιον
1053 822 1112 878 δὲ
1153 823 1240 877 ε’πὶ
1281 834 1397 888 τοῖς
1429 823 1758 894 εἰρημένοις,

147 912 397 962 τοιοῦτον
428 911 623 979 ε”χομεν
652 904 936 979 ἀρχιερέα,
982 902 1042 971 ὃς
1075 905 1340 962 ἐκάθισεν
1388 908 1446 962 ἐν
1480 909 1632 981 δεξιᾷ
1662 911 1758 978 τῆς

85 1013 125 1044 10
146 989 543 1063 μεγαλωσύνης
575 994 636 1047 ἐν
664 988 918 1062 ὑψηλοῖς,
948 995 1061 1047 τῶν
1089 988 1266 1061 ἁγίων
1290 989 1632 1063 λειτουργὸς,
1666 992 1758 1046 καὶ

146 1079 241 1145 τῆς
282 1079 488 1146 σκηνῆς
530 1080 626 1147 τῆς
665 1073 966 1146 ἀληθινῆς,
1009 1070 1079 1146 ἣν
1110 1077 1311 1145 ἔπηξεν
1341 1072 1368 1130 6
1402 1073 1618 1147 κύριος,
1666 1076 1759 1130 καὶ

147 1157 250 1214 οὐκ
280 1156 631 1229 ἅνθρωπος.”
696 1164 868 1215 ταῦτα
913 1159 1015 1231 μὲν
1054 1157 1082 1214 ὁ
1124 1155 1442 1224 ἀπόστολος.
1516 1161 1601 1214 24.
1636 1156 1663 1213 6
1698 1159 1759 1214 δὲ

72 1277 84 1280 ε
155 1242 380 1315 Ψαλμός
409 1241 626 1315 ὑποβὰς
664 1245 756 1299 καὶ
797 1242 857 1300 τὸ
899 1241 1079 1308 πάθος
1112 1243 1630 1315 ἐπικεκαλυμμένως
1660 1247 1758 1299 τοῦ

148 1330 636 1399 προφητευομένου
679 1333 843 1399 δηλοῖ
880 1330 1059 1399 λέγων
1081 1325 1181 1384 “gu
1221 1326 1519 1400 χειμάρρου
1552 1329 1611 1382 ἐν
1641 1325 1756 1403 ὁδῶ

86 1431 127 1463 15
151 1415 360 1482 πίεται,
412 1408 503 1466 διὰ
531 1414 691 1467 τοῦτο
720 1409 934 1479 ὑψώσει
964 1408 1268 1484 κεφαλήν.”
1338 1415 1424 1467 25.
1457 1416 1758 1484 χείμαρρον

153 1494 213 1550 δὲ
242 1492 339 1550 τὸν
369 1492 562 1566 καιρὸν
591 1500 704 1551 τῶν
734 1498 1055 1568 πειρασμῶν
1085 1499 1177 1551 καὶ
1206 1493 1370 1560 ἄλλος
1413 1501 1574 1566 δηλοῖ
1605 1504 1756 1553 Ψαλ-

148 1578 245 1650 μός
285 1580 463 1649 λέγων
494 1575 832 1651 “χείμαρρον
872 1582 1107 1650 διῆλθεν
1151 1577 1184 1679 ῆ
1228 1576 1376 1651 ψυχὴ
1415 1575 1601 1650 ἡμῶν,
1650 1576 1756 1652 ἄρα

152 1666 385 1734 διῆλθεν
415 1664 448 1734 ἡ
481 1662 629 1735 ψυχὴ
669 1661 827 1735 ἡμῶν
855 1661 916 1719 τὸ
946 1659 1101 1735 υδωρ
1132 1662 1192 1719 τὸ
1232 1661 1632 1719 ἀνυπόστατον.
1696 1666 1757 1719 ἐν

148 1749 226 1802 τῶ
255 1744 531 1847 χειμάρρω
569 1753 764 1803 τοίνυν
793 1752 1007 1818 πίεται,
1050 1746 1317 1818 φησὶ,τό
1360 1745 1624 1820 ποτήριον
1658 1751 1759 1818 δη-

86 1851 128 1883 20
151 1828 350 1901 λονότι,
382 1827 414 1886 ὃ
443 1827 690 1904 ᾐνίττετο
722 1829 857 1903 πρὸς
887 1835 962 1906 τῷ
988 1836 1160 1906 καιρῷ
1191 1834 1288 1887 τοῦ
1312 1831 1549 1902 πάθους,
1582 1832 1760 1902 λέγων

140 1910 377 1986 “πάτερ,
421 1920 473 1970 ει
511 1913 780 1986 δυνατὸν,
821 1919 1145 1987 παρελθέτω
1195 1914 1253 1971 τὸ
1297 1914 1559 1988 ποτήριον
1598 1917 1759 1972 τοῦτο

151 1994 247 2053 ἀπ’
284 2000 430 2069 ἐμοῦ.
437 1996 466 2017 ”
529 2003 614 2056 26.
648 2002 740 2056 καὶ
772 1995 992 2056 πάλιν“
1004 2005 1054 2056 ει’
1081 1998 1155 2072 μὴ
1181 1997 1422 2056 δυνατόν
1447 2003 1595 2056 ἐστιν
1626 1997 1759 2055 αὐτὸ

151 2089 485 2154 παρελθειν,
531 2082 627 2140 ἐὰν
665 2082 739 2156 μὴ
773 2080 905 2139 αὐτὸ
937 2089 1045 2139 πίω
1067 2127 1081 2155 ,
1125 2082 1417 2156 γενηθήτω
1452 2082 1512 2139 τὸ
1542 2082 1760 2156 θέλημά

152 2184 268 2222 σου.
373 2171 535 2223 τοῦτο
578 2167 646 2238 δὴ
686 2169 789 2224 οὐν
821 2166 1026 2224 έκπιῶν
1065 2165 1124 2223 τὸ
1155 2166 1419 2239 ποτήριον
1449 2165 1642 2235 ὕψωσε
1673 2190 1759 2224 κε-

87 2272 130 2304 25
152 2247 363 2321 φαλὴν,
410 2253 500 2307 καὶ
541 2275 678 2308 κατα
715 2249 812 2308 τὸν
852 2250 1194 2308 ἀπόστολον
1198 2251 1340 2308 ἐπεὶ
1380 2276 1484 2325 γαρ
1529 2254 1760 2324 γέγονεν

149 2329 391 2404 ὑπήκοος
420 2338 495 2410 τῷ
527 2337 693 2408 πατρὶ
722 2338 880 2408 μέχρι
909 2334 1188 2407 θανάτου,
1220 2334 1471 2393 θανάτου
1504 2337 1564 2392 δὲ
1595 2354 1759 2391 σταυ-

1782 676 1804 707 b

154 2419 284 2487 ροῦ,
326 2415 417 2474 διὰ
454 2421 614 2476 τοῦτο
628 2464 643 2490 ,
684 2421 886 2492 φησὶν,
926 2415 1302 2492 ὑπερύψωσεν
1346 2417 1516 2475 αὐτὸν
1546 2418 1574 2474 ὁ
1605 2417 1757 2490 θεὸς,
1782 2444 1805 2475 d

156 2501 368 2571 ἐγείρας
414 2501 585 2559 αὐτὸν
634 2506 694 2560 ἐκ
743 2507 855 2560 τῶν
895 2506 1112 2575 νεκρῶν
1157 2505 1250 2559 καὶ
1294 2509 1532 2567 καθίσας
1587 2499 1758 2558 αὐτὸν

156 2585 216 2638 ἐν
249 2587 399 2657 δεξιᾷ
427 2584 624 2658 αὐτοῦ,
664 2585 925 2660 ὑπεράνω
967 2585 1143 2658 πάσης
1174 2583 1341 2660 ἀρχῆς
1381 2587 1471 2642 καὶ
1510 2588 1758 2653 ἐξουσίας

271 2803 320 2841 17
352 2803 427 2844 Ps.
453 2805 548 2855 123,
569 2806 608 2846 4.
803 2809 854 2846 ‘21
886 2806 1051 2846 Matth.
1076 2807 1143 2857 26,
1166 2807 1236 2844 42.
1428 2808 1482 2847 25
1513 2806 1694 2858 P1111.2‚
1718 2809 1758 2847 8.

156 2856 271 2909 Eph.
298 2859 335 2908 1,
359 2859 427 2898 2ο.
