<?xml version="1.0" encoding="UTF-8"?>
<!DOCTYPE html PUBLIC "-//W3C//DTD XHTML 1.0 Transitional//EN"
    "http://www.w3.org/TR/xhtml1/DTD/xhtml1-transitional.dtd">
<html xmlns="http://www.w3.org/1999/xhtml" xml:lang="en" lang="en">
 <head>
  <title>
</title>
<meta http-equiv="Content-Type" content="text/html;charset=utf-8" />
  <meta name='ocr-system' content='tesseract 3.04.00' />
  <meta name='ocr-capabilities' content='ocr_page ocr_carea ocr_par ocr_line ocrx_word'/>
</head>
<body>
  <div class='ocr_page' id='page_1' title='image "./operaeusebius03euseuoft_0527.png"; bbox 0 0 1992 3186; ppageno 0'>
   <div class='ocr_carea' id='block_1_1' title="bbox 581 120 1760 173">
    <p class='ocr_par' dir='ltr' id='par_1_1' title="bbox 581 120 1760 173">
     <span class='ocr_line' id='line_1_1' title="bbox 581 120 1760 173; baseline 0.003 -10"><span class='ocrx_word' id='word_1_1' title='bbox 581 122 888 165; x_wconf 79' lang='lat' dir='ltr'><strong>DEMONST.</strong></span> <span class='ocrx_word' id='word_1_2' title='bbox 911 122 1132 166; x_wconf 82' lang='lat' dir='ltr'>EVANG.</span> <span class='ocrx_word' id='word_1_3' title='bbox 1153 123 1279 164; x_wconf 89' lang='lat' dir='ltr'><strong>VIII.</strong></span> <span class='ocrx_word' id='word_1_4' title='bbox 1316 124 1352 162; x_wconf 87' lang='lat'><em>1.</em></span> <span class='ocrx_word' id='word_1_5' title='bbox 1655 120 1760 173; x_wconf 77' lang='grc'><em>503</em></span> 
     </span>
    </p>
   </div>
   <div class='ocr_carea' id='block_1_2' title="bbox 6 235 1876 2911">
    <p class='ocr_par' dir='ltr' id='par_1_2' title="bbox 6 235 1876 2911">
     <span class='ocr_line' id='line_1_2' title="bbox 152 235 1810 309; baseline -0.002 -13"><span class='ocrx_word' id='word_1_6' title='bbox 152 244 405 297; x_wconf 91' lang='grc' dir='ltr'><em>τοιοῦτον</em></span> <span class='ocrx_word' id='word_1_7' title='bbox 447 238 506 294; x_wconf 92' lang='grc' dir='ltr'><em>δε</em></span> <span class='ocrx_word' id='word_1_8' title='bbox 537 235 706 295; x_wconf 82' lang='grc' dir='ltr'><em>αὐτὸν</em></span> <span class='ocrx_word' id='word_1_9' title='bbox 735 235 897 309; x_wconf 84' lang='grc' dir='ltr'><em>ὅντα,</em></span> <span class='ocrx_word' id='word_1_10' title='bbox 937 241 1148 309; x_wconf 72' lang='grc' dir='ltr'><em>μᾶλλον</em></span> <span class='ocrx_word' id='word_1_11' title='bbox 1195 237 1257 293; x_wconf 89' lang='grc' dir='ltr'><em>δε</em></span> <span class='ocrx_word' id='word_1_12' title='bbox 1286 238 1549 309; x_wconf 82' lang='grc' dir='ltr'><em>τοιαύτην</em></span> <span class='ocrx_word' id='word_1_13' title='bbox 1581 238 1761 294; x_wconf 75' lang='grc' dir='ltr'><em>οὖσαν</em></span> <span class='ocrx_word' id='word_1_14' title='bbox 1786 260 1810 292; x_wconf 74' lang='lat' dir='ltr'>d</span> 
     </span>
     <span class='ocr_line' id='line_1_3' title="bbox 152 318 1762 395; baseline -0.001 -16"><span class='ocrx_word' id='word_1_15' title='bbox 152 322 253 395; x_wconf 83' lang='grc' dir='ltr'><em>τὴν</em></span> <span class='ocrx_word' id='word_1_16' title='bbox 282 321 495 395; x_wconf 84' lang='grc' dir='ltr'><em>φυλὴν,</em></span> <span class='ocrx_word' id='word_1_17' title='bbox 539 327 648 393; x_wconf 89' lang='grc' dir='ltr'><em>τίς,</em></span> <span class='ocrx_word' id='word_1_18' title='bbox 690 323 889 394; x_wconf 84' lang='grc' dir='ltr'><em>φησὶν,</em></span> <span class='ocrx_word' id='word_1_19' title='bbox 930 318 1259 394; x_wconf 73' lang='grc' dir='ltr'><em>ἀναστήσεις</em></span> <span class='ocrx_word' id='word_1_20' title='bbox 1299 323 1472 394; x_wconf 86' lang='grc' dir='ltr'><em>μέγαν</em></span> <span class='ocrx_word' id='word_1_21' title='bbox 1516 320 1639 378; x_wconf 87' lang='grc' dir='ltr'><em>τινά</em></span> <span class='ocrx_word' id='word_1_22' title='bbox 1669 323 1762 377; x_wconf 86' lang='grc' dir='ltr'><em>καὶ</em></span> 
     </span>
     <span class='ocr_line' id='line_1_4' title="bbox 151 403 1763 479; baseline -0.002 -15"><span class='ocrx_word' id='word_1_23' title='bbox 151 404 479 479; x_wconf 82' lang='grc' dir='ltr'><em>θαυμαστὸν</em></span> <span class='ocrx_word' id='word_1_24' title='bbox 509 403 745 462; x_wconf 85' lang='grc' dir='ltr'><em>σπάνιόν</em></span> <span class='ocrx_word' id='word_1_25' title='bbox 775 428 831 461; x_wconf 93' lang='grc' dir='ltr'><em>τε</em></span> <span class='ocrx_word' id='word_1_26' title='bbox 866 406 957 462; x_wconf 83' lang='grc' dir='ltr'><em>καὶ</em></span> <span class='ocrx_word' id='word_1_27' title='bbox 991 403 1387 479; x_wconf 76' lang='grc' dir='ltr'><em>δυσθεώρητον</em></span> <span class='ocrx_word' id='word_1_28' title='bbox 1416 411 1642 463; x_wconf 83' lang='grc' dir='ltr'><em>ἔσεσθαι</em></span> <span class='ocrx_word' id='word_1_29' title='bbox 1666 403 1763 462; x_wconf 82' lang='grc' dir='ltr'><em>τὸν</em></span> 
     </span>
     <span class='ocr_line' id='line_1_5' title="bbox 151 487 1762 563; baseline 0 -16"><span class='ocrx_word' id='word_1_30' title='bbox 151 491 420 563; x_wconf 85' lang='grc' dir='ltr'><em>μέλλοντα</em></span> <span class='ocrx_word' id='word_1_31' title='bbox 470 488 803 562; x_wconf 77' lang='grc' dir='ltr'><em>ἀναστήσειν</em></span> <span class='ocrx_word' id='word_1_32' title='bbox 847 495 945 546; x_wconf 86' lang='grc' dir='ltr'><em>τοῦ</em></span> <span class='ocrx_word' id='word_1_33' title='bbox 997 487 1210 562; x_wconf 82' lang='grc' dir='ltr'><strong><em>θρόνου</em></strong></span> <span class='ocrx_word' id='word_1_34' title='bbox 1263 491 1355 545; x_wconf 81' lang='grc' dir='ltr'><em>καὶ</em></span> <span class='ocrx_word' id='word_1_35' title='bbox 1400 487 1762 562; x_wconf 81' lang='grc' dir='ltr'><em>μεταστήσειν</em></span> 
     </span>
     <span class='ocr_line' id='line_1_6' title="bbox 108 571 1761 648; baseline -0.001 -17"><span class='ocrx_word' id='word_1_36' title='bbox 108 598 129 630; x_wconf 86' lang='lat'>5</span> <span class='ocrx_word' id='word_1_37' title='bbox 151 578 248 631; x_wconf 91' lang='grc' dir='ltr'><em>τοῦ</em></span> <span class='ocrx_word' id='word_1_38' title='bbox 280 573 510 648; x_wconf 78' lang='grc' dir='ltr'><em>ἀρχικοῦ</em></span> <span class='ocrx_word' id='word_1_39' title='bbox 542 571 842 647; x_wconf 84' lang='grc' dir='ltr'><em>ἀξιώματος</em></span> <span class='ocrx_word' id='word_1_40' title='bbox 873 571 973 646; x_wconf 81' lang='grc' dir='ltr'><em>τὴν</em></span> <span class='ocrx_word' id='word_1_41' title='bbox 1007 578 1362 646; x_wconf 83' lang='grc' dir='ltr'><em>δηλωθεῖσαν</em></span> <span class='ocrx_word' id='word_1_42' title='bbox 1398 572 1586 645; x_wconf 84' lang='grc' dir='ltr'><em>φυλὴν</em></span> <span class='ocrx_word' id='word_1_43' title='bbox 1617 579 1761 630; x_wconf 82' lang='grc' dir='ltr'><em>αἰνι-</em></span> 
     </span>
     <span class='ocr_line' id='line_1_7' title="bbox 150 648 1761 731; baseline -0.001 -17"><span class='ocrx_word' id='word_1_44' title='bbox 150 657 394 731; x_wconf 82' lang='grc' dir='ltr'><em>ξάμενος.</em></span> <span class='ocrx_word' id='word_1_45' title='bbox 469 662 553 715; x_wconf 77' lang='lat'><em>42.</em></span> <span class='ocrx_word' id='word_1_46' title='bbox 597 663 677 724; x_wconf 93' lang='grc' dir='ltr'><em>τίς</em></span> <span class='ocrx_word' id='word_1_47' title='bbox 721 659 782 714; x_wconf 88' lang='grc' dir='ltr'><em>ὁε</em></span> <span class='ocrx_word' id='word_1_48' title='bbox 829 655 935 730; x_wconf 79' lang='grc' dir='ltr'><em>ἄρα</em></span> <span class='ocrx_word' id='word_1_49' title='bbox 975 658 1133 723; x_wconf 80' lang='grc' dir='ltr'><em>οὗτος</em></span> <span class='ocrx_word' id='word_1_50' title='bbox 1172 648 1244 728; x_wconf 77' lang='grc' dir='ltr'><em>ἦν</em></span> <span class='ocrx_word' id='word_1_51' title='bbox 1285 659 1406 729; x_wconf 79' lang='grc' dir='ltr'><em>εξῆς</em></span> <span class='ocrx_word' id='word_1_52' title='bbox 1451 655 1592 730; x_wconf 82' lang='grc' dir='ltr'><em>ἡμας</em></span> <span class='ocrx_word' id='word_1_53' title='bbox 1640 660 1761 729; x_wconf 85' lang='grc' dir='ltr'><em>ἐφί-</em></span> 
     </span>
     <span class='ocr_line' id='line_1_8' title="bbox 150 738 1762 815; baseline -0.001 -16"><span class='ocrx_word' id='word_1_54' title='bbox 150 761 338 815; x_wconf 93' lang='grc' dir='ltr'><em>στησι,</em></span> <span class='ocrx_word' id='word_1_55' title='bbox 369 743 566 799; x_wconf 88' lang='grc' dir='ltr'><em>τοῦτον</em></span> <span class='ocrx_word' id='word_1_56' title='bbox 598 742 740 799; x_wconf 81' lang='grc' dir='ltr'><em>εἶναι</em></span> <span class='ocrx_word' id='word_1_57' title='bbox 774 739 1055 798; x_wconf 87' lang='grc' dir='ltr'><em>διδάσκων</em></span> <span class='ocrx_word' id='word_1_58' title='bbox 1085 738 1181 797; x_wconf 85' lang='grc' dir='ltr'><em>τὸν</em></span> <span class='ocrx_word' id='word_1_59' title='bbox 1219 742 1488 813; x_wconf 88' lang='grc' dir='ltr'><em>μέλλοντα</em></span> <span class='ocrx_word' id='word_1_60' title='bbox 1518 746 1762 814; x_wconf 92' lang='grc' dir='ltr'><em>προσδο-</em></span> 
     </span>
     <span class='ocr_line' id='line_1_9' title="bbox 150 821 1759 898; baseline -0.001 -15"><span class='ocrx_word' id='word_1_61' title='bbox 150 832 278 883; x_wconf 89' lang='grc' dir='ltr'><em>κίαν</em></span> <span class='ocrx_word' id='word_1_62' title='bbox 310 832 537 883; x_wconf 85' lang='grc' dir='ltr'><em>ἔσεσθαι</em></span> <span class='ocrx_word' id='word_1_63' title='bbox 559 829 671 883; x_wconf 76' lang='grc' dir='ltr'><em>τῶν</em></span> <span class='ocrx_word' id='word_1_64' title='bbox 697 829 901 897; x_wconf 79' lang='grc' dir='ltr'><em>ἐθνῶν,</em></span> <span class='ocrx_word' id='word_1_65' title='bbox 933 821 991 891; x_wconf 79' lang='grc' dir='ltr'><em>ὃς</em></span> <span class='ocrx_word' id='word_1_66' title='bbox 1015 822 1081 881; x_wconf 88' lang='lat'><em>06</em></span> <span class='ocrx_word' id='word_1_67' title='bbox 1105 823 1374 897; x_wconf 88' lang='grc' dir='ltr'><em>πρότερον</em></span> <span class='ocrx_word' id='word_1_68' title='bbox 1403 824 1759 898; x_wconf 78' lang='grc' dir='ltr'><em>φανήσεσθαι</em></span> 
     </span>
     <span class='ocr_line' id='line_1_10' title="bbox 153 906 1761 982; baseline 0 -16"><span class='ocrx_word' id='word_1_69' title='bbox 153 913 211 966; x_wconf 84' lang='grc' dir='ltr'><em>ἐν</em></span> <span class='ocrx_word' id='word_1_70' title='bbox 242 908 562 982; x_wconf 88' lang='grc' dir='ltr'><em>ἀνθρώποις</em></span> <span class='ocrx_word' id='word_1_71' title='bbox 594 907 626 982; x_wconf 81' lang='grc' dir='ltr'><em>ἢ</em></span> <span class='ocrx_word' id='word_1_72' title='bbox 652 912 927 966; x_wconf 80' lang='grc' dir='ltr'><em>ἐκλείπειν</em></span> <span class='ocrx_word' id='word_1_73' title='bbox 958 910 1049 964; x_wconf 88' lang='grc' dir='ltr'><em>καὶ</em></span> <span class='ocrx_word' id='word_1_74' title='bbox 1079 906 1315 981; x_wconf 89' lang='grc' dir='ltr'><em>άρχοντα</em></span> <span class='ocrx_word' id='word_1_75' title='bbox 1337 911 1428 965; x_wconf 89' lang='grc' dir='ltr'><em>καὶ</em></span> <span class='ocrx_word' id='word_1_76' title='bbox 1450 907 1761 982; x_wconf 79' lang='grc' dir='ltr'><em>ἡγούμενον</em></span> 
     </span>
     <span class='ocr_line' id='line_1_11' title="bbox 86 989 1761 1094; baseline 0.001 -45"><span class='ocrx_word' id='word_1_77' title='bbox 86 1019 127 1050; x_wconf 83' lang='lat'><em>10</em></span> <span class='ocrx_word' id='word_1_78' title='bbox 149 992 697 1067; x_wconf 86' lang='grc' dir='ltr'><em>μετασταθήσεσθαι,</em></span> <span class='ocrx_word' id='word_1_79' title='bbox 723 995 815 1050; x_wconf 88' lang='grc' dir='ltr'><em>καὶ</em></span> <span class='ocrx_word' id='word_1_80' title='bbox 839 989 1331 1065; x_wconf 62' lang='grc' dir='ltr'><em>(ἐπαναστήσεσθαι</em></span> <span class='ocrx_word' id='word_1_81' title='bbox 1354 996 1448 1065; x_wconf 84' lang='grc' dir='ltr'><em>τῆς</em></span> <span class='ocrx_word' id='word_1_82' title='bbox 1457 990 1639 1094; x_wconf 84' lang='grc' dir='ltr'><em>ἀρχῆς</em></span> <span class='ocrx_word' id='word_1_83' title='bbox 1661 991 1761 1064; x_wconf 79' lang='grc' dir='ltr'><em>τὴν</em></span> 
     </span>
     <span class='ocr_line' id='line_1_12' title="bbox 147 1069 1761 1151; baseline -0.002 -16"><span class='ocrx_word' id='word_1_84' title='bbox 147 1083 244 1135; x_wconf 92' lang='grc' dir='ltr'><em>τοῦ</em></span> <span class='ocrx_word' id='word_1_85' title='bbox 280 1075 457 1135; x_wconf 81' lang='grc' dir='ltr'><em>Ἰούδα</em></span> <span class='ocrx_word' id='word_1_86' title='bbox 487 1075 675 1149; x_wconf 85' lang='grc' dir='ltr'><em>φυλὴν</em></span> <span class='ocrx_word' id='word_1_87' title='bbox 704 1076 1124 1151; x_wconf 87' lang='grc' dir='ltr'><em>προφητεύεται.</em></span> <span class='ocrx_word' id='word_1_88' title='bbox 1185 1081 1268 1133; x_wconf 86' lang='lat'><em>43.</em></span> <span class='ocrx_word' id='word_1_89' title='bbox 1301 1084 1382 1144; x_wconf 90' lang='grc' dir='ltr'><em>τίς</em></span> <span class='ocrx_word' id='word_1_90' title='bbox 1418 1074 1469 1133; x_wconf 85' lang='grc' dir='ltr'><em>δ’</em></span> <span class='ocrx_word' id='word_1_91' title='bbox 1503 1077 1660 1143; x_wconf 76' lang='grc' dir='ltr'><em>οὗτος</em></span> <span class='ocrx_word' id='word_1_92' title='bbox 1691 1069 1761 1148; x_wconf 76' lang='grc' dir='ltr'><em>ἦν</em></span> 
     </span>
     <span class='ocr_line' id='line_1_13' title="bbox 151 1152 1876 1235; baseline -0.001 -17"><span class='ocrx_word' id='word_1_93' title='bbox 151 1157 182 1233; x_wconf 79' lang='grc' dir='ltr'><em>ἢ</em></span> <span class='ocrx_word' id='word_1_94' title='bbox 223 1160 252 1230; x_wconf 95' lang='lat'><em>6</em></span> <span class='ocrx_word' id='word_1_95' title='bbox 294 1160 476 1235; x_wconf 83' lang='grc' dir='ltr'><em>σωτὴρ</em></span> <span class='ocrx_word' id='word_1_96' title='bbox 516 1164 607 1218; x_wconf 87' lang='grc' dir='ltr'><em>καὶ</em></span> <span class='ocrx_word' id='word_1_97' title='bbox 652 1161 842 1234; x_wconf 90' lang='grc' dir='ltr'><em>κύριος</em></span> <span class='ocrx_word' id='word_1_98' title='bbox 883 1159 1041 1233; x_wconf 79' lang='grc' dir='ltr'><em>ἡμῶν</em></span> <span class='ocrx_word' id='word_1_99' title='bbox 1065 1158 1271 1232; x_wconf 81' lang='grc' dir='ltr'><em>Ἰησοῦς</em></span> <span class='ocrx_word' id='word_1_100' title='bbox 1315 1157 1343 1217; x_wconf 95' lang='lat'><em>6</em></span> <span class='ocrx_word' id='word_1_101' title='bbox 1391 1159 1651 1233; x_wconf 86' lang='grc' dir='ltr'><em>Χριστός;</em></span> <span class='ocrx_word' id='word_1_102' title='bbox 1693 1152 1760 1217; x_wconf 87' lang='lat'><em>06</em></span> <span class='ocrx_word' id='word_1_103' title='bbox 1783 1185 1876 1226; x_wconf 63' lang='lat'><strong>(374)</strong></span> 
     </span>
     <span class='ocr_line' id='line_1_14' title="bbox 151 1243 1760 1320; baseline -0.001 -18"><span class='ocrx_word' id='word_1_104' title='bbox 151 1248 238 1302; x_wconf 84' lang='grc' dir='ltr'><em>ἐπὶ</em></span> <span class='ocrx_word' id='word_1_105' title='bbox 269 1251 364 1317; x_wconf 83' lang='grc' dir='ltr'><em>τῆς</em></span> <span class='ocrx_word' id='word_1_106' title='bbox 395 1249 681 1319; x_wconf 88' lang='grc' dir='ltr'><em>γενέσεως,</em></span> <span class='ocrx_word' id='word_1_107' title='bbox 714 1243 1037 1313; x_wconf 74' lang='grc' dir='ltr'><em>ἀκολούθως</em></span> <span class='ocrx_word' id='word_1_108' title='bbox 1068 1250 1132 1317; x_wconf 86' lang='grc' dir='ltr'><em>τῆ</em></span> <span class='ocrx_word' id='word_1_109' title='bbox 1165 1247 1498 1320; x_wconf 75' lang='grc' dir='ltr'><em>προκειμένῃ</em></span> <span class='ocrx_word' id='word_1_110' title='bbox 1524 1243 1760 1317; x_wconf 78' lang='grc' dir='ltr'><em>προρρή-</em></span> 
     </span>
     <span class='ocr_line' id='line_1_15' title="bbox 150 1327 1761 1402; baseline -0.001 -17"><span class='ocrx_word' id='word_1_111' title='bbox 150 1347 264 1401; x_wconf 81' lang='grc' dir='ltr'><em>σει,</em></span> <span class='ocrx_word' id='word_1_112' title='bbox 304 1331 552 1397; x_wconf 82' lang='grc' dir='ltr'><em>ἐξέλιπον</em></span> <span class='ocrx_word' id='word_1_113' title='bbox 593 1331 695 1402; x_wconf 74' lang='grc' dir='ltr'><em>μὲν</em></span> <span class='ocrx_word' id='word_1_114' title='bbox 734 1328 992 1402; x_wconf 75' lang='grc' dir='ltr'><em>ἄρχοντες</em></span> <span class='ocrx_word' id='word_1_115' title='bbox 1024 1333 1114 1386; x_wconf 88' lang='grc' dir='ltr'><em>καὶ</em></span> <span class='ocrx_word' id='word_1_116' title='bbox 1146 1328 1441 1402; x_wconf 81' lang='grc' dir='ltr'><em>ἡγούμενοι</em></span> <span class='ocrx_word' id='word_1_117' title='bbox 1489 1332 1541 1396; x_wconf 79' lang='grc' dir='ltr'><em>ἐξ</em></span> <span class='ocrx_word' id='word_1_118' title='bbox 1574 1327 1761 1385; x_wconf 81' lang='grc' dir='ltr'><em>αὐτῶν</em></span> 
     </span>
     <span class='ocr_line' id='line_1_16' title="bbox 85 1410 1764 1486; baseline 0.001 -19"><span class='ocrx_word' id='word_1_119' title='bbox 85 1436 126 1468; x_wconf 88' lang='lat'><em>15</em></span> <span class='ocrx_word' id='word_1_120' title='bbox 144 1410 427 1472; x_wconf 78' lang='grc' dir='ltr'><em>Ἰουδαίων</em></span> <span class='ocrx_word' id='word_1_121' title='bbox 460 1415 547 1470; x_wconf 83' lang='grc' dir='ltr'><em>ε’πὶ</em></span> <span class='ocrx_word' id='word_1_122' title='bbox 573 1412 632 1471; x_wconf 86' lang='grc' dir='ltr'>τὸ</span> <span class='ocrx_word' id='word_1_123' title='bbox 664 1420 830 1478; x_wconf 80' lang='grc' dir='ltr'><em>ἔθνος</em></span> <span class='ocrx_word' id='word_1_124' title='bbox 861 1411 1047 1470; x_wconf 73' lang='grc' dir='ltr'><em>αὐτῶν</em></span> <span class='ocrx_word' id='word_1_125' title='bbox 1071 1412 1486 1486; x_wconf 86' lang='grc' dir='ltr'><em>καθιστάμενοι,</em></span> <span class='ocrx_word' id='word_1_126' title='bbox 1517 1412 1549 1485; x_wconf 80' lang='grc' dir='ltr'>ἡ</span> <span class='ocrx_word' id='word_1_127' title='bbox 1579 1414 1640 1469; x_wconf 75' lang='grc' dir='ltr'><em>δὲ</em></span> <span class='ocrx_word' id='word_1_128' title='bbox 1663 1415 1764 1470; x_wconf 84' lang='grc' dir='ltr'><em>τοῦ</em></span> 
     </span>
     <span class='ocr_line' id='line_1_17' title="bbox 141 1494 1762 1579; baseline -0.002 -24"><span class='ocrx_word' id='word_1_129' title='bbox 141 1496 326 1555; x_wconf 87' lang='grc' dir='ltr'><em>Ἰούδα</em></span> <span class='ocrx_word' id='word_1_130' title='bbox 365 1496 514 1571; x_wconf 80' lang='grc' dir='ltr'><em>φυλὴ</em></span> <span class='ocrx_word' id='word_1_131' title='bbox 557 1495 707 1572; x_wconf 75' lang='grc' dir='ltr'><em>αὐτῷ</em></span> <span class='ocrx_word' id='word_1_132' title='bbox 750 1505 904 1554; x_wconf 80' lang='grc' dir='ltr'><em>ἔθνει</em></span> <span class='ocrx_word' id='word_1_133' title='bbox 949 1499 1115 1554; x_wconf 85' lang='grc' dir='ltr'><em>παντὶ</em></span> <span class='ocrx_word' id='word_1_134' title='bbox 1146 1503 1244 1553; x_wconf 89' lang='grc' dir='ltr'><em>τοῦ</em></span> <span class='ocrx_word' id='word_1_135' title='bbox 1290 1500 1342 1564; x_wconf 78' lang='grc' dir='ltr'><em>ἐξ</em></span> <span class='ocrx_word' id='word_1_136' title='bbox 1374 1502 1574 1562; x_wconf 79' lang='grc' dir='ltr'><em>αἰῶνος</em></span> <span class='ocrx_word' id='word_1_137' title='bbox 1604 1494 1762 1579; x_wconf 62' lang='grc' dir='ltr'><em>ἀρχι-</em></span> 
     </span>
     <span class='ocr_line' id='line_1_18' title="bbox 150 1579 1759 1654; baseline -0.001 -16"><span class='ocrx_word' id='word_1_138' title='bbox 150 1586 251 1639; x_wconf 91' lang='grc' dir='ltr'><em>κοῦ</em></span> <span class='ocrx_word' id='word_1_139' title='bbox 284 1584 374 1638; x_wconf 87' lang='grc' dir='ltr'><em>καὶ</em></span> <span class='ocrx_word' id='word_1_140' title='bbox 407 1584 703 1654; x_wconf 82' lang='grc' dir='ltr'><em>βασιλικοῦ</em></span> <span class='ocrx_word' id='word_1_141' title='bbox 721 1579 1022 1654; x_wconf 83' lang='grc' dir='ltr'><em>ἀξιώματος</em></span> <span class='ocrx_word' id='word_1_142' title='bbox 1053 1591 1478 1653; x_wconf 79' lang='grc' dir='ltr'><em>καθαιρεθεῖσα,</em></span> <span class='ocrx_word' id='word_1_143' title='bbox 1511 1595 1623 1646; x_wconf 79' lang='grc' dir='ltr'><em>τοῖς</em></span> <span class='ocrx_word' id='word_1_144' title='bbox 1650 1587 1759 1636; x_wconf 84' lang='grc' dir='ltr'><em>εἰσ-</em></span> 
     </span>
     <span class='ocr_line' id='line_1_19' title="bbox 151 1666 1760 1737; baseline -0.001 -15"><span class='ocrx_word' id='word_1_145' title='bbox 151 1668 227 1722; x_wconf 88' lang='grc' dir='ltr'><em>ε’τι</em></span> <span class='ocrx_word' id='word_1_146' title='bbox 258 1667 350 1722; x_wconf 83' lang='grc' dir='ltr'><em>καὶ</em></span> <span class='ocrx_word' id='word_1_147' title='bbox 381 1671 490 1722; x_wconf 92' lang='grc' dir='ltr'><em>νῦν</em></span> <span class='ocrx_word' id='word_1_148' title='bbox 519 1671 817 1737; x_wconf 84' lang='grc' dir='ltr'><em>κρατοῦσιν</em></span> <span class='ocrx_word' id='word_1_149' title='bbox 851 1668 902 1733; x_wconf 80' lang='grc' dir='ltr'><em>ἐξ</em></span> <span class='ocrx_word' id='word_1_150' title='bbox 937 1669 1152 1722; x_wconf 84' lang='grc' dir='ltr'><em>ἐκείνου</em></span> <span class='ocrx_word' id='word_1_151' title='bbox 1183 1666 1275 1721; x_wconf 86' lang='grc' dir='ltr'><em>καὶ</em></span> <span class='ocrx_word' id='word_1_152' title='bbox 1307 1670 1383 1731; x_wconf 87' lang='grc' dir='ltr'><em>εἰς</em></span> <span class='ocrx_word' id='word_1_153' title='bbox 1427 1667 1592 1736; x_wconf 87' lang='grc' dir='ltr'><em>δεῦρο</em></span> <span class='ocrx_word' id='word_1_154' title='bbox 1627 1669 1760 1720; x_wconf 91' lang='grc' dir='ltr'><em>δου-</em></span> 
     </span>
     <span class='ocr_line' id='line_1_20' title="bbox 6 1745 1758 1823; baseline -0.001 -18"><span class='ocrx_word' id='word_1_155' title='bbox 6 1814 9 1821; x_wconf 25' lang='grc' dir='ltr'>ι</span> <span class='ocrx_word' id='word_1_156' title='bbox 149 1748 300 1807; x_wconf 89' lang='grc' dir='ltr'><em>λεύει</em></span> <span class='ocrx_word' id='word_1_157' title='bbox 333 1748 641 1822; x_wconf 86' lang='grc' dir='ltr'><em>Ῥωμαίοις,</em></span> <span class='ocrx_word' id='word_1_158' title='bbox 680 1748 814 1823; x_wconf 87' lang='grc' dir='ltr'><em>μετά</em></span> <span class='ocrx_word' id='word_1_159' title='bbox 857 1753 970 1806; x_wconf 76' lang='grc' dir='ltr'><em>τῶν</em></span> <span class='ocrx_word' id='word_1_160' title='bbox 1012 1751 1221 1805; x_wconf 73' lang='grc' dir='ltr'><em>λοιπῶν</em></span> <span class='ocrx_word' id='word_1_161' title='bbox 1252 1750 1343 1804; x_wconf 86' lang='grc' dir='ltr'><em>καὶ</em></span> <span class='ocrx_word' id='word_1_162' title='bbox 1384 1746 1445 1805; x_wconf 84' lang='grc' dir='ltr'><em>τὸ</em></span> <span class='ocrx_word' id='word_1_163' title='bbox 1473 1745 1758 1805; x_wconf 86' lang='grc' dir='ltr'><em>Ἰουδαίων</em></span> 
     </span>
     <span class='ocr_line' id='line_1_21' title="bbox 8 1824 1757 1907; baseline -0.002 -16"><span class='ocrx_word' id='word_1_164' title='bbox 8 1881 10 1891; x_wconf 35' lang='lat'><em>1</em></span> <span class='ocrx_word' id='word_1_165' title='bbox 84 1855 127 1887; x_wconf 83' lang='lat'><em>20</em></span> <span class='ocrx_word' id='word_1_166' title='bbox 153 1839 316 1901; x_wconf 80' lang='grc' dir='ltr'><em>ἔθνος</em></span> <span class='ocrx_word' id='word_1_167' title='bbox 358 1836 809 1907; x_wconf 86' lang='grc' dir='ltr'><em>χειρωσαμένοις,</em></span> <span class='ocrx_word' id='word_1_168' title='bbox 861 1831 991 1906; x_wconf 84' lang='grc' dir='ltr'><em>παρ’</em></span> <span class='ocrx_word' id='word_1_169' title='bbox 1031 1824 1111 1889; x_wconf 69' lang='lat' dir='ltr'><em>cSv</em></span> <span class='ocrx_word' id='word_1_170' title='bbox 1147 1831 1424 1905; x_wconf 65' lang='grc' dir='ltr'><em>“Ηρώδης,</em></span> <span class='ocrx_word' id='word_1_171' title='bbox 1460 1835 1671 1905; x_wconf 73' lang='grc' dir='ltr'><em>πρῶτος</em></span> <span class='ocrx_word' id='word_1_172' title='bbox 1705 1835 1757 1899; x_wconf 83' lang='grc' dir='ltr'><em>ἐξ,</em></span> 
     </span>
     <span class='ocr_line' id='line_1_22' title="bbox 149 1914 1756 1991; baseline -0.001 -18"><span class='ocrx_word' id='word_1_173' title='bbox 149 1916 468 1991; x_wconf 81' lang='grc' dir='ltr'><em>ἀλλοφύλου</em></span> <span class='ocrx_word' id='word_1_174' title='bbox 499 1920 694 1990; x_wconf 82' lang='grc' dir='ltr'><em>γένους</em></span> <span class='ocrx_word' id='word_1_175' title='bbox 725 1915 994 1991; x_wconf 76' lang='grc' dir='ltr'><em>ὑπάρχων</em></span> <span class='ocrx_word' id='word_1_176' title='bbox 1021 1922 1174 1985; x_wconf 84' lang='grc' dir='ltr'><em>ἰδίως</em></span> <span class='ocrx_word' id='word_1_177' title='bbox 1197 1920 1294 1974; x_wconf 91' lang='grc' dir='ltr'><em>τοῦ</em></span> <span class='ocrx_word' id='word_1_178' title='bbox 1321 1922 1524 1981; x_wconf 85' lang='grc' dir='ltr'><em>ἔθνους</em></span> <span class='ocrx_word' id='word_1_179' title='bbox 1549 1914 1756 1986; x_wconf 78' lang='grc' dir='ltr'><em>αὐτῶν,</em></span> 
     </span>
     <span class='ocr_line' id='line_1_23' title="bbox 147 1998 1760 2074; baseline -0.001 -16"><span class='ocrx_word' id='word_1_180' title='bbox 147 1998 258 2058; x_wconf 82' lang='grc' dir='ltr'><em>ῦπό</em></span> <span class='ocrx_word' id='word_1_181' title='bbox 287 2025 345 2059; x_wconf 90' lang='grc' dir='ltr'><em>τε</em></span> <span class='ocrx_word' id='word_1_182' title='bbox 377 2000 711 2074; x_wconf 78' lang='grc' dir='ltr'><em>Αὐγούστου</em></span> <span class='ocrx_word' id='word_1_183' title='bbox 742 2004 834 2058; x_wconf 88' lang='grc' dir='ltr'><em>καὶ</em></span> <span class='ocrx_word' id='word_1_184' title='bbox 863 2005 958 2074; x_wconf 82' lang='grc' dir='ltr'><em>τῆς</em></span> <span class='ocrx_word' id='word_1_185' title='bbox 980 1999 1262 2073; x_wconf 87' lang='grc' dir='ltr'><em>Ῥωμαίων</em></span> <span class='ocrx_word' id='word_1_186' title='bbox 1286 1998 1598 2073; x_wconf 77' lang='grc' dir='ltr'><em>συγκλήτου</em></span> <span class='ocrx_word' id='word_1_187' title='bbox 1623 2006 1760 2071; x_wconf 85' lang='grc' dir='ltr'><em>βου-</em></span> 
     </span>
     <span class='ocr_line' id='line_1_24' title="bbox 150 2078 1804 2157; baseline -0.001 -16"><span class='ocrx_word' id='word_1_188' title='bbox 150 2089 248 2157; x_wconf 84' lang='grc' dir='ltr'><em>λῆς</em></span> <span class='ocrx_word' id='word_1_189' title='bbox 288 2085 546 2157; x_wconf 78' lang='grc' dir='ltr'><em>βασιλεὺς</em></span> <span class='ocrx_word' id='word_1_190' title='bbox 585 2083 986 2143; x_wconf 84' lang='grc' dir='ltr'><em>ἀναδέδεικται.</em></span> <span class='ocrx_word' id='word_1_191' title='bbox 1057 2089 1142 2142; x_wconf 83' lang='lat'><em>44.</em></span> <span class='ocrx_word' id='word_1_192' title='bbox 1175 2078 1244 2157; x_wconf 78' lang='grc' dir='ltr'><em>ἦν</em></span> <span class='ocrx_word' id='word_1_193' title='bbox 1274 2088 1414 2156; x_wconf 88' lang='grc' dir='ltr'><em>γοῦν</em></span> <span class='ocrx_word' id='word_1_194' title='bbox 1457 2083 1485 2140; x_wconf 91' lang='lat'><em>6</em></span> <span class='ocrx_word' id='word_1_195' title='bbox 1511 2080 1758 2155; x_wconf 77' lang='grc' dir='ltr'><em>Ἡρώδης</em></span> <span class='ocrx_word' id='word_1_196' title='bbox 1783 2109 1804 2140; x_wconf 90' lang='lat' dir='ltr'>b</span> 
     </span>
     <span class='ocr_line' id='line_1_25' title="bbox 140 2166 1758 2243; baseline -0.002 -16"><span class='ocrx_word' id='word_1_197' title='bbox 140 2167 506 2243; x_wconf 77' lang='grc' dir='ltr'><em>Ἀντιπάτρου</em></span> <span class='ocrx_word' id='word_1_198' title='bbox 536 2184 684 2241; x_wconf 87' lang='grc' dir='ltr'><em>παῖς,</em></span> <span class='ocrx_word' id='word_1_199' title='bbox 716 2168 744 2226; x_wconf 89' lang='lat'><em>6</em></span> <span class='ocrx_word' id='word_1_200' title='bbox 778 2171 837 2226; x_wconf 74' lang='grc' dir='ltr'><em>δὲ</em></span> <span class='ocrx_word' id='word_1_201' title='bbox 864 2166 1215 2238; x_wconf 89' lang='grc' dir='ltr'><em>Ἀντίπατρος</em></span> <span class='ocrx_word' id='word_1_202' title='bbox 1239 2167 1662 2240; x_wconf 87' lang='grc' dir='ltr'><em>Ἀσκαλωνίτης,</em></span> <span class='ocrx_word' id='word_1_203' title='bbox 1699 2173 1758 2223; x_wconf 81' lang='grc' dir='ltr'><em>ἔκ</em></span> 
     </span>
     <span class='ocr_line' id='line_1_26' title="bbox 85 2250 1759 2327; baseline 0.001 -20"><span class='ocrx_word' id='word_1_204' title='bbox 85 2274 128 2306; x_wconf 78' lang='lat'><em>25</em></span> <span class='ocrx_word' id='word_1_205' title='bbox 149 2278 295 2322; x_wconf 87' lang='grc' dir='ltr'><em>τινος</em></span> <span class='ocrx_word' id='word_1_206' title='bbox 324 2257 438 2311; x_wconf 78' lang='grc' dir='ltr'><em>τῶν</em></span> <span class='ocrx_word' id='word_1_207' title='bbox 466 2256 593 2327; x_wconf 82' lang='grc' dir='ltr'><em>περὶ</em></span> <span class='ocrx_word' id='word_1_208' title='bbox 623 2251 719 2310; x_wconf 85' lang='grc' dir='ltr'><em>τὸν</em></span> <span class='ocrx_word' id='word_1_209' title='bbox 749 2252 895 2311; x_wconf 77' lang='grc' dir='ltr'><em>νειὸν</em></span> <span class='ocrx_word' id='word_1_210' title='bbox 923 2255 1023 2310; x_wconf 85' lang='grc' dir='ltr'><em>τοῦ</em></span> <span class='ocrx_word' id='word_1_211' title='bbox 1044 2251 1390 2319; x_wconf 85' lang='grc' dir='ltr'><em>’Λπόλλωνος</em></span> <span class='ocrx_word' id='word_1_212' title='bbox 1422 2250 1759 2324; x_wconf 75' lang='grc' dir='ltr'><em>ἱεροδούλων</em></span> 
     </span>
     <span class='ocr_line' id='line_1_27' title="bbox 150 2334 1759 2411; baseline -0.002 -18"><span class='ocrx_word' id='word_1_213' title='bbox 150 2339 536 2410; x_wconf 88' lang='grc' dir='ltr'><em>καλουμένων,</em></span> <span class='ocrx_word' id='word_1_214' title='bbox 567 2335 626 2404; x_wconf 80' lang='grc' dir='ltr'><em>ὃς</em></span> <span class='ocrx_word' id='word_1_215' title='bbox 660 2337 727 2410; x_wconf 81' lang='grc' dir='ltr'><em>δὴ</em></span> <span class='ocrx_word' id='word_1_216' title='bbox 758 2343 1056 2411; x_wconf 86' lang='grc' dir='ltr'><em>Κυπρίνην</em></span> <span class='ocrx_word' id='word_1_217' title='bbox 1084 2334 1430 2409; x_wconf 88' lang='grc' dir='ltr'><em>ὀνόματι,τὸ</em></span> <span class='ocrx_word' id='word_1_218' title='bbox 1459 2339 1616 2406; x_wconf 88' lang='grc' dir='ltr'><em>γένος</em></span> <span class='ocrx_word' id='word_1_219' title='bbox 1647 2338 1759 2390; x_wconf 77' lang='grc' dir='ltr'><em>τῶν</em></span> 
     </span>
     <span class='ocr_line' id='line_1_28' title="bbox 154 2416 1758 2493; baseline -0.001 -18"><span class='ocrx_word' id='word_1_220' title='bbox 154 2422 206 2486; x_wconf 81' lang='grc' dir='ltr'><em>ἐξ</em></span> <span class='ocrx_word' id='word_1_221' title='bbox 241 2417 524 2493; x_wconf 79' lang='grc' dir='ltr'><em>Ἀραβίας,</em></span> <span class='ocrx_word' id='word_1_222' title='bbox 577 2435 817 2493; x_wconf 84' lang='grc' dir='ltr'><em>γυναῖκα</em></span> <span class='ocrx_word' id='word_1_223' title='bbox 869 2420 1004 2492; x_wconf 90' lang='grc' dir='ltr'><em>πρὸς</em></span> <span class='ocrx_word' id='word_1_224' title='bbox 1055 2419 1233 2492; x_wconf 88' lang='grc' dir='ltr'><em>γάμον</em></span> <span class='ocrx_word' id='word_1_225' title='bbox 1284 2417 1620 2491; x_wconf 88' lang='grc' dir='ltr'><em>ἀγαγόμενος</em></span> <span class='ocrx_word' id='word_1_226' title='bbox 1662 2416 1758 2474; x_wconf 87' lang='grc' dir='ltr'><em>τὸν</em></span> 
     </span>
     <span class='ocr_line' id='line_1_29' title="bbox 141 2501 1760 2575; baseline -0.001 -16.983"><span class='ocrx_word' id='word_1_227' title='bbox 141 2501 399 2575; x_wconf 86' lang='grc' dir='ltr'><em>Ηρώδην</em></span> <span class='ocrx_word' id='word_1_228' title='bbox 439 2518 688 2562; x_wconf 75' lang='grc' dir='ltr'><em>ποιεῖται.</em></span> <span class='ocrx_word' id='word_1_229' title='bbox 761 2510 845 2562; x_wconf 79' lang='lat'><em>45.</em></span> <span class='ocrx_word' id='word_1_230' title='bbox 880 2506 1038 2570; x_wconf 78' lang='grc' dir='ltr'><em>οὗτος</em></span> <span class='ocrx_word' id='word_1_231' title='bbox 1071 2503 1139 2574; x_wconf 85' lang='grc' dir='ltr'><em>δὴ</em></span> <span class='ocrx_word' id='word_1_232' title='bbox 1170 2503 1272 2559; x_wconf 85' lang='grc' dir='ltr'><em>οὐν</em></span> <span class='ocrx_word' id='word_1_233' title='bbox 1311 2525 1523 2573; x_wconf 89' lang='grc' dir='ltr'><em>πρωτος</em></span> <span class='ocrx_word' id='word_1_234' title='bbox 1557 2504 1615 2557; x_wconf 86' lang='grc' dir='ltr'><em>ἐκ</em></span> <span class='ocrx_word' id='word_1_235' title='bbox 1644 2524 1760 2557; x_wconf 91' lang='grc' dir='ltr'><em>τοι-</em></span> 
     </span>
     <span class='ocr_line' id='line_1_30' title="bbox 151 2583 1759 2661; baseline 0 -19"><span class='ocrx_word' id='word_1_236' title='bbox 151 2585 319 2643; x_wconf 87' lang='grc' dir='ltr'><em>ούτου</em></span> <span class='ocrx_word' id='word_1_237' title='bbox 349 2589 545 2658; x_wconf 82' lang='grc' dir='ltr'><em>γένους</em></span> <span class='ocrx_word' id='word_1_238' title='bbox 575 2585 888 2661; x_wconf 74' lang='grc' dir='ltr'><em>ὁρμώμενος</em></span> <span class='ocrx_word' id='word_1_239' title='bbox 922 2586 1018 2643; x_wconf 81' lang='grc' dir='ltr'><em>τὸν</em></span> <span class='ocrx_word' id='word_1_240' title='bbox 1051 2590 1109 2642; x_wconf 85' lang='grc' dir='ltr'><em>ἐκ</em></span> <span class='ocrx_word' id='word_1_241' title='bbox 1142 2589 1401 2659; x_wconf 83' lang='grc' dir='ltr'><em>διαδοχῆς</em></span> <span class='ocrx_word' id='word_1_242' title='bbox 1431 2591 1543 2641; x_wconf 79' lang='grc' dir='ltr'><em>τῶν</em></span> <span class='ocrx_word' id='word_1_243' title='bbox 1573 2583 1759 2658; x_wconf 88' lang='grc' dir='ltr'><em>ἀρχιε-</em></span> 
     </span>
     <span class='ocr_line' id='line_1_31' title="bbox 85 2666 1760 2744; baseline 0 -18"><span class='ocrx_word' id='word_1_244' title='bbox 85 2688 130 2721; x_wconf 79' lang='lat'><em>30</em></span> <span class='ocrx_word' id='word_1_245' title='bbox 153 2672 297 2742; x_wconf 90' lang='grc' dir='ltr'><em>ρέων</em></span> <span class='ocrx_word' id='word_1_246' title='bbox 335 2668 574 2728; x_wconf 87' lang='grc' dir='ltr'><em>ῦστατον</em></span> <span class='ocrx_word' id='word_1_247' title='bbox 614 2670 966 2744; x_wconf 83' lang='grc' dir='ltr'><em>ἡγησάμενον</em></span> <span class='ocrx_word' id='word_1_248' title='bbox 998 2666 1295 2743; x_wconf 67' lang='grc' dir='ltr'><em>Ὑρκανὸν,</em></span> <span class='ocrx_word' id='word_1_249' title='bbox 1342 2666 1431 2741; x_wconf 80' lang='grc' dir='ltr'><em>ἐφ’</em></span> <span class='ocrx_word' id='word_1_250' title='bbox 1474 2666 1540 2727; x_wconf 80' lang='grc' dir='ltr'><em>ὃν</em></span> <span class='ocrx_word' id='word_1_251' title='bbox 1568 2668 1634 2726; x_wconf 79' lang='grc' dir='ltr'><em>τὰ</em></span> <span class='ocrx_word' id='word_1_252' title='bbox 1663 2671 1760 2741; x_wconf 84' lang='grc' dir='ltr'><em>τῆς</em></span> 
     </span>
     <span class='ocr_line' id='line_1_32' title="bbox 152 2751 1757 2828; baseline -0.001 -18"><span class='ocrx_word' id='word_1_253' title='bbox 152 2759 355 2819; x_wconf 85' lang='grc' dir='ltr'><em>οἰκείας</em></span> <span class='ocrx_word' id='word_1_254' title='bbox 386 2751 556 2828; x_wconf 85' lang='grc' dir='ltr'><em>ἀρχῆς</em></span> <span class='ocrx_word' id='word_1_255' title='bbox 585 2760 682 2812; x_wconf 89' lang='grc' dir='ltr'><em>τοῦ</em></span> <span class='ocrx_word' id='word_1_256' title='bbox 706 2752 990 2812; x_wconf 85' lang='grc' dir='ltr'><em>Ἰουδαίων</em></span> <span class='ocrx_word' id='word_1_257' title='bbox 1021 2760 1222 2818; x_wconf 86' lang='grc' dir='ltr'><em>ἔθνους</em></span> <span class='ocrx_word' id='word_1_258' title='bbox 1254 2755 1565 2826; x_wconf 81' lang='grc' dir='ltr'><em>κατέληξεν,</em></span> <span class='ocrx_word' id='word_1_259' title='bbox 1600 2756 1757 2810; x_wconf 83' lang='grc' dir='ltr'><em>ἐκπο-</em></span> 
     </span>
     <span class='ocr_line' id='line_1_33' title="bbox 154 2835 1802 2911; baseline 0 -17"><span class='ocrx_word' id='word_1_260' title='bbox 154 2835 270 2895; x_wconf 77' lang='grc' dir='ltr'><em>δών</em></span> <span class='ocrx_word' id='word_1_261' title='bbox 299 2844 630 2911; x_wconf 87' lang='grc' dir='ltr'><em>μεθίστησιν</em></span> <span class='ocrx_word' id='word_1_262' title='bbox 659 2835 900 2911; x_wconf 76' lang='grc' dir='ltr'><em>ἀνελὼν,</em></span> <span class='ocrx_word' id='word_1_263' title='bbox 945 2835 1156 2911; x_wconf 79' lang='grc' dir='ltr'><em>πρῶτός</em></span> <span class='ocrx_word' id='word_1_264' title='bbox 1187 2861 1245 2895; x_wconf 91' lang='grc' dir='ltr'><em>τε</em></span> <span class='ocrx_word' id='word_1_265' title='bbox 1277 2835 1457 2910; x_wconf 79' lang='grc' dir='ltr'><em>αὐτὸς,</em></span> <span class='ocrx_word' id='word_1_266' title='bbox 1491 2836 1563 2904; x_wconf 79' lang='grc' dir='ltr'><em>ὡς</em></span> <span class='ocrx_word' id='word_1_267' title='bbox 1596 2842 1756 2909; x_wconf 82' lang='grc' dir='ltr'><em>ἔφην,</em></span> <span class='ocrx_word' id='word_1_268' title='bbox 1785 2873 1802 2894; x_wconf 78' lang='lat' dir='ltr'><strong>e</strong></span> 
     </span>
    </p>
   </div>
  </div>
 </body>
</html>
