<?xml version="1.0" encoding="UTF-8"?>
<!DOCTYPE html PUBLIC "-//W3C//DTD XHTML 1.0 Transitional//EN"
    "http://www.w3.org/TR/xhtml1/DTD/xhtml1-transitional.dtd">
<html xmlns="http://www.w3.org/1999/xhtml" xml:lang="en" lang="en">
 <head>
  <title>
</title>
<meta http-equiv="Content-Type" content="text/html;charset=utf-8" />
  <meta name='ocr-system' content='tesseract 3.04.00' />
  <meta name='ocr-capabilities' content='ocr_page ocr_carea ocr_par ocr_line ocrx_word'/>
</head>
<body>
  <div class='ocr_page' id='page_1' title='image "./operaeusebius03euseuoft_0243.png"; bbox 0 0 1992 3186; ppageno 0'>
   <div class='ocr_carea' id='block_1_1' title="bbox 592 122 1775 174">
    <p class='ocr_par' dir='ltr' id='par_1_1' title="bbox 592 122 1775 174">
     <span class='ocr_line' id='line_1_1' title="bbox 592 122 1775 174; baseline 0.01 -11"><span class='ocrx_word' id='word_1_1' title='bbox 592 123 897 164; x_wconf 80' lang='lat' dir='ltr'>DEMoNsT.</span> <span class='ocrx_word' id='word_1_2' title='bbox 929 122 1150 164; x_wconf 82' lang='lat' dir='ltr'>EVANG.</span> <span class='ocrx_word' id='word_1_3' title='bbox 1189 125 1266 166; x_wconf 87' lang='lat' dir='ltr'><em>1v.</em></span> <span class='ocrx_word' id='word_1_4' title='bbox 1300 126 1339 168; x_wconf 85' lang='lat'><em>5.</em></span> <span class='ocrx_word' id='word_1_5' title='bbox 1671 123 1775 174; x_wconf 76' lang='lat'><em>219</em></span> 
     </span>
    </p>
   </div>
   <div class='ocr_carea' id='block_1_2' title="bbox 99 237 1890 2919">
    <p class='ocr_par' dir='ltr' id='par_1_2' title="bbox 99 237 1890 2919">
     <span class='ocr_line' id='line_1_2' title="bbox 165 237 1777 314; baseline -0.002 -16"><span class='ocrx_word' id='word_1_6' title='bbox 165 240 327 314; x_wconf 75' lang='grc' dir='ltr'><em>ὡρῶν</em></span> <span class='ocrx_word' id='word_1_7' title='bbox 344 263 402 296; x_wconf 92' lang='grc' dir='ltr'><em>τε</em></span> <span class='ocrx_word' id='word_1_8' title='bbox 427 242 518 296; x_wconf 84' lang='grc' dir='ltr'><em>καὶ</em></span> <span class='ocrx_word' id='word_1_9' title='bbox 548 242 758 310; x_wconf 73' lang='grc' dir='ltr'><em>καιρῶν</em></span> <span class='ocrx_word' id='word_1_10' title='bbox 786 239 904 295; x_wconf 72' lang='grc' dir='ltr'><em>τοτὲ</em></span> <span class='ocrx_word' id='word_1_11' title='bbox 936 239 1036 310; x_wconf 73' lang='grc' dir='ltr'><em>μὲν</em></span> <span class='ocrx_word' id='word_1_12' title='bbox 1067 237 1340 311; x_wconf 80' lang='grc' dir='ltr'><em>αὐξήσεις,</em></span> <span class='ocrx_word' id='word_1_13' title='bbox 1372 239 1491 295; x_wconf 79' lang='grc' dir='ltr'><em>τοτὲ</em></span> <span class='ocrx_word' id='word_1_14' title='bbox 1518 239 1579 295; x_wconf 73' lang='grc' dir='ltr'><em>δὲ</em></span> <span class='ocrx_word' id='word_1_15' title='bbox 1608 239 1777 312; x_wconf 77' lang='grc' dir='ltr'><em>μειώ-</em></span> 
     </span>
     <span class='ocr_line' id='line_1_3' title="bbox 166 322 1773 396; baseline -0.001 -15"><span class='ocrx_word' id='word_1_16' title='bbox 166 343 307 395; x_wconf 88' lang='grc' dir='ltr'><em>σεις,</em></span> <span class='ocrx_word' id='word_1_17' title='bbox 361 322 599 388; x_wconf 78' lang='grc' dir='ltr'><strong><em>κύκλους</em></strong></span> <span class='ocrx_word' id='word_1_18' title='bbox 639 346 698 379; x_wconf 90' lang='grc' dir='ltr'><em>τε</em></span> <span class='ocrx_word' id='word_1_19' title='bbox 741 325 1009 379; x_wconf 77' lang='grc' dir='ltr'><strong><em>ἐνιαυτῶν</em></strong></span> <span class='ocrx_word' id='word_1_20' title='bbox 1048 326 1140 380; x_wconf 85' lang='grc' dir='ltr'><em>καὶ</em></span> <span class='ocrx_word' id='word_1_21' title='bbox 1193 322 1487 395; x_wconf 78' lang='grc' dir='ltr'><strong><em>περιόδους</em></strong></span> <span class='ocrx_word' id='word_1_22' title='bbox 1539 322 1773 396; x_wconf 86' lang='grc' dir='ltr'><em>χρόνων,</em></span> 
     </span>
     <span class='ocr_line' id='line_1_4' title="bbox 166 405 1773 508; baseline -0.001 -43"><span class='ocrx_word' id='word_1_23' title='bbox 166 407 386 481; x_wconf 74' lang='grc' dir='ltr'><em>ἄστρων</em></span> <span class='ocrx_word' id='word_1_24' title='bbox 403 431 460 464; x_wconf 90' lang='grc' dir='ltr'><em>τε</em></span> <span class='ocrx_word' id='word_1_25' title='bbox 491 405 886 479; x_wconf 86' lang='grc' dir='ltr'><em>περιδινήσεις,</em></span> <span class='ocrx_word' id='word_1_26' title='bbox 918 406 1080 478; x_wconf 80' lang='grc' dir='ltr'><strong><em>ἡλίου</em></strong></span> <span class='ocrx_word' id='word_1_27' title='bbox 1111 430 1170 463; x_wconf 88' lang='grc' dir='ltr'><em>τε</em></span> <span class='ocrx_word' id='word_1_28' title='bbox 1201 406 1458 508; x_wconf 74' lang='grc' dir='ltr'><em>δρόμους,</em></span> <span class='ocrx_word' id='word_1_29' title='bbox 1491 410 1582 463; x_wconf 80' lang='grc' dir='ltr'><em>καὶ</em></span> <span class='ocrx_word' id='word_1_30' title='bbox 1616 407 1773 479; x_wconf 82' lang='grc' dir='ltr'><em>σελή-</em></span> 
     </span>
     <span class='ocr_line' id='line_1_5' title="bbox 163 488 1818 565; baseline -0.001 -15"><span class='ocrx_word' id='word_1_31' title='bbox 163 517 262 565; x_wconf 84' lang='grc' dir='ltr'><em>νης</em></span> <span class='ocrx_word' id='word_1_32' title='bbox 293 516 527 565; x_wconf 83' lang='grc' dir='ltr'><em>τροπας,</em></span> <span class='ocrx_word' id='word_1_33' title='bbox 573 500 925 564; x_wconf 81' lang='grc' dir='ltr'><em>συμπαθείας</em></span> <span class='ocrx_word' id='word_1_34' title='bbox 966 515 1023 548; x_wconf 90' lang='grc' dir='ltr'><em>τε</em></span> <span class='ocrx_word' id='word_1_35' title='bbox 1066 494 1158 548; x_wconf 86' lang='grc' dir='ltr'><em>καὶ</em></span> <span class='ocrx_word' id='word_1_36' title='bbox 1189 489 1553 558; x_wconf 82' lang='grc' dir='ltr'><em>αντιπαθείας</em></span> <span class='ocrx_word' id='word_1_37' title='bbox 1594 488 1818 549; x_wconf 64' lang='lat' dir='ltr'><em>&amp;miv—d</em></span> 
     </span>
     <span class='ocr_line' id='line_1_6' title="bbox 119 573 1777 649; baseline -0.001 -15"><span class='ocrx_word' id='word_1_38' title='bbox 119 602 140 635; x_wconf 82' lang='lat'>5</span> <span class='ocrx_word' id='word_1_39' title='bbox 165 601 295 648; x_wconf 85' lang='grc' dir='ltr'><em>των,</em></span> <span class='ocrx_word' id='word_1_40' title='bbox 327 579 418 633; x_wconf 88' lang='grc' dir='ltr'><em>καὶ</em></span> <span class='ocrx_word' id='word_1_41' title='bbox 449 575 656 647; x_wconf 82' lang='grc' dir='ltr'><em>κόσμον</em></span> <span class='ocrx_word' id='word_1_42' title='bbox 688 578 786 631; x_wconf 89' lang='grc' dir='ltr'><em>ε’να</em></span> <span class='ocrx_word' id='word_1_43' title='bbox 817 573 1001 632; x_wconf 73' lang='grc' dir='ltr'><em>αὐτῶν</em></span> <span class='ocrx_word' id='word_1_44' title='bbox 1033 580 1085 643; x_wconf 83' lang='grc' dir='ltr'><em>ἐξ</em></span> <span class='ocrx_word' id='word_1_45' title='bbox 1117 575 1398 648; x_wconf 79' lang='grc' dir='ltr'><em>ἁπαντων,</em></span> <span class='ocrx_word' id='word_1_46' title='bbox 1429 574 1535 649; x_wconf 78' lang='grc' dir='ltr'><em>ἄρα</em></span> <span class='ocrx_word' id='word_1_47' title='bbox 1559 594 1644 632; x_wconf 90' lang='grc' dir='ltr'><em>σοι</em></span> <span class='ocrx_word' id='word_1_48' title='bbox 1674 574 1777 647; x_wconf 83' lang='grc' dir='ltr'><em>τὴν</em></span> 
     </span>
     <span class='ocr_line' id='line_1_7' title="bbox 163 658 1778 732; baseline 0.001 -16"><span class='ocrx_word' id='word_1_49' title='bbox 163 658 395 732; x_wconf 75' lang='grc' dir='ltr'><em>ἀλογίαν</em></span> <span class='ocrx_word' id='word_1_50' title='bbox 439 662 531 716; x_wconf 81' lang='grc' dir='ltr'><em>καὶ</em></span> <span class='ocrx_word' id='word_1_51' title='bbox 572 659 631 716; x_wconf 85' lang='grc' dir='ltr'><em>τὸ</em></span> <span class='ocrx_word' id='word_1_52' title='bbox 665 664 782 731; x_wconf 84' lang='grc' dir='ltr'><em>εἰκῆ</em></span> <span class='ocrx_word' id='word_1_53' title='bbox 824 662 914 716; x_wconf 85' lang='grc' dir='ltr'><em>καὶ</em></span> <span class='ocrx_word' id='word_1_54' title='bbox 947 684 1019 724; x_wconf 89' lang='grc' dir='ltr'><em>ως</em></span> <span class='ocrx_word' id='word_1_55' title='bbox 1052 668 1254 732; x_wconf 80' lang='grc' dir='ltr'><em>ἔτυχεν</em></span> <span class='ocrx_word' id='word_1_56' title='bbox 1276 666 1459 716; x_wconf 83' lang='grc' dir='ltr'><em>αἰτίαν</em></span> <span class='ocrx_word' id='word_1_57' title='bbox 1493 660 1635 716; x_wconf 80' lang='grc' dir='ltr'><em>εἶναι</em></span> <span class='ocrx_word' id='word_1_58' title='bbox 1664 684 1778 717; x_wconf 86' lang='grc' dir='ltr'><em>των</em></span> 
     </span>
     <span class='ocr_line' id='line_1_8' title="bbox 163 741 1776 816; baseline 0 -15"><span class='ocrx_word' id='word_1_59' title='bbox 163 741 310 801; x_wconf 75' lang='grc' dir='ltr'><em>ὅλων</em></span> <span class='ocrx_word' id='word_1_60' title='bbox 360 744 592 816; x_wconf 83' lang='grc' dir='ltr'><em>θεμιτὸν</em></span> <span class='ocrx_word' id='word_1_61' title='bbox 636 742 1078 815; x_wconf 81' lang='grc' dir='ltr'><em>ἀποφαίνεσθαι,</em></span> <span class='ocrx_word' id='word_1_62' title='bbox 1132 741 1166 815; x_wconf 80' lang='grc' dir='ltr'><em>ἢ</em></span> <span class='ocrx_word' id='word_1_63' title='bbox 1220 742 1386 815; x_wconf 85' lang='grc' dir='ltr'><em>λόγον</em></span> <span class='ocrx_word' id='word_1_64' title='bbox 1432 742 1504 810; x_wconf 78' lang='grc' dir='ltr'><em>ὡς</em></span> <span class='ocrx_word' id='word_1_65' title='bbox 1551 741 1776 816; x_wconf 75' lang='grc' dir='ltr'><em>ἀληθῶς</em></span> 
     </span>
     <span class='ocr_line' id='line_1_9' title="bbox 163 826 1776 900; baseline 0 -15"><span class='ocrx_word' id='word_1_66' title='bbox 163 832 306 885; x_wconf 83' lang='grc' dir='ltr'><em>θεοῦ</em></span> <span class='ocrx_word' id='word_1_67' title='bbox 336 830 428 884; x_wconf 85' lang='grc' dir='ltr'><em>καὶ</em></span> <span class='ocrx_word' id='word_1_68' title='bbox 470 831 614 885; x_wconf 79' lang='grc' dir='ltr'><em>θεοῦ</em></span> <span class='ocrx_word' id='word_1_69' title='bbox 657 835 863 899; x_wconf 85' lang='grc' dir='ltr'><em>σοφίαν</em></span> <span class='ocrx_word' id='word_1_70' title='bbox 903 829 993 884; x_wconf 85' lang='grc' dir='ltr'><em>καὶ</em></span> <span class='ocrx_word' id='word_1_71' title='bbox 1025 832 1166 884; x_wconf 80' lang='grc' dir='ltr'><em>θεοῦ</em></span> <span class='ocrx_word' id='word_1_72' title='bbox 1203 826 1471 900; x_wconf 82' lang='grc' dir='ltr'><em>δύναμιν,</em></span> <span class='ocrx_word' id='word_1_73' title='bbox 1517 831 1609 884; x_wconf 90' lang='grc' dir='ltr'><em>καὶ</em></span> <span class='ocrx_word' id='word_1_74' title='bbox 1650 826 1776 885; x_wconf 83' lang='grc' dir='ltr'><em>ταύ-</em></span> 
     </span>
     <span class='ocr_line' id='line_1_10' title="bbox 163 909 1777 984; baseline 0.001 -16"><span class='ocrx_word' id='word_1_75' title='bbox 163 936 264 984; x_wconf 88' lang='grc' dir='ltr'><em>την</em></span> <span class='ocrx_word' id='word_1_76' title='bbox 293 919 454 984; x_wconf 87' lang='grc' dir='ltr'><em>μί,αν</em></span> <span class='ocrx_word' id='word_1_77' title='bbox 487 909 611 968; x_wconf 84' lang='grc' dir='ltr'><em>αλλ’</em></span> <span class='ocrx_word' id='word_1_78' title='bbox 646 935 713 968; x_wconf 93' lang='grc' dir='ltr'><em>ου</em></span> <span class='ocrx_word' id='word_1_79' title='bbox 755 909 958 978; x_wconf 83' lang='grc' dir='ltr'><em>πολλας</em></span> <span class='ocrx_word' id='word_1_80' title='bbox 998 910 1299 984; x_wconf 78' lang='grc' dir='ltr'><em>ἄνυμνεῖν;</em></span> <span class='ocrx_word' id='word_1_81' title='bbox 1352 917 1399 968; x_wconf 77' lang='grc'><em>9.</em></span> <span class='ocrx_word' id='word_1_82' title='bbox 1436 914 1554 968; x_wconf 90' lang='grc' dir='ltr'><em>ε’πεὶ</em></span> <span class='ocrx_word' id='word_1_83' title='bbox 1594 915 1685 969; x_wconf 90' lang='grc' dir='ltr'><em>καὶ</em></span> <span class='ocrx_word' id='word_1_84' title='bbox 1718 915 1777 970; x_wconf 83' lang='grc' dir='ltr'><em>ἐν</em></span> 
     </span>
     <span class='ocr_line' id='line_1_11' title="bbox 100 994 1778 1102; baseline 0 -48"><span class='ocrx_word' id='word_1_85' title='bbox 100 1024 139 1055; x_wconf 78' lang='lat'><em>10</em></span> <span class='ocrx_word' id='word_1_86' title='bbox 163 994 452 1102; x_wconf 78' lang='grc' dir='ltr'><em>ανθρώπω</em></span> <span class='ocrx_word' id='word_1_87' title='bbox 483 1003 598 1098; x_wconf 90' lang='grc' dir='ltr'><em>μία</em></span> <span class='ocrx_word' id='word_1_88' title='bbox 612 994 760 1068; x_wconf 81' lang='grc' dir='ltr'><em>ψυχὴ</em></span> <span class='ocrx_word' id='word_1_89' title='bbox 785 998 876 1051; x_wconf 84' lang='grc' dir='ltr'><em>καὶ</em></span> <span class='ocrx_word' id='word_1_90' title='bbox 898 1002 996 1068; x_wconf 90' lang='grc' dir='ltr'><em>μία</em></span> <span class='ocrx_word' id='word_1_91' title='bbox 1021 996 1212 1096; x_wconf 77' lang='grc' dir='ltr'><em>λογικὴ</em></span> <span class='ocrx_word' id='word_1_92' title='bbox 1239 995 1472 1068; x_wconf 83' lang='grc' dir='ltr'><em>δύναμις</em></span> <span class='ocrx_word' id='word_1_93' title='bbox 1502 1003 1778 1054; x_wconf 79' lang='grc' dir='ltr'><em>πλείστων</em></span> 
     </span>
     <span class='ocr_line' id='line_1_12' title="bbox 162 1077 1777 1154; baseline -0.001 -17"><span class='ocrx_word' id='word_1_94' title='bbox 162 1077 302 1154; x_wconf 82' lang='grc' dir='ltr'><em>ὁμοῦ</em></span> <span class='ocrx_word' id='word_1_95' title='bbox 330 1078 530 1152; x_wconf 81' lang='grc' dir='ltr'><em>γένοιτ’</em></span> <span class='ocrx_word' id='word_1_96' title='bbox 568 1105 638 1137; x_wconf 93' lang='grc' dir='ltr'><em>αν</em></span> <span class='ocrx_word' id='word_1_97' title='bbox 670 1079 1031 1153; x_wconf 85' lang='grc' dir='ltr'><em>δημιουργὸς,</em></span> <span class='ocrx_word' id='word_1_98' title='bbox 1073 1080 1107 1154; x_wconf 77' lang='grc' dir='ltr'><em>ᾖ</em></span> <span class='ocrx_word' id='word_1_99' title='bbox 1139 1082 1230 1136; x_wconf 86' lang='grc' dir='ltr'><em>καὶ</em></span> <span class='ocrx_word' id='word_1_100' title='bbox 1270 1095 1538 1152; x_wconf 80' lang='grc' dir='ltr'><em>γεωργεῖν</em></span> <span class='ocrx_word' id='word_1_101' title='bbox 1567 1079 1601 1152; x_wconf 78' lang='grc' dir='ltr'>ἡ</span> <span class='ocrx_word' id='word_1_102' title='bbox 1634 1077 1777 1153; x_wconf 74' lang='grc' dir='ltr'><em>αὐτὴ</em></span> 
     </span>
     <span class='ocr_line' id='line_1_13' title="bbox 163 1159 1778 1238; baseline -0.001 -16"><span class='ocrx_word' id='word_1_103' title='bbox 163 1168 255 1222; x_wconf 85' lang='grc' dir='ltr'><em>καὶ</em></span> <span class='ocrx_word' id='word_1_104' title='bbox 294 1179 606 1238; x_wconf 78' lang='grc' dir='ltr'><em>ναυπηγεῖν</em></span> <span class='ocrx_word' id='word_1_105' title='bbox 647 1167 737 1220; x_wconf 85' lang='grc' dir='ltr'><em>καὶ</em></span> <span class='ocrx_word' id='word_1_106' title='bbox 780 1167 1063 1236; x_wconf 78' lang='grc' dir='ltr'><em>κυβερνᾶν</em></span> <span class='ocrx_word' id='word_1_107' title='bbox 1103 1166 1194 1221; x_wconf 82' lang='grc' dir='ltr'><em>καὶ</em></span> <span class='ocrx_word' id='word_1_108' title='bbox 1243 1170 1560 1236; x_wconf 78' lang='grc' dir='ltr'><em>οἰκοδομεῖν</em></span> <span class='ocrx_word' id='word_1_109' title='bbox 1602 1159 1778 1221; x_wconf 90' lang='grc' dir='ltr'><em>πολλα</em></span> 
     </span>
     <span class='ocr_line' id='line_1_14' title="bbox 163 1246 1778 1325; baseline 0.001 -21"><span class='ocrx_word' id='word_1_110' title='bbox 163 1252 424 1321; x_wconf 79' lang='grc' dir='ltr'><em>μαθοῦσα</em></span> <span class='ocrx_word' id='word_1_111' title='bbox 458 1247 832 1321; x_wconf 77' lang='grc' dir='ltr'><em>ἐπιβάλλοιτο·</em></span> <span class='ocrx_word' id='word_1_112' title='bbox 880 1251 971 1305; x_wconf 88' lang='grc' dir='ltr'><em>καὶ</em></span> <span class='ocrx_word' id='word_1_113' title='bbox 1005 1246 1082 1314; x_wconf 82' lang='grc' dir='ltr'><em>εἷς</em></span> <span class='ocrx_word' id='word_1_114' title='bbox 1114 1255 1245 1314; x_wconf 84' lang='grc' dir='ltr'><em>νοῦς</em></span> <span class='ocrx_word' id='word_1_115' title='bbox 1280 1251 1339 1305; x_wconf 85' lang='grc' dir='ltr'><em>ἐν</em></span> <span class='ocrx_word' id='word_1_116' title='bbox 1370 1246 1653 1325; x_wconf 70' lang='grc' dir='ltr'><em>ἀνθρώπω</em></span> <span class='ocrx_word' id='word_1_117' title='bbox 1686 1252 1778 1306; x_wconf 86' lang='grc' dir='ltr'><em>καὶ</em></span> 
     </span>
     <span class='ocr_line' id='line_1_15' title="bbox 165 1331 1778 1406; baseline 0.001 -18"><span class='ocrx_word' id='word_1_118' title='bbox 165 1331 421 1404; x_wconf 86' lang='grc' dir='ltr'><em>λογισμὸς</em></span> <span class='ocrx_word' id='word_1_119' title='bbox 465 1331 667 1400; x_wconf 79' lang='grc' dir='ltr'><em>δέξαιτ’</em></span> <span class='ocrx_word' id='word_1_120' title='bbox 719 1331 790 1389; x_wconf 73' lang='grc' dir='ltr'><em>ἄν</em></span> <span class='ocrx_word' id='word_1_121' title='bbox 829 1355 960 1389; x_wconf 89' lang='grc' dir='ltr'><em>ποτε</em></span> <span class='ocrx_word' id='word_1_122' title='bbox 998 1339 1216 1405; x_wconf 89' lang='grc' dir='ltr'><em>μυρίων</em></span> <span class='ocrx_word' id='word_1_123' title='bbox 1259 1331 1585 1405; x_wconf 82' lang='grc' dir='ltr'><em>ἐπιστήμας,</em></span> <span class='ocrx_word' id='word_1_124' title='bbox 1639 1356 1778 1406; x_wconf 89' lang='grc' dir='ltr'><em>γεω-</em></span> 
     </span>
     <span class='ocr_line' id='line_1_16' title="bbox 102 1412 1777 1490; baseline 0 -16"><span class='ocrx_word' id='word_1_125' title='bbox 102 1442 142 1474; x_wconf 88' lang='lat'><em>15</em></span> <span class='ocrx_word' id='word_1_126' title='bbox 165 1415 422 1490; x_wconf 87' lang='grc' dir='ltr'><em>μετρήσει</em></span> <span class='ocrx_word' id='word_1_127' title='bbox 463 1439 522 1472; x_wconf 88' lang='grc' dir='ltr'><em>τε</em></span> <span class='ocrx_word' id='word_1_128' title='bbox 560 1415 588 1472; x_wconf 84' lang='grc' dir='ltr'>ὁ</span> <span class='ocrx_word' id='word_1_129' title='bbox 631 1412 795 1481; x_wconf 78' lang='grc' dir='ltr'><em>αὐτὸς</em></span> <span class='ocrx_word' id='word_1_130' title='bbox 835 1419 926 1472; x_wconf 86' lang='grc' dir='ltr'><em>καὶ</em></span> <span class='ocrx_word' id='word_1_131' title='bbox 968 1414 1396 1489; x_wconf 77' lang='grc' dir='ltr'><em>ἄστρονομήσει,</em></span> <span class='ocrx_word' id='word_1_132' title='bbox 1448 1419 1540 1474; x_wconf 88' lang='grc' dir='ltr'><em>καὶ</em></span> <span class='ocrx_word' id='word_1_133' title='bbox 1581 1416 1777 1489; x_wconf 83' lang='grc' dir='ltr'><em>λόγους</em></span> 
     </span>
     <span class='ocr_line' id='line_1_17' title="bbox 165 1498 1890 1574; baseline 0.001 -17"><span class='ocrx_word' id='word_1_134' title='bbox 165 1505 540 1574; x_wconf 82' lang='grc' dir='ltr'><em>γραμματικῆς</em></span> <span class='ocrx_word' id='word_1_135' title='bbox 579 1498 900 1574; x_wconf 76' lang='grc' dir='ltr'><em>παραδώσει</em></span> <span class='ocrx_word' id='word_1_136' title='bbox 939 1503 1031 1556; x_wconf 86' lang='grc' dir='ltr'><em>καὶ</em></span> <span class='ocrx_word' id='word_1_137' title='bbox 1074 1504 1348 1574; x_wconf 82' lang='grc' dir='ltr'><em>ἰατρικῆς,</em></span> <span class='ocrx_word' id='word_1_138' title='bbox 1404 1507 1465 1558; x_wconf 80' lang='grc' dir='ltr'><em>ἔν</em></span> <span class='ocrx_word' id='word_1_139' title='bbox 1507 1525 1566 1557; x_wconf 92' lang='grc' dir='ltr'><em>τε</em></span> <span class='ocrx_word' id='word_1_140' title='bbox 1596 1500 1775 1573; x_wconf 82' lang='grc' dir='ltr'><em>μαθή·</em></span> <span class='ocrx_word' id='word_1_141' title='bbox 1800 1527 1890 1568; x_wconf 82' lang='lat'>(152)</span> 
     </span>
     <span class='ocr_line' id='line_1_18' title="bbox 165 1578 1777 1657; baseline 0 -16"><span class='ocrx_word' id='word_1_142' title='bbox 165 1603 298 1657; x_wconf 91' lang='grc' dir='ltr'><em>μασι</em></span> <span class='ocrx_word' id='word_1_143' title='bbox 343 1587 435 1640; x_wconf 88' lang='grc' dir='ltr'><em>καὶ</em></span> <span class='ocrx_word' id='word_1_144' title='bbox 474 1599 587 1650; x_wconf 81' lang='grc' dir='ltr'><em>τοῖς</em></span> <span class='ocrx_word' id='word_1_145' title='bbox 631 1578 767 1640; x_wconf 73' lang='grc' dir='ltr'><em>κατα</em></span> <span class='ocrx_word' id='word_1_146' title='bbox 809 1598 992 1656; x_wconf 83' lang='grc' dir='ltr'><em>χεῖρας</em></span> <span class='ocrx_word' id='word_1_147' title='bbox 1033 1583 1428 1656; x_wconf 82' lang='grc' dir='ltr'><em>προστήσεται·</em></span> <span class='ocrx_word' id='word_1_148' title='bbox 1488 1587 1579 1641; x_wconf 89' lang='grc' dir='ltr'><em>καὶ</em></span> <span class='ocrx_word' id='word_1_149' title='bbox 1620 1583 1777 1642; x_wconf 77' lang='grc' dir='ltr'><em>οὔπω</em></span> 
     </span>
     <span class='ocr_line' id='line_1_19' title="bbox 163 1665 1780 1747; baseline 0 -23"><span class='ocrx_word' id='word_1_150' title='bbox 163 1691 231 1747; x_wconf 84' lang='grc' dir='ltr'><em>γε</em></span> <span class='ocrx_word' id='word_1_151' title='bbox 257 1665 442 1734; x_wconf 76' lang='grc' dir='ltr'><em>οὐδεὶς</em></span> <span class='ocrx_word' id='word_1_152' title='bbox 474 1667 695 1725; x_wconf 80' lang='grc' dir='ltr'><em>πώποτε</em></span> <span class='ocrx_word' id='word_1_153' title='bbox 726 1675 951 1734; x_wconf 81' lang='grc' dir='ltr'><em>πλείους</em></span> <span class='ocrx_word' id='word_1_154' title='bbox 989 1671 1048 1725; x_wconf 78' lang='grc' dir='ltr'><em>ἐν</em></span> <span class='ocrx_word' id='word_1_155' title='bbox 1073 1670 1155 1725; x_wconf 80' lang='grc' dir='ltr'><em>ἑνὶ</em></span> <span class='ocrx_word' id='word_1_156' title='bbox 1188 1667 1399 1740; x_wconf 76' lang='grc' dir='ltr'><em>σώματι</em></span> <span class='ocrx_word' id='word_1_157' title='bbox 1432 1668 1609 1742; x_wconf 72' lang='grc' dir='ltr'><em>ψυχας</em></span> <span class='ocrx_word' id='word_1_158' title='bbox 1638 1667 1780 1741; x_wconf 81' lang='grc' dir='ltr'><em>ἡγή-</em></span> 
     </span>
     <span class='ocr_line' id='line_1_20' title="bbox 165 1750 1778 1825; baseline 0 -16"><span class='ocrx_word' id='word_1_159' title='bbox 165 1772 298 1817; x_wconf 89' lang='grc' dir='ltr'><em>σατο</em></span> <span class='ocrx_word' id='word_1_160' title='bbox 331 1752 502 1824; x_wconf 82' lang='grc' dir='ltr'><em>εἶναι,</em></span> <span class='ocrx_word' id='word_1_161' title='bbox 533 1751 670 1809; x_wconf 80' lang='grc' dir='ltr'><em>οὐδε</em></span> <span class='ocrx_word' id='word_1_162' title='bbox 701 1750 905 1817; x_wconf 87' lang='grc' dir='ltr'><em>πολλας</em></span> <span class='ocrx_word' id='word_1_163' title='bbox 931 1753 1251 1824; x_wconf 80' lang='grc' dir='ltr'><em>ἐθαυμασεν</em></span> <span class='ocrx_word' id='word_1_164' title='bbox 1274 1750 1582 1825; x_wconf 79' lang='grc' dir='ltr'><em>ανθρώπου</em></span> <span class='ocrx_word' id='word_1_165' title='bbox 1610 1751 1778 1810; x_wconf 92' lang='grc' dir='ltr'><em>δυνα-</em></span> 
     </span>
     <span class='ocr_line' id='line_1_21' title="bbox 99 1835 1775 1910; baseline -0.001 -16"><span class='ocrx_word' id='word_1_166' title='bbox 99 1862 142 1894; x_wconf 78' lang='lat'><em>20</em></span> <span class='ocrx_word' id='word_1_167' title='bbox 165 1860 283 1910; x_wconf 91' lang='grc' dir='ltr'><em>μεις</em></span> <span class='ocrx_word' id='word_1_168' title='bbox 317 1836 407 1893; x_wconf 87' lang='grc' dir='ltr'><em>δια</em></span> <span class='ocrx_word' id='word_1_169' title='bbox 437 1835 538 1908; x_wconf 79' lang='grc' dir='ltr'><em>τὴν</em></span> <span class='ocrx_word' id='word_1_170' title='bbox 569 1841 680 1893; x_wconf 79' lang='grc' dir='ltr'><em>τῶν</em></span> <span class='ocrx_word' id='word_1_171' title='bbox 711 1840 934 1894; x_wconf 89' lang='grc' dir='ltr'><em>πολλων</em></span> <span class='ocrx_word' id='word_1_172' title='bbox 964 1835 1310 1909; x_wconf 79' lang='grc' dir='ltr'><em>μαθηματων</em></span> <span class='ocrx_word' id='word_1_173' title='bbox 1339 1835 1638 1909; x_wconf 85' lang='grc' dir='ltr'><em>ὑποδοχήν.</em></span> <span class='ocrx_word' id='word_1_174' title='bbox 1698 1842 1775 1894; x_wconf 86' lang='grc'><em>10.</em></span> 
     </span>
     <span class='ocr_line' id='line_1_22' title="bbox 166 1917 1779 2022; baseline -0.001 -43"><span class='ocrx_word' id='word_1_175' title='bbox 166 1927 217 1979; x_wconf 87' lang='grc' dir='ltr'><em>εἰ</em></span> <span class='ocrx_word' id='word_1_176' title='bbox 249 1922 306 1977; x_wconf 81' lang='grc' dir='ltr'><em>δε</em></span> <span class='ocrx_word' id='word_1_177' title='bbox 349 1923 439 1977; x_wconf 84' lang='grc' dir='ltr'><em>καὶ</em></span> <span class='ocrx_word' id='word_1_178' title='bbox 478 1945 732 1993; x_wconf 85' lang='grc' dir='ltr'><em>αμορφον</em></span> <span class='ocrx_word' id='word_1_179' title='bbox 771 1917 915 1992; x_wconf 85' lang='grc' dir='ltr'><em>υλην</em></span> <span class='ocrx_word' id='word_1_180' title='bbox 945 1924 1124 1994; x_wconf 86' lang='grc' dir='ltr'><em>πηλου</em></span> <span class='ocrx_word' id='word_1_181' title='bbox 1169 1944 1249 1986; x_wconf 87' lang='grc' dir='ltr'><em>τις</em></span> <span class='ocrx_word' id='word_1_182' title='bbox 1292 1944 1503 2022; x_wconf 82' lang='grc' dir='ltr'><em>ευρων,</em></span> <span class='ocrx_word' id='word_1_183' title='bbox 1549 1943 1779 1977; x_wconf 89' lang='grc' dir='ltr'><em>καπειτα</em></span> 
     </span>
     <span class='ocr_line' id='line_1_23' title="bbox 166 2003 1781 2080; baseline 0.001 -19"><span class='ocrx_word' id='word_1_184' title='bbox 166 2007 357 2079; x_wconf 83' lang='grc' dir='ltr'><em>χερσὶν</em></span> <span class='ocrx_word' id='word_1_185' title='bbox 401 2003 686 2071; x_wconf 80' lang='grc' dir='ltr'><em>ἁπαλυνας</em></span> <span class='ocrx_word' id='word_1_186' title='bbox 730 2004 984 2078; x_wconf 79' lang='grc' dir='ltr'><em>ἐπιθήσει</em></span> <span class='ocrx_word' id='word_1_187' title='bbox 1026 2003 1164 2080; x_wconf 72' lang='grc' dir='ltr'><em>ζῴου</em></span> <span class='ocrx_word' id='word_1_188' title='bbox 1204 2003 1455 2077; x_wconf 84' lang='grc' dir='ltr'><em>μορφὴν,</em></span> <span class='ocrx_word' id='word_1_189' title='bbox 1498 2003 1647 2062; x_wconf 92' lang='grc' dir='ltr'><em>αλλω</em></span> <span class='ocrx_word' id='word_1_190' title='bbox 1678 2030 1781 2078; x_wconf 86' lang='grc' dir='ltr'><em>μεν</em></span> 
     </span>
     <span class='ocr_line' id='line_1_24' title="bbox 165 2088 1780 2162; baseline -0.001 -16"><span class='ocrx_word' id='word_1_191' title='bbox 165 2088 399 2162; x_wconf 85' lang='grc' dir='ltr'><em>σχήματι</em></span> <span class='ocrx_word' id='word_1_192' title='bbox 442 2089 720 2162; x_wconf 81' lang='grc' dir='ltr'><em>κεφαλὴν,</em></span> <span class='ocrx_word' id='word_1_193' title='bbox 763 2104 948 2162; x_wconf 74' lang='grc' dir='ltr'><em>χεῖρας</em></span> <span class='ocrx_word' id='word_1_194' title='bbox 994 2091 1053 2145; x_wconf 73' lang='grc' dir='ltr'><em>δὲ</em></span> <span class='ocrx_word' id='word_1_195' title='bbox 1096 2091 1186 2145; x_wconf 83' lang='grc' dir='ltr'><em>καὶ</em></span> <span class='ocrx_word' id='word_1_196' title='bbox 1219 2088 1393 2155; x_wconf 89' lang='grc' dir='ltr'><em>πόδας</em></span> <span class='ocrx_word' id='word_1_197' title='bbox 1426 2091 1653 2162; x_wconf 81' lang='grc' dir='ltr'><em>ἑτέρως,</em></span> <span class='ocrx_word' id='word_1_198' title='bbox 1688 2092 1780 2146; x_wconf 85' lang='grc' dir='ltr'><em>καὶ</em></span> 
     </span>
     <span class='ocr_line' id='line_1_25' title="bbox 162 2166 1779 2246; baseline -0.001 -16"><span class='ocrx_word' id='word_1_199' title='bbox 162 2171 495 2246; x_wconf 77' lang='grc' dir='ltr'><em>ὀφθαλμούς</em></span> <span class='ocrx_word' id='word_1_200' title='bbox 527 2172 694 2230; x_wconf 74' lang='grc' dir='ltr'><em>πάλιν</em></span> <span class='ocrx_word' id='word_1_201' title='bbox 726 2171 931 2245; x_wconf 77' lang='grc' dir='ltr'><em>ἄλλως,</em></span> <span class='ocrx_word' id='word_1_202' title='bbox 963 2176 1055 2230; x_wconf 78' lang='grc' dir='ltr'><em>καὶ</em></span> <span class='ocrx_word' id='word_1_203' title='bbox 1087 2172 1316 2245; x_wconf 79' lang='grc' dir='ltr'><em>παρειὰς</em></span> <span class='ocrx_word' id='word_1_204' title='bbox 1350 2172 1634 2245; x_wconf 76' lang='grc' dir='ltr'><em>ὡσαύτως,</em></span> <span class='ocrx_word' id='word_1_205' title='bbox 1668 2166 1779 2229; x_wconf 72' lang='grc' dir='ltr'><em>ὦτά</em></span> 
     </span>
     <span class='ocr_line' id='line_1_26' title="bbox 101 2254 1778 2358; baseline -0.001 -44"><span class='ocrx_word' id='word_1_206' title='bbox 101 2283 144 2314; x_wconf 81' lang='lat'><em>25</em></span> <span class='ocrx_word' id='word_1_207' title='bbox 169 2281 226 2315; x_wconf 93' lang='grc' dir='ltr'><em>τε</em></span> <span class='ocrx_word' id='word_1_208' title='bbox 257 2259 346 2314; x_wconf 87' lang='grc' dir='ltr'><em>καὶ</em></span> <span class='ocrx_word' id='word_1_209' title='bbox 378 2255 550 2330; x_wconf 87' lang='grc' dir='ltr'><em>στόμα</em></span> <span class='ocrx_word' id='word_1_210' title='bbox 590 2260 680 2315; x_wconf 88' lang='grc' dir='ltr'><em>καὶ</em></span> <span class='ocrx_word' id='word_1_211' title='bbox 724 2263 881 2333; x_wconf 76' lang='grc' dir='ltr'><em>ῥῖνας</em></span> <span class='ocrx_word' id='word_1_212' title='bbox 911 2261 1112 2330; x_wconf 83' lang='grc' dir='ltr'><em>στέρνα</em></span> <span class='ocrx_word' id='word_1_213' title='bbox 1141 2281 1200 2358; x_wconf 38' lang='grc' dir='ltr'><em>τῖε</em></span> <span class='ocrx_word' id='word_1_214' title='bbox 1230 2259 1321 2313; x_wconf 86' lang='grc' dir='ltr'><em>καὶ</em></span> <span class='ocrx_word' id='word_1_215' title='bbox 1365 2255 1546 2330; x_wconf 74' lang='grc' dir='ltr'><em>ὤμους</em></span> <span class='ocrx_word' id='word_1_216' title='bbox 1575 2254 1778 2314; x_wconf 81' lang='grc' dir='ltr'><em>ὑποτυ-</em></span> 
     </span>
     <span class='ocr_line' id='line_1_27' title="bbox 167 2339 1825 2417; baseline 0 -19"><span class='ocrx_word' id='word_1_217' title='bbox 167 2360 491 2414; x_wconf 88' lang='grc' dir='ltr'><em>πωσαμενος</em></span> <span class='ocrx_word' id='word_1_218' title='bbox 522 2343 684 2417; x_wconf 81' lang='grc' dir='ltr'><em>τέχνῃ</em></span> <span class='ocrx_word' id='word_1_219' title='bbox 716 2346 782 2416; x_wconf 78' lang='grc' dir='ltr'><em>τῇ</em></span> <span class='ocrx_word' id='word_1_220' title='bbox 814 2346 1114 2416; x_wconf 79' lang='grc' dir='ltr'><em>πλαστικῇ,</em></span> <span class='ocrx_word' id='word_1_221' title='bbox 1147 2366 1255 2413; x_wconf 92' lang='grc' dir='ltr'><em>αρα</em></span> <span class='ocrx_word' id='word_1_222' title='bbox 1287 2344 1403 2398; x_wconf 83' lang='grc' dir='ltr'><em>ἐπεὶ</em></span> <span class='ocrx_word' id='word_1_223' title='bbox 1436 2341 1614 2399; x_wconf 90' lang='grc' dir='ltr'><em>πολλα</em></span> <span class='ocrx_word' id='word_1_224' title='bbox 1646 2339 1780 2413; x_wconf 87' lang='grc' dir='ltr'><em>σχή-</em></span> <span class='ocrx_word' id='word_1_225' title='bbox 1802 2367 1825 2398; x_wconf 87' lang='lat' dir='ltr'>b</span> 
     </span>
     <span class='ocr_line' id='line_1_28' title="bbox 169 2423 1781 2499; baseline -0.001 -18"><span class='ocrx_word' id='word_1_226' title='bbox 169 2449 311 2497; x_wconf 90' lang='grc' dir='ltr'><em>ματα</em></span> <span class='ocrx_word' id='word_1_227' title='bbox 351 2428 441 2482; x_wconf 83' lang='grc' dir='ltr'><em>καὶ</em></span> <span class='ocrx_word' id='word_1_228' title='bbox 481 2428 616 2498; x_wconf 86' lang='grc' dir='ltr'><em>με’λη</em></span> <span class='ocrx_word' id='word_1_229' title='bbox 650 2429 739 2483; x_wconf 85' lang='grc' dir='ltr'><em>καὶ</em></span> <span class='ocrx_word' id='word_1_230' title='bbox 769 2428 907 2499; x_wconf 85' lang='grc' dir='ltr'><em>μέρη</em></span> <span class='ocrx_word' id='word_1_231' title='bbox 936 2423 1041 2499; x_wconf 84' lang='grc' dir='ltr'><em>υφ’</em></span> <span class='ocrx_word' id='word_1_232' title='bbox 1079 2428 1161 2484; x_wconf 84' lang='grc' dir='ltr'><em>ενὶ</em></span> <span class='ocrx_word' id='word_1_233' title='bbox 1204 2444 1413 2499; x_wconf 90' lang='grc' dir='ltr'><em>σωματι</em></span> <span class='ocrx_word' id='word_1_234' title='bbox 1447 2423 1781 2498; x_wconf 82' lang='grc' dir='ltr'><em>δεδημιούρ-</em></span> 
     </span>
     <span class='ocr_line' id='line_1_29' title="bbox 170 2504 1778 2583; baseline 0 -19"><span class='ocrx_word' id='word_1_235' title='bbox 170 2532 357 2580; x_wconf 88' lang='grc' dir='ltr'><em>γηται,</em></span> <span class='ocrx_word' id='word_1_236' title='bbox 399 2508 695 2576; x_wconf 87' lang='grc' dir='ltr'><em>τοσούτους</em></span> <span class='ocrx_word' id='word_1_237' title='bbox 738 2510 839 2583; x_wconf 84' lang='grc' dir='ltr'><em>χρὴ</em></span> <span class='ocrx_word' id='word_1_238' title='bbox 871 2513 962 2567; x_wconf 87' lang='grc' dir='ltr'><em>καὶ</em></span> <span class='ocrx_word' id='word_1_239' title='bbox 993 2534 1120 2577; x_wconf 91' lang='grc' dir='ltr'><em>τους</em></span> <span class='ocrx_word' id='word_1_240' title='bbox 1151 2533 1379 2581; x_wconf 83' lang='grc' dir='ltr'><em>ποιητας</em></span> <span class='ocrx_word' id='word_1_241' title='bbox 1420 2505 1712 2580; x_wconf 79' lang='grc' dir='ltr'><em>ἡγεισθαι,</em></span> <span class='ocrx_word' id='word_1_242' title='bbox 1745 2504 1778 2580; x_wconf 81' lang='grc' dir='ltr'><em>ἢ</em></span> 
     </span>
     <span class='ocr_line' id='line_1_30' title="bbox 169 2591 1779 2667; baseline 0 -19"><span class='ocrx_word' id='word_1_243' title='bbox 169 2591 266 2649; x_wconf 86' lang='grc' dir='ltr'><em>τὸν</em></span> <span class='ocrx_word' id='word_1_244' title='bbox 305 2596 403 2649; x_wconf 85' lang='grc' dir='ltr'><em>τοῦ</em></span> <span class='ocrx_word' id='word_1_245' title='bbox 444 2594 646 2660; x_wconf 88' lang='grc' dir='ltr'><em>παντὸς</em></span> <span class='ocrx_word' id='word_1_246' title='bbox 685 2592 905 2667; x_wconf 78' lang='grc' dir='ltr'><em>ἁθρόως</em></span> <span class='ocrx_word' id='word_1_247' title='bbox 947 2601 1201 2667; x_wconf 85' lang='grc' dir='ltr'><em>τεχνίτην</em></span> <span class='ocrx_word' id='word_1_248' title='bbox 1235 2597 1483 2650; x_wconf 85' lang='grc' dir='ltr'><em>ἐπαινειν</em></span> <span class='ocrx_word' id='word_1_249' title='bbox 1518 2594 1601 2649; x_wconf 81' lang='grc' dir='ltr'><em>ἑνὶ</em></span> <span class='ocrx_word' id='word_1_250' title='bbox 1634 2600 1779 2664; x_wconf 92' lang='grc' dir='ltr'><em>λογι-</em></span> 
     </span>
     <span class='ocr_line' id='line_1_31' title="bbox 105 2676 1783 2752; baseline 0 -19"><span class='ocrx_word' id='word_1_251' title='bbox 105 2702 148 2734; x_wconf 85' lang='lat'><em>30</em></span> <span class='ocrx_word' id='word_1_252' title='bbox 173 2680 291 2752; x_wconf 77' lang='grc' dir='ltr'><em>σμῷ</em></span> <span class='ocrx_word' id='word_1_253' title='bbox 332 2678 422 2732; x_wconf 86' lang='grc' dir='ltr'><em>καὶ</em></span> <span class='ocrx_word' id='word_1_254' title='bbox 462 2682 559 2752; x_wconf 76' lang='grc' dir='ltr'><em>μιᾷ</em></span> <span class='ocrx_word' id='word_1_255' title='bbox 600 2677 833 2751; x_wconf 75' lang='grc' dir='ltr'><em>δυνάμει</em></span> <span class='ocrx_word' id='word_1_256' title='bbox 874 2677 933 2734; x_wconf 83' lang='grc' dir='ltr'><em>τὸ</em></span> <span class='ocrx_word' id='word_1_257' title='bbox 976 2681 1086 2734; x_wconf 78' lang='grc' dir='ltr'><em>πᾶν</em></span> <span class='ocrx_word' id='word_1_258' title='bbox 1125 2676 1561 2749; x_wconf 75' lang='grc' dir='ltr'><em>τεκτηνάμενον;</em></span> <span class='ocrx_word' id='word_1_259' title='bbox 1605 2680 1684 2733; x_wconf 87' lang='grc'><em>11.</em></span> <span class='ocrx_word' id='word_1_260' title='bbox 1727 2682 1783 2733; x_wconf 86' lang='grc' dir='ltr'><em>τί</em></span> 
     </span>
     <span class='ocr_line' id='line_1_32' title="bbox 176 2758 1781 2833; baseline 0 -17"><span class='ocrx_word' id='word_1_261' title='bbox 176 2766 313 2831; x_wconf 83' lang='grc' dir='ltr'><em>δῆτα</em></span> <span class='ocrx_word' id='word_1_262' title='bbox 343 2766 638 2833; x_wconf 84' lang='grc' dir='ltr'><em>τοιγαροῦν</em></span> <span class='ocrx_word' id='word_1_263' title='bbox 669 2765 756 2818; x_wconf 83' lang='grc' dir='ltr'><em>ε’πὶ</em></span> <span class='ocrx_word' id='word_1_264' title='bbox 787 2768 884 2819; x_wconf 84' lang='grc' dir='ltr'><em>τοῦ</em></span> <span class='ocrx_word' id='word_1_265' title='bbox 924 2762 1156 2833; x_wconf 86' lang='grc' dir='ltr'><em>παντὸς,</em></span> <span class='ocrx_word' id='word_1_266' title='bbox 1200 2759 1320 2826; x_wconf 82' lang='grc' dir='ltr'><em>ἑνὸς</em></span> <span class='ocrx_word' id='word_1_267' title='bbox 1361 2762 1462 2833; x_wconf 73' lang='grc' dir='ltr'><em>μὲν</em></span> <span class='ocrx_word' id='word_1_268' title='bbox 1501 2758 1685 2831; x_wconf 76' lang='grc' dir='ltr'><em>ὄντος,</em></span> <span class='ocrx_word' id='word_1_269' title='bbox 1722 2764 1781 2816; x_wconf 82' lang='grc' dir='ltr'><em>ἐκ</em></span> 
     </span>
     <span class='ocr_line' id='line_1_33' title="bbox 170 2842 1782 2919; baseline -0.001 -17"><span class='ocrx_word' id='word_1_270' title='bbox 170 2851 357 2918; x_wconf 77' lang='grc' dir='ltr'><em>μερῶν</em></span> <span class='ocrx_word' id='word_1_271' title='bbox 389 2846 449 2901; x_wconf 75' lang='grc' dir='ltr'><em>δὲ</em></span> <span class='ocrx_word' id='word_1_272' title='bbox 480 2852 753 2902; x_wconf 89' lang='grc' dir='ltr'><em>πλείστων</em></span> <span class='ocrx_word' id='word_1_273' title='bbox 793 2845 1139 2919; x_wconf 73' lang='grc' dir='ltr'><em>ὑφεστῶτος,</em></span> <span class='ocrx_word' id='word_1_274' title='bbox 1182 2842 1386 2912; x_wconf 75' lang='grc' dir='ltr'><em>πολλὰς</em></span> <span class='ocrx_word' id='word_1_275' title='bbox 1417 2849 1556 2919; x_wconf 80' lang='grc' dir='ltr'><em>χρῆν</em></span> <span class='ocrx_word' id='word_1_276' title='bbox 1586 2843 1782 2901; x_wconf 81' lang='grc' dir='ltr'><em>ὑποτί-</em></span> 
     </span>
    </p>
   </div>
  </div>
 </body>
</html>
