1992 3186
245 145 349 198 336
945 98 1193 187 EUSEBII

249 265 309 319 ἐν
338 262 580 336 νεφέλῃ,
613 262 704 317 καὶ
735 261 978 334 παρέστη
1010 258 1160 336 αὐτῷ
1194 263 1338 331 ἐκεῖ,
1379 262 1471 317 καὶ
1505 258 1765 318 ἐκαλεσεν
1796 263 1856 319 ἐν

246 342 474 418 ὀνόματι
514 351 729 420 κυρίου.
741 341 770 362 ”
841 342 1050 401 οὐκοῦν
1091 341 1254 411 αυτὸς
1293 340 1322 400 6
1362 344 1550 417 κύριος
1589 345 1692 416 τὴν
1720 343 1855 402 ὑπό-

248 447 436 503 σχεσιν
479 428 582 500 τὴν
623 426 796 486 αὑτοῦ
835 425 1146 502 πληρώσων
1187 426 1423 501 κάτεισι,
1465 430 1557 485 καὶ
1599 447 1785 502 ωσπερ
1825 427 1854 486 6

248 513 406 585 λόγος
446 514 613 584 φησὶ,
658 510 875 585 πρόεισι
914 509 1020 585 πρὸ
1060 510 1360 586 προσώπου
1400 516 1599 585 Μωσῆ.
1673 517 1721 570 4.
1762 514 1856 570 καὶ

248 595 410 662 αὐτὸς
444 597 506 652 δὲ
536 594 565 653 6
597 594 784 668 κύριος
815 603 976 653 καλεῖ
1002 598 1181 668 λέγων
1203 592 1399 671 “κυ’ριε
1429 592 1457 652 6
1488 595 1622 662 θεὸς
1651 602 1853 670 οἰκτίρ-
1878 619 1898 652 5

246 704 368 754 μων
397 682 490 736 καὶ
522 677 807 753 ἐλεήμων”
839 682 932 736 καὶ
961 679 1027 736 τὰ
1059 682 1209 753 ἑξῆς,
1252 683 1444 753 σαφῶς
1483 678 1512 736 6
1543 678 1732 754 κύριος
1761 679 1858 739 τὸν

247 762 570 838 θεράποντα
603 762 804 822 ἑαυτόν
833 788 891 822 τε
921 762 1069 830 ὅστις
1103 772 1187 837 εἴη
1219 766 1310 821 καὶ
1349 762 1450 836 τὴν
1489 766 1588 820 τοῦ
1617 770 1856 838 κρείττο-

246 872 340 914 νος
371 854 571 921 κυρίου
600 850 811 921 γνῶσιν
841 854 1235 921 μυσταγωγῶν.
1289 854 1450 905 τοῦτο
1469 846 1533 904 δέ
1561 865 1648 905 σοι
1677 870 1859 923 παρα-

247 931 435 1004 στήσει
465 938 607 990 ἔνθα
637 931 1077 1006 προσευχόμενος
1107 931 1249 1005 ὑπὲρ
1279 935 1377 989 τοῦ
1408 934 1544 989 λαοῦ
1574 935 1687 990 τῶν
1720 956 1854 1006 προ-

248 1017 517 1089 κειμένων
546 1022 644 1075 τοῦ
675 1023 874 1091 κυρίου
904 1016 1240 1090 μνημονεύει
1270 1020 1479 1088 φωνῶν
1518 1014 1615 1073 τὸν
1655 1015 1854 1088 κύριον
1878 1037 1918 1070 10

247 1106 419 1157 ταῦτα
461 1103 767 1174 εἰρηκέναι,
809 1098 928 1157 ἀλλ’
975 1099 1079 1157 οὐκ
1108 1097 1309 1173 αὐτὸν,
1353 1102 1413 1156 ἐν
1452 1097 1534 1166 οἷς
1565 1119 1703 1172 φησι
1726 1096 1858 1158 “nal

247 1188 355 1242 νῦν
393 1182 680 1256 ὑψωθήτω
723 1183 756 1255 ἡ
796 1191 914 1258 χείρ
958 1201 1090 1256 σου,
1132 1183 1316 1257 κύριε,
1357 1181 1423 1241 ὃν
1453 1182 1658 1257 τρόπον
1700 1183 1857 1250 εἶπας

249 1271 456 1340 λέγων,
498 1267 686 1341 κύριος
725 1266 1084 1342 μακρόθυμος
1124 1270 1216 1325 καὶ
1255 1269 1549 1333 πολυέλεος
1591 1269 1683 1324 καὶ
1722 1265 1853 1341 ἄλη-

247 1351 437 1424 θινός,
479 1350 736 1426 ἀφαιρῶν
775 1350 1008 1424 ἀνομίας
1053 1354 1145 1408 καὶ
1187 1349 1405 1417 ἀδικίας
1445 1353 1537 1408 καὶ
1569 1347 1856 1425 ἁμαρτίας,

248 1437 340 1492 καὶ
372 1442 701 1512 καθαρισμῷ
745 1433 810 1493 οὐ
848 1446 1113 1509 καθαριεῖ
1146 1433 1243 1493 τὸν
1283 1442 1506 1508 ἔνοχον,
1552 1434 1856 1503 ἀποδιδοὺς
1880 1459 1920 1492 15

247 1516 513 1594 ἁμαρτίας
545 1522 799 1594 πατέρων
831 1522 919 1577 ἐπὶ
951 1522 1116 1577 τέκνα
1157 1523 1257 1585 ἕως
1300 1521 1391 1576 ε’πὶ
1432 1525 1622 1592 τρίτην
1653 1522 1746 1577 καὶ
1773 1543 1857 1577 τε-

246 1602 451 1677 τάρτην
480 1600 735 1676 γενεάν.”
791 1608 839 1661 5.
875 1602 1117 1678 ἐπιτήρει
1159 1605 1221 1660 δὲ
1250 1610 1378 1661 τίνα
1407 1602 1614 1677 τρόπον
1639 1607 1698 1661 ἐν
1727 1602 1859 1662 τού-

246 1711 358 1754 τοις
383 1685 547 1754 αὗτὸς
577 1686 606 1744 6
631 1686 818 1761 κύριος
841 1686 938 1745 τὸν
953 1690 1162 1763 πατέρα
1183 1686 1549 1789 μακρόθυμον
1573 1689 1663 1745 καὶ
1689 1695 1856 1745 πολυ-

248 1774 403 1830 έλεον
445 1769 687 1830 ε’πειπων
727 1778 1061 1846 προστίθησι
1101 1774 1281 1844 λέγων
1322 1767 1492 1829 αυτὸν
1522 1774 1614 1828 καὶ
1655 1769 1857 1843 ἀληθι-

246 1854 375 1926 νὸν,
422 1855 735 1929 συμφώνως
779 1858 857 1933 τῷ
890 1854 1023 1913 “ἵνα
1066 1855 1422 1928 γιγνωσκωσί
1460 1871 1522 1912 σε
1559 1852 1656 1912 τὸν
1683 1853 1857 1928 μόνον
1878 1880 1920 1912 20

247 1938 521 2011 ἀληθινὸν
550 1938 717 2010 θεὸν,
751 1943 812 1997 ἐν
843 1936 1183 2011 εὐαγγελίοις
1213 1937 1311 2011 ὑφ’
1349 1936 1470 2006 ἑνὸς
1501 1941 1593 1996 καὶ
1622 1942 1725 1996 τοῦ
1754 1937 1857 1996 αὐ-

246 2028 345 2079 τοῦ
376 2026 619 2095 σωτῆρος
643 2019 803 2094 ἡμῶν
836 2020 1164 2099 εἰρημένῳ.”
1210 2021 1384 2095 μόνον
1414 2027 1551 2094 γοῦν
1581 2019 1856 2095 ἀληθινὸν

246 2105 386 2162 θεὸν
416 2104 635 2178 σφόδρα
660 2104 904 2177 εὐσεβῶς
928 2104 1199 2164 ἀποκαλεῖ
1217 2105 1314 2164 τὸν
1337 2108 1565 2179 πατέρα,
1597 2105 1655 2164 τὸ
1687 2124 1854 2180 προσ-

247 2192 383 2261 ἧκον
421 2187 717 2262 ἀπονέμων
758 2192 923 2261 σέβας
967 2193 1034 2264 τῇ
1073 2187 1357 2267 ἆγεννήτω
1399 2189 1595 2264 φύσει,
1646 2182 1711 2262 ἧς
1751 2186 1853 2247 αὐ·-

246 2271 357 2348 τὸν,
375 2271 563 2330 εἰκόνα
596 2273 739 2331 εἶναι
769 2275 861 2330 καὶ
893 2275 1140 2348 γέννημα
1170 2279 1228 2332 οἶ
1253 2285 1402 2332 θεῖοι
1435 2273 1587 2347 λόγοι
1617 2272 1852 2331 παιδεύ-
1874 2299 1917 2331 25

248 2374 421 2414 ουσιν.

361 2552 415 2590 20
444 2550 513 2592 J0.
539 2552 604 2601 17,
628 2553 667 2591 3.
