1992 3186
584 155 892 199 DEMONST.
914 156 1135 199 EVANG.
1157 157 1282 198 VIII.
1316 161 1354 198 3.
1649 156 1753 210 547

143 270 286 346 ὑμᾶς
316 268 473 328 Σιών
506 268 580 338 ὡς
623 266 791 344 άγρός
822 269 1318 346 ἀροτριαθήσεται,
1362 274 1453 330 καὶ
1477 272 1747 349 Ἰερουσα-

145 356 252 430 λὴμ
283 354 357 422 ὡς
386 354 857 430 ὀπωροφυλάκιον
880 363 1059 430 ἔσται,
1093 360 1185 414 καὶ
1214 358 1274 414 τὸ
1305 354 1432 432 ὅρος
1462 362 1562 415 τοῦ
1593 369 1750 418 οἴκου

149 446 226 508 εἰς
267 438 431 507 ἄλσος
476 445 706 515 δρυμοῦ.
777 445 826 497 4.
871 442 962 497 καὶ
1006 448 1160 499 ἔσται
1202 439 1292 500 ἐπ’
1350 441 1594 516 ἐσχάτων
1637 448 1751 503 τῶν

144 524 367 600 ἡμερῶν
411 526 650 598 ἐμφανὲς
703 526 762 582 τὸ
817 523 944 598 ὅρος
985 533 1215 600 κυρίου,
1269 529 1486 600 ἕτοιμον
1528 530 1617 585 ἐπὶ
1656 529 1752 597 τὰς

100 633 121 666 5
146 607 394 684 κορυφάς
424 613 536 667 τῶν
566 609 772 684 ὀρέων,
817 611 909 666 καὶ
939 609 1447 685 μετεωρισθήσεται
1487 607 1751 689 ῦπεράνω

142 697 254 752 τῶν
296 700 553 767 βουνῶν,
608 695 699 751 καὶ
751 692 1095 751 σπεύσουσιν
1141 692 1231 752 ἐπ’
1286 692 1419 752 αὐτὸ
1462 699 1616 770 λαοὶ,
1659 701 1751 755 καὶ

141 777 514 853 πορεύσονται
546 786 686 852 ἔθνη
717 776 923 851 πολλοὶ,
957 780 1048 835 καὶ
1076 781 1291 853 ἐροῦσι,
1319 783 1480 837 δεῦτε
1503 783 1593 838 καὶ
1618 781 1751 840 ἀνα-

142 867 330 937 βῶμεν
373 869 450 930 εἰς
494 861 555 921 τὸ
607 861 734 936 ὅρος
789 869 988 937 κυρίου
1038 866 1130 920 καὶ
1189 871 1266 931 είς
1319 863 1416 922 τὸν
1457 865 1613 924 οἶκον
1653 873 1750 925 τοῦ
1779 908 1795 927 0

141 951 282 1005 θεοῦ
320 944 550 1020 Ἰακώβ,
595 950 688 1004 καὶ
736 950 1018 1015 δείξουσιν
1060 943 1195 1022 ἡμῖν
1238 947 1341 1021 τὴν
1380 945 1516 1007 ὁδὸν
1558 948 1748 1024 αὐτοῦ,

77 1057 116 1089 10
140 1034 232 1090 καὶ
263 1030 651 1106 πορευσόμεθα
676 1035 736 1088 ἐν
757 1043 876 1097 ταῖς
899 1038 1108 1107 τρίβοις
1133 1029 1322 1090 αὐτοῦ.
1379 1036 1438 1090 ἐκ
1461 1032 1566 1109 γάρ
1591 1035 1750 1094 Σιών

143 1117 482 1184 ἐξελεύσεται
512 1114 706 1189 νόμος,
750 1117 841 1172 καὶ
874 1115 1033 1189 λόγος
1065 1123 1263 1192 κυρίου
1297 1120 1349 1186 ἐξ
1373 1116 1747 1193 Ἰερουσαλὴμ,

139 1203 232 1258 καὶ
272 1214 455 1274 κρινεῖ
491 1197 598 1258 άνά
649 1202 821 1274 μέσον
870 1205 1091 1259 πολλῶν
1124 1204 1358 1276 ἐθνῶν,
1409 1205 1501 1259 καὶ
1543 1206 1748 1277 ἐλέγξει

141 1291 281 1359 ἔθνη
314 1283 513 1359 ἰσχυρὰ
543 1289 645 1351 ἕως
678 1290 755 1352 εἰς
779 1287 886 1358 γῆν
907 1285 1140 1359 μακράν.
1203 1291 1250 1345 5.
1286 1290 1378 1344 καὶ
1402 1287 1748 1360 συγκόψουσι

138 1368 233 1437 τὰς
264 1378 534 1444 μαχαίρας
565 1365 751 1427 αὐτῶν
776 1375 853 1437 εἰς
883 1368 1086 1444 ἄροτρα
1117 1373 1209 1428 καὶ
1232 1371 1298 1428 τὰ
1325 1371 1531 1446 δόρατα
1562 1372 1748 1431 αὐτῶν

75 1477 116 1510 15
142 1460 218 1522 εἰς
243 1456 510 1529 δρέπανα,
529 1457 620 1511 καὶ
640 1451 706 1512 οὐ
730 1453 961 1527 λήψεται
975 1461 1053 1512 ἔτι
1074 1461 1240 1522 ἔθνος
1264 1455 1351 1513 ἐπ’
1373 1462 1540 1523 ἔθνος
1553 1457 1746 1531 μάχαι-

139 1565 274 1614 ραν,
307 1541 396 1596 καὶ
429 1537 495 1596 οὐ
525 1537 600 1613 μὴ
631 1538 892 1612 μάθωσιν
923 1544 1000 1595 ἔτι
1031 1548 1322 1613 πολεμεῖν,
1369 1543 1462 1597 καὶ
1492 1539 1744 1599 ἀναπαῦ-

139 1645 292 1682 σεται
326 1627 550 1690 ἕκαστος
580 1619 840 1681 ὑποκάτω
874 1626 968 1696 τῆς
1001 1620 1248 1697 άμπέλου
1274 1620 1448 1682 αὑτοῦ
1486 1628 1578 1682 καὶ
1609 1622 1744 1683 ὑπο-

139 1707 284 1765 κάτω
317 1712 489 1781 συκῆς
522 1706 714 1780 αὑτοῦ,
746 1710 837 1765 καὶ
869 1707 972 1764 οὐκ
996 1714 1148 1766 ἔσται
1178 1708 1207 1766 ὁ
1240 1711 1497 1782 ἐκφοβῶν
1522 1708 1744 1783 αὐτούς,

138 1790 221 1850 ὅτι
249 1790 310 1850 τὸ
341 1791 513 1866 στόμα
544 1799 743 1866 κυρίου
774 1792 1214 1868 παντοκράτορος
1247 1792 1478 1866 ἐλάλησε
1507 1792 1740 1852 ταῦτα.”

75 1901 116 1933 20
265 1882 312 1934 6.
341 1874 489 1950 ’Ήδη
519 1879 614 1934 καὶ
644 1875 915 1951 πρότερον
937 1881 1111 1934 ταῦτα
1135 1876 1270 1951 ἡμῖν
1295 1884 1372 1945 εἰς
1390 1877 1517 1945 τοὺς
1541 1877 1745 1946 τόπους

137 1961 491 2035 τεθεώρηται.
571 1963 846 2019 δέδεικται
881 1962 941 2018 δὲ
971 1958 1119 2029 ὅπως
1150 1959 1279 2019 οὐδ’
1326 1960 1525 2020 ἄλλοτέ
1548 1986 1680 2020 ποτε
1710 1960 1744 2035 ἢ

137 2043 243 2103 ἀπὸ
278 2050 391 2103 τῶν
420 2045 638 2122 χρόνων
677 2049 777 2104 τοῦ
810 2050 1056 2120 σωτῆρος
1096 2043 1255 2120 ἡμῶν
1292 2044 1469 2120 Ἰησοῦ
1501 2051 1747 2123 Χριστοῦ

139 2137 218 2197 εἰς
248 2128 586 2205 ἀνθρώπους
619 2134 944 2204 ἐπιφανείας
975 2130 1052 2188 τοὶ
1071 2131 1241 2189 πάλαι
1271 2130 1446 2206 σεμνά
1476 2136 1588 2190 τῶν
1614 2129 1743 2190 Ἰου-

140 2220 347 2288 δαίων,
390 2213 491 2290 ὅρη
524 2216 679 2275 Σιών
711 2215 1117 2289 ἐπικαλούμενα
1148 2219 1240 2273 καὶ
1265 2213 1646 2291 Ἰερουσαλὴμ,
1679 2217 1745 2273 τά

52 2322 115 2354 »25
138 2325 196 2358 τε
228 2303 316 2358 ἐπὶ
345 2299 559 2359 τούτων
597 2299 1033 2375 οἰκοδομήματα,
1075 2299 1103 2358 ὁ
1144 2298 1283 2368 νει-ὸς
1317 2299 1530 2374 δηλαδή
1561 2303 1650 2358 καὶ
1683 2299 1743 2357 τὸ

138 2381 297 2456 ἅγιον
326 2391 440 2443 τῶν
479 2382 655 2458 ἆγίων
686 2386 776 2443 καὶ
816 2383 876 2442 τὸ
907 2384 1313 2459 θυσιαστήριον
1343 2388 1436 2442 καὶ
1470 2383 1573 2442 ὅσα
1604 2382 1743 2440 ἄλλα

138 2466 338 2525 αὐτόθι
370 2475 446 2535 εἰς
469 2469 633 2543 τιμὴν
655 2467 901 2528 ἀνέκειτο
925 2474 1023 2527 τοῦ
1045 2473 1186 2526 θεοῦ
1211 2473 1271 2526 ἐκ
1302 2471 1474 2540 μέσου
1497 2465 1743 2542 ἀρθέντα

139 2550 497 2624 σεσάλευται,
527 2552 853 2620 ἀκολούθως
883 2558 959 2630 τῷ
992 2551 1138 2630 λόγῳ
1171 2551 1412 2626 φήσαντι
1435 2550 1467 2571 “
1488 2552 1614 2609 ἰδοὺ
1647 2551 1743 2608 κῦ-

139 2661 253 2711 ριος
293 2635 483 2711 κύριος
538 2637 891 2712 ἐκπορεύεται
942 2641 1002 2695 ἐκ
1041 2640 1142 2694 τοῦ
1179 2635 1351 2694 τόπου
1392 2633 1596 2708 αὐτοῦ,
1650 2638 1742 2692 καὶ

74 2744 114 2776 30
138 2720 509 2794 καταβήσεται
541 2723 628 2778 ἐπὶ
659 2720 725 2778 τὰ
754 2719 870 2794 ὕψη
900 2726 996 2794 τῆς
1026 2725 1146 2794 γῆς,
1181 2723 1274 2778 καὶ
1297 2720 1744 2794 σαλευθήσονται

138 2804 204 2862 τὰ
255 2803 356 2878 ὅρη
405 2804 771 2863 ὑποκάτωθεν
823 2803 1052 2863 αὐτοῦ.”
1127 2811 1174 2862 7.
1221 2797 1300 2862 οἷν
1351 2809 1744 2863 σαλευθέντων

137 2893 250 2947 τῶν
284 2893 341 2946 ἐκ
382 2896 674 2965 περιτομῆς
717 2895 778 2947 αι’
816 2893 1015 2964 ψυχαὶ,
1061 2888 1312 2956 κοιλάδες
1343 2889 1742 2964 ὀνομαζόμεναι

1339 2983 1446 3036 35*

1771 1991 1793 2023 d
