1992 3186
544 131 848 172 DEMONST.
880 131 1097 173 EVANG.
1129 132 1204 174 VI.
1240 132 1306 174 18.
1644 130 1746 182 387

139 245 276 306 κατὰ
318 247 446 313 τούς
483 244 743 319 ’Λντόχου
788 245 1046 320 χρόνους·
1103 242 1221 302 οἷον
1265 242 1326 302 τὸ
1368 251 1749 319 αἰχμαλωσίαν

138 333 486 389 πεπονθέναι
521 329 619 387 τὸν
649 330 814 401 λαὸν,
848 332 938 387 καὶ
969 328 1028 386 τὸ
1058 333 1253 402 στῆναι
1283 329 1411 396 τοὺς
1441 328 1615 396 πόδας
1647 355 1749 387 κυ-

73 436 75 438 ·
139 422 264 491 ρίου
297 418 385 473 ἐπὶ
423 414 483 472 τὸ
522 418 634 472 τῶν
677 417 876 472 ἐλαιῶν
914 412 1070 489 ὅρος,
1113 417 1204 471 καὶ
1246 420 1299 471 εἰ
1333 416 1527 486 γέγονε
1557 413 1746 488 κύριος

140 506 217 569 εἰς
247 501 478 573 βασιλέα
521 501 607 556 ἐπὶ
649 503 833 556 πᾶσαν
863 499 964 572 τὴν
1003 502 1108 571 γῆν
1140 502 1201 555 ἐν
1238 502 1304 572 τῇ
1336 490 1512 574 ἡμέρᾳ
1543 502 1748 572 ἐκείνῃ,

95 609 116 640 5
139 586 229 642 καὶ
264 590 315 641 εί
341 582 400 641 τό
430 582 604 657 ὄνομα
635 590 834 658 κυρίου
867 582 1145 640 ἐκύκλωσε
1175 582 1277 654 τὴν
1306 586 1412 655 γῆν
1443 585 1627 640 πᾶσαν
1656 586 1749 640 καὶ

137 668 240 742 τὴν
270 674 500 743 ἔρημον,
541 665 630 725 ὅτε
669 671 764 740 τῆς
797 674 1012 740 Συρίας
1047 664 1320 740 Ἀντίοχος
1364 666 1606 741 ἐκράτει·
1655 669 1748 724 καὶ

137 752 203 810 τὰ
244 752 407 810 λοιπὰ
455 754 515 810 δὲ
563 756 658 824 τῆς
697 751 1051 827 προρρήσεως
1090 747 1287 808 ὁποίου
1325 754 1514 818 τέλους
1557 757 1749 824 ἔτυχεν

130 835 411 910 Ἀντιόχου
442 835 834 908 βασιλεύοντος
875 840 991 902 πῶς
1028 857 1109 902 τις
1140 833 1446 905 ἆποδῶσει;
1493 841 1571 892 12.
1607 834 1740 893 καθ’
1779 869 1797 891 c

137 920 278 994 ἡμᾶς
322 922 382 978 δὲ
421 924 595 978 ταῦτα
634 923 727 977 καὶ
766 918 902 991 πρὸς
942 923 1090 988 λέξιν
1132 920 1234 992 μὲν
1264 916 1623 992 ἀποδέδοται,
1657 923 1749 976 καὶ

75 1031 117 1064 10
140 1004 272 1063 καθ’
310 1007 502 1079 ἑτέραν
534 1005 594 1061 δὲ
628 1003 904 1062 διάνοιαν·
952 1002 1085 1077 μετα
1115 1002 1220 1078 γὰρ
1243 1002 1344 1076 τὴν
1373 1008 1472 1061 τοῦ
1505 1007 1750 1077 σωτῆρος

138 1089 295 1163 ἡμῶν
318 1088 499 1162 Ἰησοῦ
516 1091 758 1160 Χριστοῦ
782 1095 1097 1162 παρουσίαν
1126 1087 1160 1160 ἡ
1192 1086 1348 1155 πόλις
1372 1087 1577 1160 αὐτῶν,
1610 1087 1749 1160 αὕτη

138 1197 201 1246 γε
230 1170 264 1246 ἡ
289 1169 662 1248 Ἰερουσαλὴμ,
695 1175 786 1230 καὶ
816 1172 876 1230 τὸ
906 1178 1018 1230 πᾶν
1042 1171 1291 1245 σύστημα
1322 1174 1414 1229 καὶ
1445 1179 1749 1244 πολίτευμα

137 1263 234 1330 τῆς
264 1257 402 1315 κατὰ
441 1257 538 1315 τὸν
576 1256 748 1330 νόμον
780 1260 1031 1324 Μωσέως
1070 1265 1376 1329 θρησκείας
1421 1266 1747 1329 καθῃρεῖτο·

140 1340 339 1398 αὐτίκα
382 1342 443 1398 δὲ
481 1341 584 1413 τὴν
628 1339 765 1398 κατὰ
805 1340 1056 1399 διάνοιαν
1097 1347 1478 1414 αἰχμαλωσίαν
1518 1339 1652 1413 πρὸς
1683 1344 1752 1414 τῇ

78 1451 117 1483 15
141 1430 422 1499 σωματικῇ
454 1423 790 1497 πεπόνθασι,
822 1423 917 1482 τὸν
948 1428 1168 1498 σωτῆρα
1199 1427 1290 1481 καὶ
1323 1423 1609 1499 λυτρωτὴν
1638 1430 1751 1482 τῶν

139 1506 519 1583 ἀνθρωπίνων
549 1513 744 1582 ψυχῶν
773 1508 846 1582 μὴ
878 1507 1347 1581 παραδεξάμενοι,
1383 1508 1480 1566 τὸν
1512 1507 1749 1565 ἐλθόντα

141 1596 372 1666 κηρῦξαι
423 1609 537 1659 τοῖς
588 1589 698 1649 ὑπὸ
750 1592 1030 1665 δαιμόνων
1074 1595 1336 1665 πονηρῶν
1388 1590 1749 1664 αἰχμαλώτοις
1775 1615 1796 1647 d

140 1675 342 1749 ἄφεσιν
388 1680 480 1734 καὶ
530 1690 644 1742 τοῖς
692 1676 787 1742 τὰς
839 1682 1087 1742 διανοίας
1139 1684 1368 1748 τυφλοῖς
1420 1673 1745 1747 ἀνάβλεψιν.

144 1765 223 1816 13.
257 1764 432 1817 ταῦτα
466 1762 524 1816 δὲ
555 1759 922 1817 πεπονθότων
965 1763 1194 1818 ἐκείνων
1235 1759 1325 1815 διὰ
1355 1758 1458 1831 τὴν
1488 1756 1750 1817 ἀπιστίαν

0 1872 1 1922 3
77 1868 119 1900 20
143 1841 356 1918 αὐτῶν,
388 1849 444 1901 oc
469 1844 565 1901 τὸν
596 1847 756 1917 σφῶν
786 1843 1071 1917 λυτρωτὴν
1097 1843 1440 1916 ἐπιγνόντες,
1474 1849 1673 1910 οἰκεῖοί
1690 1868 1749 1901 τε

0 1923 1 1936 ³
141 1925 311 1986 αὐτοῦ
340 1927 628 2001 γενόμενοι
658 1931 902 2001 μαθηταὶ
932 1931 1024 1985 καὶ
1069 1925 1365 1985 ἀπόστολοι
1396 1931 1488 1984 καὶ
1521 1925 1751 2000 εὐαγγε-

140 2014 340 2084 λισταὶ,
371 2019 624 2070 πλεῖστοί
641 2037 699 2070 τε
729 2010 885 2069 ἄλλοι
909 2015 1022 2069 τῶν
1053 2015 1112 2069 ἐκ
1143 2016 1436 2086 περιτομῆς
1471 2018 1547 2078 εἰς
1579 2011 1750 2069 αὐτὸν

140 2095 613 2168 πεπιστευκότων,
658 2099 785 2170 περὶ
826 2089 906 2154 ῶν
943 2114 1116 2169 φησιν
1163 2093 1192 2153 ὁ
1233 2093 1533 2162 ἀπόστολος
1565 2093 1749 2153 “οῧτω

141 2181 233 2236 καὶ
257 2183 365 2237 νῦν
387 2188 586 2253 λεῖμμα
611 2179 729 2237 κατ’
763 2178 996 2253 ἐκλογὴν
1027 2180 1243 2254 χάριτος
1267 2177 1517 2252 γέγονε.”
1562 2185 1640 2238 14.
1658 2183 1751 2236 καὶ

74 2287 118 2324 25
142 2263 202 2321 τὸ
226 2259 319 2321 “sl
346 2262 419 2338 μὴ
449 2263 638 2339 κύριος
669 2263 926 2337 Σαβαῶθ
968 2266 1321 2336 ἐγκατέλιπεν
1351 2261 1483 2338 ἡμῖν
1514 2267 1750 2338 σπέρμα,

142 2344 213 2414 ῶς
230 2346 458 2421 Σόδομα
481 2343 551 2405 ἂν
585 2347 929 2421 ἐγενήθημεν
959 2350 1051 2406 καὶ
1084 2345 1155 2416 ῶς
1188 2347 1444 2422 Γόμορρα
1478 2344 1548 2405 ἂν
1580 2347 1748 2420 ῶμοι-
1772 2374 1859 2414 (287)

145 2429 432 2504 ω’θημεν·”
495 2436 591 2505 τῆς
621 2435 958 2505 νενοημένης
988 2429 1123 2505 ἡμῖν
1153 2430 1288 2489 κατὰ
1314 2431 1566 2489 διάνοιαν
1598 2439 1747 2487 πολι-

144 2521 332 2586 ορκίας
369 2514 587 2590 ἄπειροι
627 2515 1088 2589 διεφυλάχθησαν
1128 2515 1195 2573 οὐ
1233 2514 1436 2587 μόνον,
1478 2513 1615 2570 ἄλλα
1657 2518 1750 2571 καὶ

144 2599 238 2668 τῆς
268 2596 402 2671 πρὸς
432 2601 579 2666 λέξιν
608 2598 997 2672 ἀποδοθείσης.
1070 2605 1128 2656 οἷ
1162 2601 1300 2669 γοῦν
1330 2597 1624 2655 ἀπόστολοι
1656 2601 1748 2654 καὶ

81 2706 122 2739 30
143 2683 388 2752 μαθηταὶ
404 2687 502 2737 τοῦ
519 2686 760 2757 σωτῆρος
784 2682 959 2756 ἡμῶν,
978 2686 1068 2740 καὶ
1087 2681 1288 2747 πάντες
1306 2687 1362 2739 οἱ
1385 2685 1437 2750 ἐξ
1463 2679 1748 2740 ’Ῑουδαίων

260 2873 310 2912 17
331 2873 410 2912 Es.
435 2874 502 2923 61,
528 2875 565 2916 1.
607 2873 782 2924 Luc.4,
807 2876 873 2916 18.
991 2877 1043 2915 23
1065 2876 1195 2915 Rom.
1219 2876 1285 2927 11,
1309 2876 1348 2918 5.
1465 2877 1519 2916 25
1540 2876 1616 2915 Es.
1642 2878 1680 2927 1,
1705 2878 1745 2916 9.

1334 2942 1446 2995 25*
