1946 3158
583 87 892 131 DEMONST.
915 86 1140 129 EVANG.
1172 87 1259 129 111.
1290 88 1331 126 4.
1658 83 1757 136 167

146 209 278 281 μὲν,
311 211 534 281 γοητείᾳ
569 205 630 261 δὲ
660 201 839 271 ἄλλως
873 205 962 260 ἐπὶ
993 200 1174 277 πλάνῃ
1204 205 1318 259 τῶν
1347 199 1637 276 ὁρώντων,
1683 198 1757 268 ὥς

147 289 218 350 ἂν
258 287 356 348 ὑπ’
399 286 603 363 ἀνδρὸς
645 286 887 360 πλάνου,
933 290 1247 345 ἐπιθέσθαι.
1333 293 1384 342 εἰ
1422 287 1484 343 δὲ
1521 285 1623 361 χρὴ
1666 288 1755 343 καὶ

149 378 237 434 ἐπὶ
277 378 378 432 τοῦ
413 371 684 448 παρόντος
725 374 935 447 βραχέα
985 371 1121 444 πρὸς
1169 369 1296 438 τούς
1339 373 1758 444 δεδηλωμένους

149 463 436 533 ἐνστῆναι,
469 455 570 516 οὐκ
600 456 1019 531 ἀπολειψόμεθα
1047 458 1314 529 σπουδῆς,
1345 453 1522 524 ἄλλως
1549 457 1616 513 δέ
1642 480 1758 523 πως

101 564 123 596 5
147 543 335 611 αὐτοῖς
366 540 769 616 ἀπαντήσομεν.

273 633 357 686 32.
392 634 467 686 Εί
495 628 555 684 δὲ
587 629 800 700 λέγοιεν
839 627 1017 700 μηδὲν
1046 625 1147 699 τὴν
1188 624 1364 702 ἀρχὴν
1395 628 1753 699 πεποιηκέναι
1778 658 1795 680 c

144 711 241 771 τὸν
272 716 492 786 σωτῆρα
523 710 681 785 ἡμῶν
710 709 1039 784 θαυμαστὸν
1067 712 1214 784 μηδέ
1249 734 1300 767 τι
1331 711 1647 783 παράδοξον
1678 711 1758 767 ὠν

146 796 533 872 ἐμαρτύρησαν
573 801 630 853 οἱ
655 795 949 870 γνώριμοι,
992 794 1329 868 σκεψώμεθα
1372 800 1423 852 εἰ
1459 793 1756 862 πιθανὸςὸ

145 881 303 954 λόγος
335 878 523 948 αὐτοῖς
554 887 754 953 ἔσται,
776 879 850 953 μὴ
893 878 995 952 τὴν
1026 885 1211 936 αἰτίαν
1242 886 1464 952 ἔχουσιν
1495 878 1756 936 ἀποδιδό-

78 985 120 1018 10
143 991 255 1039 ναι,
289 963 364 1023 δι’
398 963 469 1037 ἣν
498 969 555 1022 οι
579 989 682 1038 μεν
712 966 979 1038 μαθηταὶ,
1010 960 1039 1021 ὁ
1066 965 1127 1021 δε
1161 963 1492 1031 διδασκαλος
1526 962 1757 1038 ἐχρημα-

141 1070 319 1108 τισαν.
388 1075 417 1107 ο
459 1073 519 1107 τε
561 1074 665 1123 γαρ
709 1048 992 1107 διδασκων
1044 1051 1379 1122 ἐπαγγελίαν
1432 1047 1757 1122 μαθήματός

141 1159 290 1202 τινος
332 1136 858 1208 ἐπαγγέλλεται,οί
894 1158 953 1192 τε
993 1134 1063 1191 αὐ
1093 1135 1369 1215 μαθηταὶ,
1410 1131 1757 1207 μαθηματων

142 1216 540 1294 ὀριγνώμενοι,
587 1239 732 1292 σφας
778 1217 980 1286 αὐτοὺς
1028 1222 1104 1296 τῷ
1149 1215 1466 1295 διδασκαλω
1509 1220 1757 1291 προσφέ-

143 1328 333 1377 ροντες
365 1305 732 1378 ἐπιτρέπουσι.
794 1307 878 1361 33.
911 1309 1037 1361 τίνα
1066 1278 1171 1362 οὖν
1196 1309 1346 1361 ἔστιν
1370 1309 1548 1361 εἰπεῖν
1573 1309 1759 1360 αἰτίαν

80 1406 122 1439 15
145 1392 257 1445 τῶν
286 1392 381 1445 τοῦ
409 1384 587 1460 Ἰησοῦ
615 1391 884 1460 μαθητῶν
905 1390 1000 1461 τῆς
1024 1387 1132 1445 σὺν
1155 1385 1305 1465 αὐτῷ
1329 1392 1631 1462 διατριβῆς,
1665 1390 1757 1444 καὶ
1783 1413 1806 1445 d

143 1477 202 1528 τί
226 1470 285 1528 τὸ
317 1468 622 1544 αναγκαῖον
661 1478 756 1544 τῆς
796 1474 922 1545 περὶ
964 1470 1133 1530 αὐτὸν
1174 1476 1449 1546 σπουδῆς,
1491 1479 1662 1530 τίνων
1695 1473 1757 1529 δὲ

144 1559 237 1613 καὶ
279 1555 616 1614 διδασκαλον
667 1555 1043 1658 ἐπεγραφοντο
1092 1555 1466 1629 μαθηματων;
1518 1553 1551 1630 ἢ
1593 1561 1755 1614 τοῦτο

143 1665 246 1714 μεν
279 1643 478 1713 δῆλον,
511 1664 728 1708 παντως
759 1665 864 1714 γαρ
896 1662 1004 1698 που
1037 1665 1116 1698 ων
1156 1639 1288 1714 παρ’
1334 1639 1504 1698 αὐτοῦ
1545 1639 1756 1714 μαθόν-

142 1747 231 1791 τες
264 1730 341 1792 εἰς
373 1727 590 1805 ἑτέρους
623 1725 949 1798 ἐξήνεγκαν·
991 1731 1356 1800 παραγγελίαι
1390 1722 1445 1781 δ’
1478 1717 1622 1798 ἦσαν
1654 1724 1758 1783 αὐ-

78 1828 121 1862 20
143 1811 221 1886 τῷ
261 1807 572 1883 φιλοσόφου
622 1815 781 1882 βίου,
834 1806 901 1866 ὃν
944 1807 1292 1911 ὑπογραφων
1332 1807 1518 1876 αὐτοῖς
1566 1817 1755 1883 ἔλεγεν

137 1889 247 1967 “μὴ
287 1891 571 1967 κτήσησθε
612 1893 820 1968 χρυσὸν
858 1895 997 1967 μηδε
1038 1892 1286 1968 α’ργυρον
1327 1900 1406 1961 εἰς
1435 1919 1530 1962 τας
1562 1893 1754 1968 ζώνας,

143 1978 215 2052 μὴ
259 1976 444 2052 πήραν
493 1985 570 2047 εἰς
610 1975 803 2052 ὁδόν,”
855 1981 947 2036 καὶ
978 2003 1043 2036 τα
1073 1982 1328 2052 τοιαῦτα,
1370 1983 1435 2055 τῇ
1482 1980 1543 2037 δε
1573 1978 1755 2037 πάντα

147 2061 433 2137 διοικούσῃ
485 2069 718 2140 προνοία
760 2061 964 2131 αὐτους
1015 2060 1327 2130 ἀναθέντας
1384 2064 1561 2137 μηδεν
1594 2089 1757 2173 μερι-

142 2151 288 2220 μνᾶν
328 2151 440 2204 τῶν
470 2152 670 2221 χρειῶν
701 2151 891 2221 ἕνεκα,
933 2147 1169 2223 παρῄνει
1202 2147 1253 2205 δ’
1292 2145 1478 2216 αυτοῖς
1521 2151 1612 2206 καὶ
1641 2155 1756 2206 τῶν

78 2249 122 2282 25
137 2230 425 2299 Ἰουδαίοις
477 2228 586 2289 ὑπὸ
644 2235 889 2299 Μωσέως
940 2235 1410 2307 παρηγγελμένων
1468 2240 1755 2308 κρείττονα

143 2331 392 2391 φρονεῖν.
454 2320 538 2374 34.
571 2315 665 2374 τὸν
693 2342 797 2391 μεν
826 2342 931 2392 γαρ
962 2325 1052 2375 οἱα
1075 2324 1419 2421 προχείροις
1436 2324 1512 2386 εἰς
1543 2315 1749 2392 ανδρο-
1774 2339 1865 2379 (110)

144 2408 346 2474 φονίας
389 2403 756 2474 νομοθετῆσαι
795 2400 869 2476 μὴ
909 2400 1199 2475 φονεύειν·
1263 2400 1526 2470 ωσαύτως
1569 2403 1630 2459 δε
1662 2405 1754 2459 καὶ

147 2484 220 2557 μὴ
253 2484 556 2559 μοιχεύειν,
589 2493 678 2543 οἱα
709 2485 1083 2559 λαγνιστατοις
1114 2488 1206 2543 καὶ
1238 2507 1753 2560 καταφερεστατοις,

148 2570 240 2626 καὶ
282 2571 352 2626 αὐ
392 2569 559 2629 παλιν
598 2569 672 2644 μὴ
712 2573 989 2644 κλέπτειν,
1031 2567 1120 2629 οἷα
1166 2570 1751 2646 δουλοπρεπεστατοις,

82 2667 126 2698 30
150 2650 351 2720 αὐτο-υς
393 2654 453 2710 δε
495 2659 616 2711 δεῖν
653 2652 877 2722 τούτους
917 2681 1019 2730 μεν
1054 2654 1316 2728 ἡγεῖσθαι
1346 2654 1420 2729 μὴ
1451 2654 1754 2730 προσήκειν

151 2735 340 2802 αὐτοῖς
376 2736 502 2803 τούς
540 2737 772 2812 νόμους,
814 2740 868 2794 τὸ
914 2737 971 2798 δ’
1016 2737 1231 2808 ἀπαθὲς
1271 2744 1366 2813 τῆς
1407 2746 1585 2814 ψυχῆς
1627 2743 1754 2816 περὶ

265 2862 316 2901 21
350 2860 515 2902 Matth.
542 2862 608 2913 10,
632 2863 673 2903 9.
