<?xml version="1.0" encoding="UTF-8"?>
<!DOCTYPE html PUBLIC "-//W3C//DTD XHTML 1.0 Transitional//EN"
    "http://www.w3.org/TR/xhtml1/DTD/xhtml1-transitional.dtd">
<html xmlns="http://www.w3.org/1999/xhtml" xml:lang="en" lang="en">
 <head>
  <title>
</title>
<meta http-equiv="Content-Type" content="text/html;charset=utf-8" />
  <meta name='ocr-system' content='tesseract 3.04.00' />
  <meta name='ocr-capabilities' content='ocr_page ocr_carea ocr_par ocr_line ocrx_word'/>
</head>
<body>
  <div class='ocr_page' id='page_1' title='image "./operaeusebius03euseuoft_0124.png"; bbox 0 0 1946 3158; ppageno 0'>
   <div class='ocr_carea' id='block_1_1' title="bbox 222 155 1142 206">
    <p class='ocr_par' dir='ltr' id='par_1_1' title="bbox 222 155 1142 206">
     <span class='ocr_line' id='line_1_1' title="bbox 222 155 1142 206; baseline -0.009 0"><span class='ocrx_word' id='word_1_1' title='bbox 222 155 322 206; x_wconf 80' lang='lat'><em>100</em></span> <span class='ocrx_word' id='word_1_2' title='bbox 889 155 1142 198; x_wconf 79' lang='lat' dir='ltr'>EUSEBII</span> 
     </span>
    </p>
   </div>
   <div class='ocr_carea' id='block_1_2' title="bbox 121 270 1884 2799">
    <p class='ocr_par' dir='ltr' id='par_1_2' title="bbox 121 270 1884 2799">
     <span class='ocr_line' id='line_1_2' title="bbox 211 270 1819 345; baseline 0 -15"><span class='ocrx_word' id='word_1_3' title='bbox 211 270 592 345; x_wconf 82' lang='grc' dir='ltr'><em>κατασιγάζειν</em></span> <span class='ocrx_word' id='word_1_4' title='bbox 644 270 771 337; x_wconf 81' lang='grc' dir='ltr'><em>τοὺς</em></span> <span class='ocrx_word' id='word_1_5' title='bbox 827 273 884 327; x_wconf 90' lang='grc' dir='ltr'><em>ἐκ</em></span> <span class='ocrx_word' id='word_1_6' title='bbox 934 274 1231 344; x_wconf 79' lang='grc' dir='ltr'><strong><em>περιτομῆς</em></strong></span> <span class='ocrx_word' id='word_1_7' title='bbox 1274 271 1587 345; x_wconf 78' lang='grc' dir='ltr'><em>φάσκοντας</em></span> <span class='ocrx_word' id='word_1_8' title='bbox 1629 270 1819 345; x_wconf 85' lang='grc' dir='ltr'><em>μόνοις</em></span> 
     </span>
     <span class='ocr_line' id='line_1_3' title="bbox 211 352 1819 430; baseline -0.001 -15"><span class='ocrx_word' id='word_1_9' title='bbox 211 354 398 424; x_wconf 78' lang='grc' dir='ltr'><em>αὐτοῖς</em></span> <span class='ocrx_word' id='word_1_10' title='bbox 428 356 522 424; x_wconf 80' lang='grc' dir='ltr'><em>τὰς</em></span> <span class='ocrx_word' id='word_1_11' title='bbox 569 359 894 428; x_wconf 84' lang='grc' dir='ltr'><em>ἐπαγγελίας</em></span> <span class='ocrx_word' id='word_1_12' title='bbox 940 358 1039 412; x_wconf 83' lang='grc' dir='ltr'><em>τοῦ</em></span> <span class='ocrx_word' id='word_1_13' title='bbox 1083 359 1223 413; x_wconf 82' lang='grc' dir='ltr'><em>θεοῦ</em></span> <span class='ocrx_word' id='word_1_14' title='bbox 1255 359 1639 430; x_wconf 78' lang='grc' dir='ltr'><em>δεδωρῆσθαι,</em></span> <span class='ocrx_word' id='word_1_15' title='bbox 1677 352 1819 430; x_wconf 80' lang='grc' dir='ltr'><em>ἡμᾶς</em></span> 
     </span>
     <span class='ocr_line' id='line_1_4' title="bbox 215 438 1819 515; baseline 0 -16"><span class='ocrx_word' id='word_1_16' title='bbox 215 442 274 499; x_wconf 88' lang='grc' dir='ltr'><em>δε</em></span> <span class='ocrx_word' id='word_1_17' title='bbox 316 439 441 507; x_wconf 82' lang='grc' dir='ltr'><em>τούς</em></span> <span class='ocrx_word' id='word_1_18' title='bbox 486 438 592 497; x_wconf 88' lang='grc' dir='ltr'><em>ἀπὸ</em></span> <span class='ocrx_word' id='word_1_19' title='bbox 644 443 756 497; x_wconf 79' lang='grc' dir='ltr'><em>τῶν</em></span> <span class='ocrx_word' id='word_1_20' title='bbox 808 442 995 498; x_wconf 73' lang='grc' dir='ltr'><em>ἐθνῶν</em></span> <span class='ocrx_word' id='word_1_21' title='bbox 1043 439 1329 515; x_wconf 81' lang='grc' dir='ltr'><em>περιττοὺς</em></span> <span class='ocrx_word' id='word_1_22' title='bbox 1380 441 1522 499; x_wconf 83' lang='grc' dir='ltr'><em>εἶναι</em></span> <span class='ocrx_word' id='word_1_23' title='bbox 1571 442 1662 498; x_wconf 85' lang='grc' dir='ltr'><em>καὶ</em></span> <span class='ocrx_word' id='word_1_24' title='bbox 1707 465 1819 499; x_wconf 90' lang='grc' dir='ltr'><em>των</em></span> 
     </span>
     <span class='ocr_line' id='line_1_5' title="bbox 215 520 1819 599; baseline -0.001 -15"><span class='ocrx_word' id='word_1_25' title='bbox 215 532 391 584; x_wconf 81' lang='grc' dir='ltr'><em>θείων</em></span> <span class='ocrx_word' id='word_1_26' title='bbox 423 521 779 598; x_wconf 80' lang='grc' dir='ltr'><em>ὑποσχέσεων</em></span> <span class='ocrx_word' id='word_1_27' title='bbox 808 520 1155 599; x_wconf 87' lang='grc' dir='ltr'><em>ἀλλοτρίους·</em></span> <span class='ocrx_word' id='word_1_28' title='bbox 1205 527 1476 583; x_wconf 81' lang='grc' dir='ltr'><em>δέδεικται</em></span> <span class='ocrx_word' id='word_1_29' title='bbox 1508 524 1612 599; x_wconf 85' lang='grc' dir='ltr'><em>γάρ</em></span> <span class='ocrx_word' id='word_1_30' title='bbox 1644 531 1819 599; x_wconf 79' lang='grc' dir='ltr'><em>ἐμπα-</em></span> 
     </span>
     <span class='ocr_line' id='line_1_6' title="bbox 213 607 1860 685; baseline 0.001 -18"><span class='ocrx_word' id='word_1_31' title='bbox 213 619 300 668; x_wconf 92' lang='grc' dir='ltr'><em>λιν</em></span> <span class='ocrx_word' id='word_1_32' title='bbox 332 608 403 676; x_wconf 80' lang='grc' dir='ltr'><em>ὡς</em></span> <span class='ocrx_word' id='word_1_33' title='bbox 447 611 774 667; x_wconf 88' lang='grc' dir='ltr'><em>τεθέσπιστο</em></span> <span class='ocrx_word' id='word_1_34' title='bbox 814 608 879 666; x_wconf 80' lang='grc' dir='ltr'><em>τὰ</em></span> <span class='ocrx_word' id='word_1_35' title='bbox 909 610 1011 683; x_wconf 76' lang='grc' dir='ltr'><em>μὲν</em></span> <span class='ocrx_word' id='word_1_36' title='bbox 1051 614 1191 682; x_wconf 82' lang='grc' dir='ltr'><em>ἔθνη</em></span> <span class='ocrx_word' id='word_1_37' title='bbox 1229 607 1408 667; x_wconf 87' lang='grc' dir='ltr'><em>πάντα</em></span> <span class='ocrx_word' id='word_1_38' title='bbox 1447 613 1543 683; x_wconf 84' lang='grc' dir='ltr'><em>τῆς</em></span> <span class='ocrx_word' id='word_1_39' title='bbox 1574 613 1820 685; x_wconf 77' lang='grc' dir='ltr'><em>Χριστοῦ</em></span> <span class='ocrx_word' id='word_1_40' title='bbox 1840 634 1860 668; x_wconf 81' lang='lat'>5</span> 
     </span>
     <span class='ocr_line' id='line_1_7' title="bbox 121 690 1820 768; baseline 0.001 -17"><span class='ocrx_word' id='word_1_41' title='bbox 121 718 187 760; x_wconf 71' lang='lat'>141]</span> <span class='ocrx_word' id='word_1_42' title='bbox 214 700 519 768; x_wconf 82' lang='grc' dir='ltr'><em>παρουσίας</em></span> <span class='ocrx_word' id='word_1_43' title='bbox 549 690 917 766; x_wconf 82' lang='grc' dir='ltr'><em>ἀπολαύσειν,</em></span> <span class='ocrx_word' id='word_1_44' title='bbox 964 693 1030 751; x_wconf 80' lang='grc' dir='ltr'><em>τὰ</em></span> <span class='ocrx_word' id='word_1_45' title='bbox 1062 691 1115 751; x_wconf 87' lang='grc' dir='ltr'><em>δ’</em></span> <span class='ocrx_word' id='word_1_46' title='bbox 1146 690 1431 755; x_wconf 89' lang='grc' dir='ltr'><em>Ἰουδαίων</em></span> <span class='ocrx_word' id='word_1_47' title='bbox 1460 691 1651 767; x_wconf 81' lang='grc' dir='ltr'><em>πλήθη</em></span> <span class='ocrx_word' id='word_1_48' title='bbox 1681 691 1820 752; x_wconf 86' lang='grc' dir='ltr'><em>ἀπο-</em></span> 
     </span>
     <span class='ocr_line' id='line_1_8' title="bbox 212 777 1822 853; baseline 0.001 -17"><span class='ocrx_word' id='word_1_49' title='bbox 212 789 507 837; x_wconf 88' lang='grc' dir='ltr'><em>πεσεῖσθαι</em></span> <span class='ocrx_word' id='word_1_50' title='bbox 546 781 641 851; x_wconf 80' lang='grc' dir='ltr'><em>τῆς</em></span> <span class='ocrx_word' id='word_1_51' title='bbox 679 777 815 850; x_wconf 85' lang='grc' dir='ltr'><em>πρὸς</em></span> <span class='ocrx_word' id='word_1_52' title='bbox 853 778 983 846; x_wconf 84' lang='grc' dir='ltr'><em>τοὺς</em></span> <span class='ocrx_word' id='word_1_53' title='bbox 1014 777 1198 836; x_wconf 72' lang='grc' dir='ltr'><em>αὐτῶν</em></span> <span class='ocrx_word' id='word_1_54' title='bbox 1237 777 1545 853; x_wconf 80' lang='grc' dir='ltr'><em>προγόνους</em></span> <span class='ocrx_word' id='word_1_55' title='bbox 1587 780 1822 852; x_wconf 88' lang='grc' dir='ltr'><em>ἐπαγγε-</em></span> 
     </span>
     <span class='ocr_line' id='line_1_9' title="bbox 212 862 1820 938; baseline 0.001 -18"><span class='ocrx_word' id='word_1_56' title='bbox 212 870 331 931; x_wconf 88' lang='grc' dir='ltr'><em>λιάς</em></span> <span class='ocrx_word' id='word_1_57' title='bbox 366 862 457 921; x_wconf 85' lang='grc' dir='ltr'><em>διά</em></span> <span class='ocrx_word' id='word_1_58' title='bbox 495 864 596 936; x_wconf 87' lang='grc' dir='ltr'><em>τὴν</em></span> <span class='ocrx_word' id='word_1_59' title='bbox 637 869 714 931; x_wconf 84' lang='grc' dir='ltr'><em>είς</em></span> <span class='ocrx_word' id='word_1_60' title='bbox 745 863 986 938; x_wconf 90' lang='grc' dir='ltr'><em>Χριστὸν</em></span> <span class='ocrx_word' id='word_1_61' title='bbox 1015 862 1203 921; x_wconf 73' lang='grc' dir='ltr'><em>αὐτῶν</em></span> <span class='ocrx_word' id='word_1_62' title='bbox 1232 862 1521 936; x_wconf 78' lang='grc' dir='ltr'><em>ἀπιστίαν,</em></span> <span class='ocrx_word' id='word_1_63' title='bbox 1565 871 1820 921; x_wconf 90' lang='grc' dir='ltr'><em>σπανίων</em></span> 
     </span>
     <span class='ocr_line' id='line_1_10' title="bbox 162 946 1818 1023; baseline 0 -18"><span class='ocrx_word' id='word_1_64' title='bbox 162 986 179 1004; x_wconf 56' lang='lat'><em>0</em></span> <span class='ocrx_word' id='word_1_65' title='bbox 214 952 267 1016; x_wconf 82' lang='grc' dir='ltr'><em>ἐξ</em></span> <span class='ocrx_word' id='word_1_66' title='bbox 299 946 485 1006; x_wconf 80' lang='grc' dir='ltr'><em>αὐτῶν</em></span> <span class='ocrx_word' id='word_1_67' title='bbox 526 955 603 1015; x_wconf 85' lang='grc' dir='ltr'><em>εἰς</em></span> <span class='ocrx_word' id='word_1_68' title='bbox 642 948 738 1006; x_wconf 86' lang='grc' dir='ltr'><em>τὸν</em></span> <span class='ocrx_word' id='word_1_69' title='bbox 776 952 996 1023; x_wconf 82' lang='grc' dir='ltr'><em>σωτῆρα</em></span> <span class='ocrx_word' id='word_1_70' title='bbox 1036 950 1129 1006; x_wconf 86' lang='grc' dir='ltr'><em>καὶ</em></span> <span class='ocrx_word' id='word_1_71' title='bbox 1170 948 1367 1021; x_wconf 86' lang='grc' dir='ltr'><em>κύριον</em></span> <span class='ocrx_word' id='word_1_72' title='bbox 1411 947 1569 1022; x_wconf 73' lang='grc' dir='ltr'><em>ἡμῶν</em></span> <span class='ocrx_word' id='word_1_73' title='bbox 1598 969 1818 1006; x_wconf 88' lang='grc' dir='ltr'><em>πιστευ-</em></span> 
     </span>
     <span class='ocr_line' id='line_1_11' title="bbox 212 1032 1884 1107; baseline 0.001 -17"><span class='ocrx_word' id='word_1_74' title='bbox 212 1032 459 1106; x_wconf 90' lang='grc' dir='ltr'><em>σάντων,</em></span> <span class='ocrx_word' id='word_1_75' title='bbox 503 1035 595 1091; x_wconf 85' lang='grc' dir='ltr'><em>καὶ</em></span> <span class='ocrx_word' id='word_1_76' title='bbox 636 1032 727 1090; x_wconf 78' lang='grc' dir='ltr'><em>διὰ</em></span> <span class='ocrx_word' id='word_1_77' title='bbox 757 1036 916 1091; x_wconf 77' lang='grc' dir='ltr'><em>τοῦτο</em></span> <span class='ocrx_word' id='word_1_78' title='bbox 954 1035 1050 1106; x_wconf 80' lang='grc' dir='ltr'><em>τῆς</em></span> <span class='ocrx_word' id='word_1_79' title='bbox 1082 1035 1491 1107; x_wconf 78' lang='grc' dir='ltr'><em>ἐπηγγελμένης</em></span> <span class='ocrx_word' id='word_1_80' title='bbox 1522 1054 1819 1107; x_wconf 85' lang='grc' dir='ltr'><em>πνευματι-</em></span> <span class='ocrx_word' id='word_1_81' title='bbox 1843 1056 1884 1091; x_wconf 90' lang='lat'><em>10</em></span> 
     </span>
     <span class='ocr_line' id='line_1_12' title="bbox 211 1114 1820 1191; baseline 0 -17"><span class='ocrx_word' id='word_1_82' title='bbox 211 1121 311 1190; x_wconf 85' lang='grc' dir='ltr'><em>κῆς</em></span> <span class='ocrx_word' id='word_1_83' title='bbox 341 1115 778 1191; x_wconf 78' lang='grc' dir='ltr'><em>ἀπολυτρώσεως</em></span> <span class='ocrx_word' id='word_1_84' title='bbox 809 1116 883 1175; x_wconf 86' lang='grc' dir='ltr'><em>δι’</em></span> <span class='ocrx_word' id='word_1_85' title='bbox 931 1114 1102 1176; x_wconf 80' lang='grc' dir='ltr'><em>αὐτοῦ</em></span> <span class='ocrx_word' id='word_1_86' title='bbox 1132 1120 1502 1191; x_wconf 85' lang='grc' dir='ltr'><em>τευξομένων·</em></span> <span class='ocrx_word' id='word_1_87' title='bbox 1573 1121 1658 1174; x_wconf 85' lang='grc'><em>44.</em></span> <span class='ocrx_word' id='word_1_88' title='bbox 1693 1119 1820 1188; x_wconf 86' lang='grc' dir='ltr'><em>περὶ</em></span> 
     </span>
     <span class='ocr_line' id='line_1_13' title="bbox 213 1198 1820 1275; baseline -0.001 -16"><span class='ocrx_word' id='word_1_89' title='bbox 213 1226 294 1259; x_wconf 92' lang='grc' dir='ltr'><em>ων</em></span> <span class='ocrx_word' id='word_1_90' title='bbox 323 1205 414 1259; x_wconf 87' lang='grc' dir='ltr'><em>καὶ</em></span> <span class='ocrx_word' id='word_1_91' title='bbox 445 1201 473 1260; x_wconf 85' lang='grc' dir='ltr'>ὁ</span> <span class='ocrx_word' id='word_1_92' title='bbox 515 1201 831 1275; x_wconf 88' lang='grc' dir='ltr'><em>θαυμάσιος</em></span> <span class='ocrx_word' id='word_1_93' title='bbox 862 1198 1163 1269; x_wconf 78' lang='grc' dir='ltr'><em>ἀπόστολος</em></span> <span class='ocrx_word' id='word_1_94' title='bbox 1203 1200 1455 1260; x_wconf 90' lang='grc' dir='ltr'><em>διδάσκει</em></span> <span class='ocrx_word' id='word_1_95' title='bbox 1493 1224 1602 1259; x_wconf 90' lang='grc' dir='ltr'><em>που</em></span> <span class='ocrx_word' id='word_1_96' title='bbox 1642 1203 1820 1274; x_wconf 92' lang='grc' dir='ltr'><em>λεγων</em></span> 
     </span>
     <span class='ocr_line' id='line_1_14' title="bbox 202 1277 1822 1362; baseline -0.001 -18"><span class='ocrx_word' id='word_1_97' title='bbox 202 1283 235 1305; x_wconf 75' lang='lat'><em>‘</em></span> <span class='ocrx_word' id='word_1_98' title='bbox 245 1285 471 1352; x_wconf 82' lang='grc' dir='ltr'><em>Ησαῖας</em></span> <span class='ocrx_word' id='word_1_99' title='bbox 497 1288 558 1344; x_wconf 90' lang='grc' dir='ltr'><em>δε</em></span> <span class='ocrx_word' id='word_1_100' title='bbox 584 1285 878 1360; x_wconf 80' lang='grc' dir='ltr'><em>κραυγάζει</em></span> <span class='ocrx_word' id='word_1_101' title='bbox 906 1288 1049 1362; x_wconf 90' lang='grc' dir='ltr'><em>υπερ</em></span> <span class='ocrx_word' id='word_1_102' title='bbox 1073 1311 1171 1345; x_wconf 89' lang='grc' dir='ltr'><em>του</em></span> <span class='ocrx_word' id='word_1_103' title='bbox 1199 1283 1434 1359; x_wconf 88' lang='grc' dir='ltr'><em>Ἰσραηλ,</em></span> <span class='ocrx_word' id='word_1_104' title='bbox 1469 1285 1567 1344; x_wconf 79' lang='grc' dir='ltr'><em>ἐὰν</em></span> <span class='ocrx_word' id='word_1_105' title='bbox 1590 1277 1626 1360; x_wconf 77' lang='grc' dir='ltr'><em>ᾗ</em></span> <span class='ocrx_word' id='word_1_106' title='bbox 1644 1309 1673 1343; x_wconf 93' lang='grc' dir='ltr'><em>ο</em></span> <span class='ocrx_word' id='word_1_107' title='bbox 1698 1282 1822 1359; x_wconf 87' lang='grc' dir='ltr'><em>ἀρι-</em></span> 
     </span>
     <span class='ocr_line' id='line_1_15' title="bbox 209 1367 1819 1473; baseline -0.001 -44"><span class='ocrx_word' id='word_1_108' title='bbox 209 1370 354 1473; x_wconf 85' lang='grc' dir='ltr'><em>θμὸς</em></span> <span class='ocrx_word' id='word_1_109' title='bbox 393 1375 505 1429; x_wconf 77' lang='grc' dir='ltr'><em>τῶν</em></span> <span class='ocrx_word' id='word_1_110' title='bbox 544 1375 687 1430; x_wconf 86' lang='grc' dir='ltr'><em>υιων</em></span> <span class='ocrx_word' id='word_1_111' title='bbox 722 1368 936 1472; x_wconf 81' lang='grc' dir='ltr'><em>Ἰσραηλ</em></span> <span class='ocrx_word' id='word_1_112' title='bbox 976 1395 1048 1438; x_wconf 90' lang='grc' dir='ltr'><em>ως</em></span> <span class='ocrx_word' id='word_1_113' title='bbox 1087 1367 1121 1444; x_wconf 82' lang='grc' dir='ltr'>ἡ</span> <span class='ocrx_word' id='word_1_114' title='bbox 1161 1395 1335 1444; x_wconf 89' lang='grc' dir='ltr'><em>αμμος</em></span> <span class='ocrx_word' id='word_1_115' title='bbox 1374 1374 1470 1443; x_wconf 83' lang='grc' dir='ltr'><em>τῆς</em></span> <span class='ocrx_word' id='word_1_116' title='bbox 1511 1368 1819 1443; x_wconf 88' lang='grc' dir='ltr'><em>θαλάσσης,</em></span> 
     </span>
     <span class='ocr_line' id='line_1_16' title="bbox 211 1451 1884 1530; baseline -0.001 -18"><span class='ocrx_word' id='word_1_117' title='bbox 211 1455 271 1512; x_wconf 89' lang='grc' dir='ltr'><em>τὸ</em></span> <span class='ocrx_word' id='word_1_118' title='bbox 302 1451 613 1530; x_wconf 89' lang='grc' dir='ltr'><em>υπόλειμμα</em></span> <span class='ocrx_word' id='word_1_119' title='bbox 653 1454 991 1528; x_wconf 85' lang='grc' dir='ltr'><em>σωθήσεται</em></span> <span class='ocrx_word' id='word_1_120' title='bbox 1063 1455 1228 1528; x_wconf 91' lang='grc' dir='ltr'><em>λόγον</em></span> <span class='ocrx_word' id='word_1_121' title='bbox 1269 1454 1375 1529; x_wconf 79' lang='grc' dir='ltr'><em>γὰρ</em></span> <span class='ocrx_word' id='word_1_122' title='bbox 1415 1457 1698 1514; x_wconf 74' lang='grc' dir='ltr'><em>συντελῶν</em></span> <span class='ocrx_word' id='word_1_123' title='bbox 1727 1457 1820 1512; x_wconf 84' lang='grc' dir='ltr'><em>καὶ</em></span> <span class='ocrx_word' id='word_1_124' title='bbox 1843 1478 1884 1511; x_wconf 87' lang='lat'><em>15</em></span> 
     </span>
     <span class='ocr_line' id='line_1_17' title="bbox 210 1538 1820 1616; baseline -0.001 -19"><span class='ocrx_word' id='word_1_125' title='bbox 210 1541 538 1613; x_wconf 86' lang='grc' dir='ltr'><em>συντέμνων</em></span> <span class='ocrx_word' id='word_1_126' title='bbox 571 1543 630 1598; x_wconf 88' lang='grc' dir='ltr'><em>έν</em></span> <span class='ocrx_word' id='word_1_127' title='bbox 662 1539 1021 1616; x_wconf 81' lang='grc' dir='ltr'><em>δικαιοσύνῃ,</em></span> <span class='ocrx_word' id='word_1_128' title='bbox 1066 1539 1149 1597; x_wconf 81' lang='grc' dir='ltr'><em>ὅτι</em></span> <span class='ocrx_word' id='word_1_129' title='bbox 1180 1538 1346 1612; x_wconf 91' lang='grc' dir='ltr'><em>λόγον</em></span> <span class='ocrx_word' id='word_1_130' title='bbox 1376 1541 1820 1613; x_wconf 88' lang='grc' dir='ltr'><em>συντετμημένον</em></span> 
     </span>
     <span class='ocr_line' id='line_1_18' title="bbox 212 1622 1821 1699; baseline 0.001 -18"><span class='ocrx_word' id='word_1_131' title='bbox 212 1624 430 1697; x_wconf 85' lang='grc' dir='ltr'><em>ποιήσει</em></span> <span class='ocrx_word' id='word_1_132' title='bbox 482 1623 671 1699; x_wconf 83' lang='grc' dir='ltr'><em>κύριος</em></span> <span class='ocrx_word' id='word_1_133' title='bbox 713 1627 800 1682; x_wconf 88' lang='grc' dir='ltr'><em>ἐπὶ</em></span> <span class='ocrx_word' id='word_1_134' title='bbox 852 1629 947 1698; x_wconf 84' lang='grc' dir='ltr'><em>τῆς</em></span> <span class='ocrx_word' id='word_1_135' title='bbox 992 1627 1106 1698; x_wconf 81' lang='grc' dir='ltr'><em>γῆς.</em></span> <span class='ocrx_word' id='word_1_136' title='bbox 1191 1627 1283 1682; x_wconf 87' lang='grc' dir='ltr'><em>καὶ</em></span> <span class='ocrx_word' id='word_1_137' title='bbox 1323 1622 1511 1690; x_wconf 78' lang='grc' dir='ltr'><em>καθώς</em></span> <span class='ocrx_word' id='word_1_138' title='bbox 1551 1637 1821 1698; x_wconf 83' lang='grc' dir='ltr'><em>προεῖπεν</em></span> 
     </span>
     <span class='ocr_line' id='line_1_19' title="bbox 202 1705 1821 1784; baseline 0 -18"><span class='ocrx_word' id='word_1_139' title='bbox 202 1706 458 1782; x_wconf 61' lang='grc' dir='ltr'><em>τΗσαΐας,</em></span> <span class='ocrx_word' id='word_1_140' title='bbox 521 1716 571 1768; x_wconf 89' lang='grc' dir='ltr'><em>εί</em></span> <span class='ocrx_word' id='word_1_141' title='bbox 619 1708 693 1783; x_wconf 81' lang='grc' dir='ltr'><em>μὴ</em></span> <span class='ocrx_word' id='word_1_142' title='bbox 746 1709 934 1784; x_wconf 84' lang='grc' dir='ltr'><em>κύριος</em></span> <span class='ocrx_word' id='word_1_143' title='bbox 974 1707 1231 1781; x_wconf 77' lang='grc' dir='ltr'><em>Σαβαωθ</em></span> <span class='ocrx_word' id='word_1_144' title='bbox 1283 1710 1635 1781; x_wconf 87' lang='grc' dir='ltr'><em>ἐγκατέλιπεν</em></span> <span class='ocrx_word' id='word_1_145' title='bbox 1686 1705 1821 1781; x_wconf 80' lang='grc' dir='ltr'><em>ἡμῖν</em></span> 
     </span>
     <span class='ocr_line' id='line_1_20' title="bbox 168 1790 1820 1867; baseline 0.001 -20"><span class='ocrx_word' id='word_1_146' title='bbox 168 1817 189 1847; x_wconf 75' lang='lat' dir='ltr'>d</span> <span class='ocrx_word' id='word_1_147' title='bbox 216 1796 459 1867; x_wconf 87' lang='grc' dir='ltr'><em>σπέρμα,</em></span> <span class='ocrx_word' id='word_1_148' title='bbox 495 1791 567 1861; x_wconf 73' lang='grc' dir='ltr'><em>ὡς</em></span> <span class='ocrx_word' id='word_1_149' title='bbox 599 1793 827 1867; x_wconf 85' lang='grc' dir='ltr'><em>Σόδομα</em></span> <span class='ocrx_word' id='word_1_150' title='bbox 851 1790 921 1851; x_wconf 73' lang='grc' dir='ltr'><em>ἂν</em></span> <span class='ocrx_word' id='word_1_151' title='bbox 946 1792 1294 1867; x_wconf 86' lang='grc' dir='ltr'><em>ἐγενήθημεν</em></span> <span class='ocrx_word' id='word_1_152' title='bbox 1323 1795 1418 1861; x_wconf 79' lang='grc' dir='ltr'><em>καὶ</em></span> <span class='ocrx_word' id='word_1_153' title='bbox 1459 1791 1530 1860; x_wconf 77' lang='grc' dir='ltr'><em>ὡς</em></span> <span class='ocrx_word' id='word_1_154' title='bbox 1562 1791 1820 1866; x_wconf 91' lang='grc' dir='ltr'><em>Γόμορρα</em></span> 
     </span>
     <span class='ocr_line' id='line_1_21' title="bbox 211 1874 1882 1952; baseline -0.002 -17"><span class='ocrx_word' id='word_1_155' title='bbox 211 1874 283 1936; x_wconf 79' lang='grc' dir='ltr'><em>ἀν</em></span> <span class='ocrx_word' id='word_1_156' title='bbox 315 1874 738 1952; x_wconf 74' lang='grc' dir='ltr'><em>ὦμοιώθημεν.”</em></span> <span class='ocrx_word' id='word_1_157' title='bbox 791 1882 875 1936; x_wconf 79' lang='grc'><em>45.</em></span> <span class='ocrx_word' id='word_1_158' title='bbox 909 1874 992 1944; x_wconf 83' lang='grc' dir='ltr'><em>οἷς</em></span> <span class='ocrx_word' id='word_1_159' title='bbox 1015 1876 1143 1951; x_wconf 89' lang='grc' dir='ltr'><em>μεθ’</em></span> <span class='ocrx_word' id='word_1_160' title='bbox 1181 1880 1340 1949; x_wconf 83' lang='grc' dir='ltr'><em>ἕτερα</em></span> <span class='ocrx_word' id='word_1_161' title='bbox 1367 1879 1615 1950; x_wconf 80' lang='grc' dir='ltr'><em>ἐπιφέρει</em></span> <span class='ocrx_word' id='word_1_162' title='bbox 1640 1879 1818 1948; x_wconf 88' lang='grc' dir='ltr'><em>λέγων</em></span> <span class='ocrx_word' id='word_1_163' title='bbox 1840 1899 1882 1933; x_wconf 83' lang='lat'><em>20</em></span> 
     </span>
     <span class='ocr_line' id='line_1_22' title="bbox 203 1958 1816 2035; baseline -0.001 -16"><span class='ocrx_word' id='word_1_164' title='bbox 203 1958 315 2035; x_wconf 52' lang='lat' dir='ltr'><em>“gub</em></span> <span class='ocrx_word' id='word_1_165' title='bbox 359 1961 616 2019; x_wconf 79' lang='grc' dir='ltr'><em>ἀπώσατο</em></span> <span class='ocrx_word' id='word_1_166' title='bbox 658 1961 686 2019; x_wconf 85' lang='grc' dir='ltr'>ὁ</span> <span class='ocrx_word' id='word_1_167' title='bbox 739 1961 872 2030; x_wconf 86' lang='grc' dir='ltr'><em>θεὸς</em></span> <span class='ocrx_word' id='word_1_168' title='bbox 910 1960 1006 2020; x_wconf 85' lang='grc' dir='ltr'><em>τὸν</em></span> <span class='ocrx_word' id='word_1_169' title='bbox 1047 1961 1183 2020; x_wconf 82' lang='grc' dir='ltr'><em>λαὸν</em></span> <span class='ocrx_word' id='word_1_170' title='bbox 1223 1959 1421 2031; x_wconf 70' lang='grc' dir='ltr'><em>αὐτοῦς</em></span> <span class='ocrx_word' id='word_1_171' title='bbox 1474 1959 1546 2034; x_wconf 80' lang='grc' dir='ltr'><em>μὴ</em></span> <span class='ocrx_word' id='word_1_172' title='bbox 1588 1963 1816 2032; x_wconf 87' lang='grc' dir='ltr'><em>γένοιτο.</em></span> 
     </span>
     <span class='ocr_line' id='line_1_23' title="bbox 214 2043 1817 2148; baseline 0 -46"><span class='ocrx_word' id='word_1_173' title='bbox 214 2048 306 2103; x_wconf 85' lang='grc' dir='ltr'><em>καὶ</em></span> <span class='ocrx_word' id='word_1_174' title='bbox 337 2044 441 2118; x_wconf 87' lang='grc' dir='ltr'><em>γάρ</em></span> <span class='ocrx_word' id='word_1_175' title='bbox 476 2045 581 2118; x_wconf 88' lang='grc' dir='ltr'><em>ἐγω</em></span> <span class='ocrx_word' id='word_1_176' title='bbox 608 2043 942 2120; x_wconf 89' lang='grc' dir='ltr'><em>Ἰσραηλίτης</em></span> <span class='ocrx_word' id='word_1_177' title='bbox 974 2049 1085 2120; x_wconf 84' lang='grc' dir='ltr'><em>εἰμὶ</em></span> <span class='ocrx_word' id='word_1_178' title='bbox 1126 2050 1186 2104; x_wconf 87' lang='grc' dir='ltr'><em>ἐκ</em></span> <span class='ocrx_word' id='word_1_179' title='bbox 1216 2050 1526 2148; x_wconf 81' lang='grc' dir='ltr'><em>σπέρματος</em></span> <span class='ocrx_word' id='word_1_180' title='bbox 1551 2043 1817 2118; x_wconf 79' lang='grc' dir='ltr'><em>Ἀβρααμ,</em></span> 
     </span>
     <span class='ocr_line' id='line_1_24' title="bbox 212 2127 1819 2237; baseline 0 -50"><span class='ocrx_word' id='word_1_181' title='bbox 212 2135 394 2203; x_wconf 82' lang='grc' dir='ltr'><em>φυλῆς</em></span> <span class='ocrx_word' id='word_1_182' title='bbox 419 2138 704 2237; x_wconf 80' lang='grc' dir='ltr'><em>Βενιαμίν.</em></span> <span class='ocrx_word' id='word_1_183' title='bbox 775 2130 880 2188; x_wconf 85' lang='grc' dir='ltr'><em>οὐκ</em></span> <span class='ocrx_word' id='word_1_184' title='bbox 910 2130 1168 2189; x_wconf 77' lang='grc' dir='ltr'><em>ἀπώσατο</em></span> <span class='ocrx_word' id='word_1_185' title='bbox 1208 2127 1236 2188; x_wconf 88' lang='grc' dir='ltr'>ὁ</span> <span class='ocrx_word' id='word_1_186' title='bbox 1268 2130 1399 2197; x_wconf 80' lang='grc' dir='ltr'><em>θεὸς</em></span> <span class='ocrx_word' id='word_1_187' title='bbox 1429 2130 1527 2188; x_wconf 91' lang='grc' dir='ltr'><em>τὸν</em></span> <span class='ocrx_word' id='word_1_188' title='bbox 1557 2127 1692 2188; x_wconf 84' lang='grc' dir='ltr'><em>λαὸν</em></span> <span class='ocrx_word' id='word_1_189' title='bbox 1722 2128 1819 2187; x_wconf 82' lang='grc' dir='ltr'><em>αὐ-</em></span> 
     </span>
     <span class='ocr_line' id='line_1_25' title="bbox 210 2211 1819 2289; baseline -0.001 -17"><span class='ocrx_word' id='word_1_190' title='bbox 210 2219 337 2287; x_wconf 84' lang='grc' dir='ltr'><em>τοῦ,</em></span> <span class='ocrx_word' id='word_1_191' title='bbox 369 2211 435 2272; x_wconf 77' lang='grc' dir='ltr'><em>ὃν</em></span> <span class='ocrx_word' id='word_1_192' title='bbox 464 2218 732 2289; x_wconf 86' lang='grc' dir='ltr'><em>προέγνω.</em></span> <span class='ocrx_word' id='word_1_193' title='bbox 794 2220 877 2274; x_wconf 80' lang='grc'><em>46.</em></span> <span class='ocrx_word' id='word_1_194' title='bbox 911 2211 944 2288; x_wconf 79' lang='grc' dir='ltr'><em>ἢ</em></span> <span class='ocrx_word' id='word_1_195' title='bbox 976 2240 1080 2274; x_wconf 90' lang='grc' dir='ltr'><em>ουκ</em></span> <span class='ocrx_word' id='word_1_196' title='bbox 1109 2221 1295 2274; x_wconf 76' lang='grc' dir='ltr'><em>οἴδατε</em></span> <span class='ocrx_word' id='word_1_197' title='bbox 1319 2219 1379 2273; x_wconf 88' lang='grc' dir='ltr'><em>ἐν</em></span> <span class='ocrx_word' id='word_1_198' title='bbox 1402 2214 1561 2272; x_wconf 87' lang='grc' dir='ltr'><em>Ἠλία</em></span> <span class='ocrx_word' id='word_1_199' title='bbox 1590 2220 1646 2271; x_wconf 91' lang='grc' dir='ltr'><em>τί</em></span> <span class='ocrx_word' id='word_1_200' title='bbox 1672 2215 1819 2286; x_wconf 86' lang='grc' dir='ltr'><em>λέγει</em></span> 
     </span>
     <span class='ocr_line' id='line_1_26' title="bbox 213 2297 1880 2376; baseline -0.002 -20"><span class='ocrx_word' id='word_1_201' title='bbox 213 2297 245 2370; x_wconf 81' lang='grc' dir='ltr'>ἡ</span> <span class='ocrx_word' id='word_1_202' title='bbox 278 2299 493 2374; x_wconf 81' lang='grc' dir='ltr'><em>γραφὴ,</em></span> <span class='ocrx_word' id='word_1_203' title='bbox 549 2324 621 2366; x_wconf 91' lang='grc' dir='ltr'><em>ως</em></span> <span class='ocrx_word' id='word_1_204' title='bbox 669 2299 989 2374; x_wconf 78' lang='grc' dir='ltr'><em>ἐντυγχάνει</em></span> <span class='ocrx_word' id='word_1_205' title='bbox 1028 2325 1103 2358; x_wconf 89' lang='grc' dir='ltr'><em>τω</em></span> <span class='ocrx_word' id='word_1_206' title='bbox 1143 2303 1296 2376; x_wconf 91' lang='grc' dir='ltr'><em>θεω,</em></span> <span class='ocrx_word' id='word_1_207' title='bbox 1337 2301 1517 2371; x_wconf 85' lang='grc' dir='ltr'><em>λέγων</em></span> <span class='ocrx_word' id='word_1_208' title='bbox 1557 2300 1684 2369; x_wconf 87' lang='grc' dir='ltr'><em>περὶ</em></span> <span class='ocrx_word' id='word_1_209' title='bbox 1716 2303 1815 2355; x_wconf 83' lang='grc' dir='ltr'><em>τοῦ</em></span> <span class='ocrx_word' id='word_1_210' title='bbox 1839 2321 1880 2354; x_wconf 79' lang='lat'><em>25</em></span> 
     </span>
     <span class='ocr_line' id='line_1_27' title="bbox 204 2380 1817 2460; baseline -0.002 -19"><span class='ocrx_word' id='word_1_211' title='bbox 204 2382 450 2458; x_wconf 80' lang='grc' dir='ltr'><em>Ἰσραὴλ,</em></span> <span class='ocrx_word' id='word_1_212' title='bbox 491 2382 676 2460; x_wconf 81' lang='grc' dir='ltr'><em>κύριε,</em></span> <span class='ocrx_word' id='word_1_213' title='bbox 717 2383 844 2452; x_wconf 80' lang='grc' dir='ltr'><em>τοὺς</em></span> <span class='ocrx_word' id='word_1_214' title='bbox 885 2384 1170 2459; x_wconf 87' lang='grc' dir='ltr'><em>προφήτας</em></span> <span class='ocrx_word' id='word_1_215' title='bbox 1211 2403 1313 2442; x_wconf 92' lang='grc' dir='ltr'><em>σου</em></span> <span class='ocrx_word' id='word_1_216' title='bbox 1353 2380 1710 2454; x_wconf 87' lang='grc' dir='ltr'><em>ἀπέκτειναν,</em></span> <span class='ocrx_word' id='word_1_217' title='bbox 1750 2382 1817 2439; x_wconf 77' lang='grc' dir='ltr'><em>τὰ</em></span> 
     </span>
     <span class='ocr_line' id='line_1_28' title="bbox 210 2463 1818 2543; baseline -0.002 -17"><span class='ocrx_word' id='word_1_218' title='bbox 210 2466 584 2543; x_wconf 87' lang='grc' dir='ltr'><em>θυσιαστήριά</em></span> <span class='ocrx_word' id='word_1_219' title='bbox 613 2487 715 2526; x_wconf 92' lang='grc' dir='ltr'><em>σου</em></span> <span class='ocrx_word' id='word_1_220' title='bbox 746 2471 1127 2543; x_wconf 79' lang='grc' dir='ltr'><em>κατέσκαψαν,</em></span> <span class='ocrx_word' id='word_1_221' title='bbox 1160 2465 1310 2541; x_wconf 74' lang='grc' dir='ltr'><em>κάγώ</em></span> <span class='ocrx_word' id='word_1_222' title='bbox 1333 2463 1687 2538; x_wconf 79' lang='grc' dir='ltr'><em>ὑπελείφθην</em></span> <span class='ocrx_word' id='word_1_223' title='bbox 1717 2465 1818 2540; x_wconf 88' lang='grc' dir='ltr'><em>μό-</em></span> 
     </span>
     <span class='ocr_line' id='line_1_29' title="bbox 210 2547 1815 2628; baseline -0.001 -18"><span class='ocrx_word' id='word_1_224' title='bbox 210 2577 334 2626; x_wconf 88' lang='grc' dir='ltr'><em>νος,</em></span> <span class='ocrx_word' id='word_1_225' title='bbox 367 2555 457 2610; x_wconf 80' lang='grc' dir='ltr'><em>καὶ</em></span> <span class='ocrx_word' id='word_1_226' title='bbox 492 2557 710 2626; x_wconf 85' lang='grc' dir='ltr'><em>ζητοῦσι</em></span> <span class='ocrx_word' id='word_1_227' title='bbox 740 2551 842 2627; x_wconf 80' lang='grc' dir='ltr'><em>τὴν</em></span> <span class='ocrx_word' id='word_1_228' title='bbox 872 2553 1058 2628; x_wconf 81' lang='grc' dir='ltr'><em>ψυχήν</em></span> <span class='ocrx_word' id='word_1_229' title='bbox 1087 2578 1224 2627; x_wconf 90' lang='grc' dir='ltr'><em>μου,</em></span> <span class='ocrx_word' id='word_1_230' title='bbox 1257 2554 1356 2609; x_wconf 78' lang='grc' dir='ltr'><em>τοῦ</em></span> <span class='ocrx_word' id='word_1_231' title='bbox 1385 2557 1580 2623; x_wconf 83' lang='grc' dir='ltr'><em>λαβεῖν</em></span> <span class='ocrx_word' id='word_1_232' title='bbox 1611 2547 1815 2623; x_wconf 80' lang='grc' dir='ltr'><em>αὕτήν;</em></span> 
     </span>
     <span class='ocr_line' id='line_1_30' title="bbox 209 2634 1815 2713; baseline -0.002 -19"><span class='ocrx_word' id='word_1_233' title='bbox 209 2635 349 2694; x_wconf 79' lang='grc' dir='ltr'><em>ἀλλὰ</em></span> <span class='ocrx_word' id='word_1_234' title='bbox 371 2645 429 2695; x_wconf 90' lang='grc' dir='ltr'><em>τί</em></span> <span class='ocrx_word' id='word_1_235' title='bbox 447 2641 594 2712; x_wconf 85' lang='grc' dir='ltr'><em>λέγει</em></span> <span class='ocrx_word' id='word_1_236' title='bbox 616 2634 644 2696; x_wconf 82' lang='grc' dir='ltr'><em>ὃ</em></span> <span class='ocrx_word' id='word_1_237' title='bbox 662 2637 1063 2713; x_wconf 82' lang='grc' dir='ltr'><em>χρηματισμός;</em></span> <span class='ocrx_word' id='word_1_238' title='bbox 1098 2638 1389 2695; x_wconf 89' lang='grc' dir='ltr'><em>κατέλιπον</em></span> <span class='ocrx_word' id='word_1_239' title='bbox 1415 2638 1630 2712; x_wconf 74' lang='grc' dir='ltr'><em>ἐμαυτῷ</em></span> <span class='ocrx_word' id='word_1_240' title='bbox 1656 2637 1815 2692; x_wconf 81' lang='grc' dir='ltr'><em>ἑπτα-</em></span> 
     </span>
     <span class='ocr_line' id='line_1_31' title="bbox 211 2718 1876 2799; baseline -0.002 -21"><span class='ocrx_word' id='word_1_241' title='bbox 211 2729 512 2795; x_wconf 87' lang='grc' dir='ltr'><em>κισχιλίους</em></span> <span class='ocrx_word' id='word_1_242' title='bbox 565 2721 805 2799; x_wconf 75' lang='grc' dir='ltr'><em>ἄνδρας,</em></span> <span class='ocrx_word' id='word_1_243' title='bbox 859 2729 1058 2790; x_wconf 81' lang='grc' dir='ltr'><em>οἵτινες</em></span> <span class='ocrx_word' id='word_1_244' title='bbox 1111 2721 1215 2780; x_wconf 81' lang='grc' dir='ltr'><em>οὐκ</em></span> <span class='ocrx_word' id='word_1_245' title='bbox 1268 2727 1520 2794; x_wconf 79' lang='grc' dir='ltr'><em>ἔκαμψαν</em></span> <span class='ocrx_word' id='word_1_246' title='bbox 1564 2718 1702 2792; x_wconf 92' lang='grc' dir='ltr'><em>γόνυ</em></span> <span class='ocrx_word' id='word_1_247' title='bbox 1747 2723 1876 2793; x_wconf 63' lang='grc' dir='ltr'><em>τῇεο</em></span> 
     </span>
    </p>
   </div>
   <div class='ocr_carea' id='block_1_3' title="bbox 214 2845 547 2853">
    <p class='ocr_par' dir='ltr' id='par_1_3' title="bbox 214 2845 547 2853">
     <span class='ocr_line' id='line_1_32' title="bbox 214 2845 547 2853; baseline 0 305"><span class='ocrx_word' id='word_1_248' title='bbox 214 2845 547 2853; x_wconf 95' lang='lat' dir='ltr'><em> </em></span> 
     </span>
    </p>
   </div>
   <div class='ocr_carea' id='block_1_4' title="bbox 325 2917 1228 2969">
    <p class='ocr_par' dir='ltr' id='par_1_4' title="bbox 325 2917 1228 2969">
     <span class='ocr_line' id='line_1_33' title="bbox 325 2917 1228 2969; baseline 0.002 -13"><span class='ocrx_word' id='word_1_249' title='bbox 325 2919 375 2957; x_wconf 84' lang='lat'><em>13</em></span> <span class='ocrx_word' id='word_1_250' title='bbox 408 2917 532 2957; x_wconf 85' lang='lat' dir='ltr'>Rom.</span> <span class='ocrx_word' id='word_1_251' title='bbox 555 2919 596 2969; x_wconf 87' lang='lat'><em>9,</em></span> <span class='ocrx_word' id='word_1_252' title='bbox 621 2919 688 2957; x_wconf 80' lang='lat'><em>27.</em></span> <span class='ocrx_word' id='word_1_253' title='bbox 862 2919 914 2957; x_wconf 79' lang='grc'><em>’21</em></span> <span class='ocrx_word' id='word_1_254' title='bbox 946 2917 1071 2959; x_wconf 86' lang='lat' dir='ltr'>Rom.</span> <span class='ocrx_word' id='word_1_255' title='bbox 1100 2918 1164 2966; x_wconf 81' lang='lat'><em>11,</em></span> <span class='ocrx_word' id='word_1_256' title='bbox 1192 2918 1228 2958; x_wconf 89' lang='lat' dir='ltr'><em>l.</em></span> 
     </span>
    </p>
   </div>
  </div>
 </body>
</html>
