1992 3186
219 188 233 191 »
259 147 364 199 304
936 149 1182 189 EUSEssn

222 298 238 319 e
264 269 314 334 ἐξ
347 264 607 323 ἁπάντων
650 267 761 320 τῶν
805 265 988 320 ε’θνῶν
1031 262 1429 336 συνεστήσατο·
1499 260 1567 321 δν
1607 266 1697 321 καὶ
1729 272 1864 335 Χρι-

261 349 392 408 στὸν
424 346 606 420 ἀληθῆ
639 345 906 420 προσήκοι
937 343 1006 404 ἂν
1041 352 1139 404 τοῦ
1179 353 1320 405 θεοῦ
1354 352 1620 406 ἐντεῦθεν
1661 347 1866 420 ἀναγο-

260 434 466 508 ρεύειν,
500 431 566 489 οὐ
598 435 765 506 κοινῷ
796 433 898 503 μὲν
931 434 1094 508 ἐλαίῳ
1125 446 1238 498 τοῖς
1269 431 1436 488 πάλαι
1467 434 1728 507 συνήθως
1753 457 1864 506 χρι-

260 521 484 582 σθέντα,
517 514 645 573 οὔτε
675 540 780 572 ουν
813 520 1114 588 ίστορεϊταί
1154 541 1202 572 τι
1235 518 1361 588 περὶ
1393 516 1564 574 αὐτοῦ
1597 524 1863 587 τοιοῦτον,

1431 597 1443 619 2
1493 597 1518 618 U

260 608 530 676 κρείττονι
559 601 618 657 δε
649 603 741 657 καὶ
776 603 953 657 ἐνθέω
996 607 1278 674 χρίσματι,
1311 623 1421 673 παρ
1487 625 1515 658 ο
1550 601 1617 674 δὴ
1650 605 1742 659 καὶ
1776 602 1866 659 διὰ
1889 626 1908 658 5

252 685 484 745 Ησαίου
526 687 663 758 φησὶ
700 681 970 758 “πνεῦμα
1012 692 1210 757 κυρίου
1251 682 1337 742 ἐπ’
1393 686 1513 758 ἐμε,
1558 677 1624 743 οῦ
1651 691 1867 744 εἵνεκεν

261 773 445 845 ἔχρισέ
470 767 586 843 με.”
659 775 702 826 7.
753 766 890 826 ὅθεν
931 773 1023 827 καὶ
1064 774 1273 842 μᾶλλον
1315 768 1578 828 ἁπάντων
1609 773 1720 828 τῶν
1749 770 1866 828 ποό-

260 879 390 914 ποτε
422 850 554 928 παρ’
579 854 852 926 Ἑβραίοις
884 854 1340 928 σωματικώτερον
1380 857 1726 927 χρισθέντων
1769 853 1867 927 μό-

261 965 354 1007 νος
395 937 501 997 ἄνα
542 943 727 996 πᾶσαν
765 936 866 1010 τὴν
908 941 1239 1012 οἰκουμένην
1281 938 1514 1011 Χριστὸς
1567 939 1715 1012 παρὰ
1755 954 1866 1005 τοῖς

261 1029 394 1082 πᾶσι
425 1023 706 1097 βεβόηται,
740 1025 830 1079 καὶ
861 1028 956 1095 τῆς
991 1027 1042 1091 ἐξ
1075 1023 1247 1080 αὐτοῦ
1280 1030 1630 1095 Χριστιανῶν
1663 1042 1867 1096 προση-
1895 1053 1931 1084 ιο

260 1117 449 1182 γορίας
478 1107 583 1180 τὴν
614 1106 912 1180 σύμπασαν
945 1114 1183 1180 ἔπλησεν
1213 1110 1559 1180 οἰκουμεἫνην
1626 1106 1774 1175 όπως
1809 1109 1867 1165 δε

262 1195 446 1266 φαμὲν
486 1189 658 1249 αὐτὸν
700 1202 991 1264 κεχρῖσθαι
1032 1195 1124 1249 καὶ
1163 1199 1220 1248 τί
1257 1191 1315 1249 τὸ
1355 1206 1557 1264 χρῖσμα
1601 1195 1691 1249 καὶ
1727 1198 1808 1258 τίς
1839 1189 1866 1250 ὁ

261 1284 356 1350 τῆς
389 1283 618 1351 χρίσεως
653 1274 851 1349 τρόπος
883 1274 1168 1351 αῦταρκως
1196 1280 1255 1334 ἐν
1278 1279 1352 1353 τῷ
1377 1275 1482 1350 πρὸ
1505 1275 1708 1335 τοῦτον
1733 1295 1864 1349 συγ-

262 1385 561 1470 γραμματι
581 1359 957 1434 διειλήφαμεν.
1019 1366 1064 1417 8.
1113 1360 1312 1418 τούτου
1345 1362 1405 1418 δε
1439 1365 1499 1418 ἐν
1528 1375 1641 1428 τοῖς
1666 1367 1868 1434 χείλεσι

263 1449 355 1502 καὶ
397 1449 455 1502 ἐν
494 1448 561 1519 τῇ
604 1451 936 1521 διδασκαλία
977 1443 1218 1517 τοσαύτη
1261 1445 1542 1519 κατεχύθη
1573 1470 1755 1519 χαρις,
1798 1442 1870 1512 ὡς
1895 1471 1933 1503 15

266 1534 325 1588 ἐν
355 1529 524 1606 ὀλίγῳ
556 1530 736 1586 πάντα
766 1528 936 1587 τόπον
969 1533 1240 1603 ἐμπλῆσαι
1270 1534 1364 1601 τῆς
1403 1529 1536 1601 πρὸς
1569 1529 1741 1587 αὐτοῦ
1771 1554 1871 1586 κα-

262 1620 661 1687 ταγγελθείσης
695 1612 1002 1686 εὐσεβείας.
1075 1614 1213 1671 ω’στε
1245 1613 1352 1686 ἥδη
1387 1619 1446 1672 ἐν
1477 1634 1646 1671 πασιν
1679 1620 1867 1672 ἔθνεσι

266 1699 412 1771 παρὰ
442 1712 556 1765 τοῖς
599 1697 702 1770 τὴν
744 1704 1109 1756 διδασκαλίαν
1150 1697 1327 1756 αὐτοῦ
1370 1703 1684 1772 μετιοῦσιν,
1738 1696 1869 1755 ἀκο-

267 1782 488 1850 λούθως
519 1786 587 1856 τῇ
616 1781 750 1855 μετὰ
781 1798 964 1856 χεῖρας
996 1790 1322 1857 προφητεία,
1355 1785 1447 1839 καὶ
1478 1784 1748 1854 βασιλέως
1779 1785 1870 1839 καὶ

264 1873 404 1925 θεοῦ
451 1866 618 1935 δόξαν
648 1870 1114 1940 περιβεβλῆσθαι,
1147 1869 1238 1923 καὶ
1269 1864 1416 1940 παρὰ
1447 1873 1615 1924 πᾶσιν
1645 1865 1870 1939 ἀνθρώ-
1895 1892 1935 1924 20

265 1975 387 2019 ποις
427 1949 667 2024 Χριστὸν
706 1950 1167 2023 ἀναγορεύεσθαι.
1250 1955 1295 2006 9.
1353 1949 1619 2023 πρόδηλοι
1673 1952 1732 2007 δὲ
1779 1953 1869 2008 καὶ

266 2041 321 2091 οὗ
350 2038 565 2107 ἐχθροὶ,
607 2037 673 2091 οὐ
715 2033 888 2106 μόνον
917 2040 974 2091 015
1000 2037 1133 2107 πρὶν
1163 2033 1449 2106 γεγονότες
1490 2031 1689 2107 αὐτοῦ,
1731 2034 1871 2092 ἀλλὰ

219 2139 238 2171 d
266 2121 356 2175 καὶ
387 2124 442 2175 οἱ
469 2117 553 2176 ἀεὶ
587 2122 1095 2191 προσπολεμοῦντες
1129 2116 1300 2176 αὐτοῦ
1345 2123 1420 2196 τῷ
1454 2118 1627 2196 λόγῳ,
1671 2128 1779 2176 εἴτε
1811 2123 1871 2176 ἐν

265 2201 586 2273 ἀνθρώποις
651 2213 757 2259 εἴτε
819 2205 909 2259 καὶ
977 2206 1035 2260 ἐν
1085 2202 1335 2274 ἀοράτοις
1378 2203 1712 2276 δυνάμεσιν,
1773 2199 1870 2270 οῦς

266 2286 482 2363 ἀοράτῳ
514 2290 606 2343 καὶ
638 2294 909 2362 λεληθυίᾳ
952 2287 1184 2360 δυνάμει
1231 2287 1464 2345 πάντοτε
1495 2293 1784 2359 καθαιρῶν
1816 2292 1868 2355 ἐξ
1893 2311 1933 2343 25

264 2368 526 2429 ἁπάντων
555 2373 666 2428 τῶν
699 2374 884 2428 ἐθνῶν
916 2379 1210 2438 παντοίους
1245 2374 1422 2447 ἑαυτῷ
1455 2369 1620 2437 λαοὺς
1650 2370 1868 2444 ὑποχει-

265 2461 418 2525 ρίους
443 2463 748 2527 πεποίηται.
787 2460 866 2512 lO.
893 2455 957 2512 τὰ
983 2457 1044 2514 δὲ
1068 2459 1187 2528 ἑξῆς
1207 2458 1265 2512 ἐν
1287 2459 1361 2531 τῷ
1385 2460 1593 2530 Ψαλμςῦ
1613 2452 1639 2474 “
1651 2455 1868 2529 σμύρνα

265 2542 355 2596 καὶ
416 2540 615 2612 στακτὴ
676 2542 767 2596 καὶ
820 2548 1026 2597 κασσία
1080 2539 1186 2597 ἀπὸ
1246 2544 1357 2596 τῶν
1418 2545 1649 2612 ἱματίων
1715 2537 1864 2611 σου,”

261 2621 327 2678 τα
357 2647 417 2680 τε
451 2626 538 2681 ἐπὶ
569 2624 799 2697 τούτοις,
835 2624 906 2690 ὠς
939 2628 1064 2696 περὶ
1096 2629 1380 2696 βασιλίδος
1424 2623 1742 2698 δηλούμενα
1774 2626 1865 2680 καὶ

265 2706 543 2778 θυγατρὸς
582 2708 678 2765 τὸν
719 2712 975 2783 πατρῷον
1027 2709 1181 2765 οἷκον
1212 2706 1617 2780 ἀπολιπούσης,
1659 2710 1751 2765 καὶ
1794 2711 1869 2784 τῷ
1893 2731 1932 2762 30

379 2902 402 2939 6
436 2901 508 2942 Es.
534 2902 600 2952 61,
629 2902 664 2941 1.
