1992 3186
256 121 364 172 484
932 119 1179 161 EUSEBII

256 243 423 311 κρίμα
465 239 557 293 καὶ
599 233 965 306 δικαιοσύνην
1017 234 1108 290 διὰ
1147 240 1242 307 τῆς
1283 234 1458 293 αὐτοῦ
1504 241 1862 304 διδασκαλίας

253 335 365 388 τοϊς
399 323 485 377 ἐπὶ
517 323 615 392 γῆς
646 316 853 376 ἅπασιν
885 316 1142 391 ἐκήρυξε,
1185 322 1275 375 καὶ
1306 318 1470 392 μόνος
1500 323 1613 378 τῷν
1642 320 1863 379 πώποτε

252 403 355 462 οὐκ
388 406 475 461 ἐπὶ
505 406 704 477 μέρους
738 407 1062 475 ἐβασίλευσε
1092 409 1186 476 τῆς
1217 407 1572 477 οἰκουμένης,
1603 403 1742 462 ἄλλα
1774 407 1861 462 ἐπὶ

252 495 436 545 πᾶσαν
464 487 567 560 τὴν
595 491 695 560 γῆς
727 489 818 544 καὶ
849 486 1014 560 μόνος
1045 484 1287 545 ἀνέτειλε
1322 487 1700 562 δικαιοσύνην,
1731 488 1863 546 ἀκο-

251 571 473 638 λούθως
496 575 588 629 καὶ
623 575 700 648 τῷ
732 574 792 630 ἐν
822 578 1032 648 Ψαλμῷ
1056 574 1183 643 περὶ
1206 570 1380 629 αὐτοῦ
1403 572 1862 650 λεγομένῳ“οἰνα-

250 664 398 714 τελεῖ
438 659 498 714 ἐν
537 670 657 722 ταῖς
688 652 916 730 ἡμέραις
947 653 1118 713 αὐτοῦ
1152 655 1477 729 δικαιοσύνη
1519 659 1611 714 καὶ
1651 664 1864 730 πλῆθος

253 738 535 813 εἰρήνης.”
585 745 668 799 45.
695 739 907 807 Ἰούδας
940 741 1002 797 δὲ
1033 739 1425 814 σωθησόμενος
1457 743 1548 798 καὶ
1573 739 1785 814 Ἰσραὴλ
1807 745 1866 799 ἐν

206 849 228 881 <1
251 839 369 893 ταῖς
393 824 618 899 ἡμέραις
643 822 835 897 αὐτοῦ,
868 824 1069 892 πάντες
1094 827 1238 882 εἰσὶν
1261 830 1319 882 οἱ
1336 829 1400 900 τῇ
1426 822 1505 882 δι’
1540 824 1710 884 αὐτοῦ
1732 835 1866 884 θεο-

250 916 442 985 σεβείᾳ
473 907 952 985 προσεληλυθότες
983 912 1085 966 τοῦ
1118 912 1175 966 ἐκ
1206 914 1502 984 περιτομῆς
1533 911 1700 982 λαοῦ,
1732 907 1865 967 ἀπό-

250 1000 439 1051 στολοί
464 1019 522 1052 τε
554 991 730 1052 αὐτοῦ
758 995 850 1051 καὶ
881 996 1127 1067 μαθηταὶ
1152 996 1244 1050 καὶ
1273 991 1676 1066 εῦαγγελισταὶ,
1708 990 1741 1067 ἢ
1774 997 1865 1051 καὶ

250 1077 452 1144 πάντες
483 1084 539 1136 οὗ
566 1078 662 1135 τὸν
695 1081 754 1135 ἐν
785 1082 1011 1154 κρυπτῷ
1037 1077 1311 1135 Ἰουδαῖον
1342 1081 1434 1134 καὶ
1463 1076 1560 1135 τὸν
1591 1075 1866 1150 ἀληθινὸν

243 1160 460 1236 Ἰσραὴλ
491 1161 587 1220 τὸν
618 1160 754 1219 κατὰ
786 1160 1039 1220 διάνοιαν
1069 1160 1283 1234 ὁρῶντα
1312 1162 1450 1219 θεὸν
1474 1161 1864 1231 ἆποστόζοντες.

250 1250 334 1304 46.
363 1242 467 1304 “οὐ
497 1245 603 1321 γαρ
634 1243 662 1303 ὁ
697 1250 756 1304 ἐν
787 1253 862 1322 τῷ
904 1249 1134 1322 φανερῷ
1157 1245 1422 1312 Ἰουδαῖός
1463 1250 1574 1303 ἐστι
1607 1247 1807 1320 (φησὶν
1836 1246 1864 1304 ὁ

132 1329 579 1404 [223]]οἰπόστολος)
611 1328 746 1388 οὐδὲ
776 1330 810 1403 ἡ
843 1334 903 1388 ἐν
933 1334 1010 1406 τῷ
1039 1333 1268 1407 φανερῷ
1297 1334 1358 1388 ἐν
1388 1333 1551 1404 σαρκὶ
1581 1331 1866 1404 περιτομὴ,

250 1414 371 1472 ἀλλ’
408 1414 437 1471 ὃ
472 1419 531 1472 ἐν
561 1418 638 1491 τῷ
662 1420 886 1491 κρυπτῷ
912 1411 1195 1484 Ἰουδαῖος,
1229 1417 1320 1471 καὶ
1344 1412 1608 1487 περιτομὴ
1635 1420 1865 1488 καρδίας

253 1503 313 1556 ἐν
343 1498 642 1572 πνεύματι,
685 1497 752 1556 οὐ
784 1497 1087 1573 γράμματι,
1130 1492 1201 1555 οῦ
1230 1495 1258 1555 ὁ
1292 1505 1514 1566 ἔπαινος
1546 1497 1650 1556 οὐκ
1682 1503 1734 1567 ἐξ
1766 1498 1867 1557 ὄιν-

251 1583 528 1657 θρώπων,
571 1582 710 1640 ἄλλα
754 1586 812 1640 ἐκ
852 1587 952 1640 τοῦ
994 1586 1151 1640 θεοῦ.
1225 1582 1455 1650 τούτους
1496 1576 1598 1641 οῦν
1640 1583 1730 1640 διὰ
1770 1588 1865 1657 τῆς

250 1671 351 1725 τοῦ
389 1672 632 1739 Χριστοῦ
674 1666 917 1740 κλήσεως
958 1665 1054 1725 τόν
1099 1671 1160 1724 ἐν
1199 1671 1427 1744 κρυπτῷ
1465 1664 1737 1725 Ἰουδαῖον
1775 1671 1866 1725 καὶ

250 1750 347 1809 τὸν
399 1750 624 1825 ἀληθῶς
661 1750 876 1824 Ἰσραὴλ
928 1756 1201 1825 φέροντας
1256 1754 1424 1829 ἑτέρῳ
1471 1755 1607 1824 φησὶ
1651 1750 1866 1824 κληθή-

1889 1021 1928 1053 10

1889 1440 1929 1474 15

252 1846 451 1893 σεσθαι
492 1835 747 1909 ὀνόματι,
789 1835 916 1908 οὐχὶ
958 1837 1020 1892 δὲ
1059 1840 1134 1911 τῷ
1165 1838 1267 1891 τοῦ
1289 1834 1591 1906 Ἰουδαίου,
1623 1832 1757 1892 οῦδὲ
1788 1839 1866 1912 τῷ
1887 1862 1927 1894 20

139 1926 354 1987 (27‘5'551013
381 1919 627 1994 Ἰσραὴλ,
670 1918 809 1976 ἀλλὰ
851 1922 990 1994 ξένῳ
1020 1922 1130 1975 τινὶ
1160 1917 1309 1992 παρὰ
1338 1922 1523 1975 ταῦτα.
1586 1923 1668 1975 47.
1702 1923 1863 1976 τοῦτο

252 2003 357 2076 γάρ
388 2022 525 2076 φησι
565 2003 625 2060 τὸ
666 2002 840 2075 ὄνομα
854 2046 868 2074 ,
910 2000 940 2058 ὃ
981 2004 1197 2059 καλέσει
1241 2000 1439 2070 αὐτοῦς
1471 2001 1657 2076 κύριος
1686 2000 1860 2062 Ἰωσε-

257 2089 471 2159 δεκεὶμ,
525 2085 660 2160 ὅπερ
715 2085 1074 2159 ἑρμηνεύεται
1120 2082 1217 2142 “off
1261 2091 1358 2143 τοῦ
1403 2093 1546 2144 θεοῦ
1600 2084 1859 2146 δίκαιοι.”

255 2174 512 2243 ἐφίστημι
557 2171 617 2227 δὲ
655 2169 864 2243 μήποτε
908 2173 1278 2242 πεποιημένον
1318 2174 1430 2228 ἐστὶ
1469 2168 1712 2244 τοῦνομα
1758 2170 1865 2228 ἀπὸ

254 2258 352 2312 τοῦ
377 2255 576 2312 Ἰοσουὲ
598 2253 971 2326 Ἰωσεδεκεὶμ,
1002 2251 1032 2311 ὂ
1063 2251 1212 2327 παρὰ
1243 2258 1320 2331 τῷ
1341 2261 1457 2332 θεῷ
1481 2260 1539 2311 οἱ
1563 2258 1664 2311 τοῦ
1687 2252 1866 2326 Ἰησοῦ
1887 2281 1928 2314 25

255 2342 500 2413 μαθηταὶ
531 2341 851 2411 κέκληνται,
884 2338 1014 2412 παρ’
1050 2337 1370 2413 ἀνθρώποις
1409 2340 1510 2412 μὲν
1534 2337 1865 2411 Ἑλληνικώ-

254 2447 415 2497 τερον
447 2422 986 2498 προσαγορευόμενοι
1018 2419 1124 2479 ἀπὸ
1155 2427 1249 2495 τῆς
1279 2426 1378 2480 τοῦ
1407 2426 1652 2495 Χριστοῦ
1681 2446 1864 2496 παρω-

257 2515 486 2581 νυμίας,
531 2508 669 2565 κατὰ
703 2509 764 2565 δὲ
795 2507 896 2581 τὴν
919 2504 1190 2579 Ἐβραίων
1221 2506 1418 2579 φωνὴν
1450 2510 1540 2564 καὶ
1583 2505 1732 2581 παρὰ
1763 2507 1866 2564 αῦ-

255 2606 368 2658 τοῖς
409 2605 521 2658 τοῖς
563 2592 895 2666 προφήταις,
938 2591 1173 2649 ἀπὸτοῦ
1198 2591 1404 2665 Ἰησοῦ,
1449 2592 1519 2658 ὡς
1550 2588 1620 2649 ἂν
1653 2590 1724 2648 δι’
1762 2588 1867 2648 αῦ-

256 2682 352 2733 τοῦ
393 2674 1147 2750 σεσωσμένοι,·’1ωσεδεκείμ.
1218 2681 1300 2733 48.
1338 2676 1421 2733 διὸ
1463 2678 1707 2733 λέλεκται
1732 2672 1862 2732 “uoci
1886 2702 1926 2735 30

375 2870 426 2909 13
458 2869 582 2910 Rom.
606 2871 643 2918 2,
668 2871 734 2909 28.
