<?xml version="1.0" encoding="UTF-8"?>
<!DOCTYPE html PUBLIC "-//W3C//DTD XHTML 1.0 Transitional//EN"
    "http://www.w3.org/TR/xhtml1/DTD/xhtml1-transitional.dtd">
<html xmlns="http://www.w3.org/1999/xhtml" xml:lang="en" lang="en">
 <head>
  <title>
</title>
<meta http-equiv="Content-Type" content="text/html;charset=utf-8" />
  <meta name='ocr-system' content='tesseract 3.04.00' />
  <meta name='ocr-capabilities' content='ocr_page ocr_carea ocr_par ocr_line ocrx_word'/>
</head>
<body>
  <div class='ocr_page' id='page_1' title='image "./operaeusebius03euseuoft_0619.png"; bbox 0 0 1992 3186; ppageno 0'>
   <div class='ocr_carea' id='block_1_1' title="bbox 550 127 1754 182">
    <p class='ocr_par' dir='ltr' id='par_1_1' title="bbox 550 127 1754 182">
     <span class='ocr_line' id='line_1_1' title="bbox 550 127 1754 182; baseline 0.012 -15"><span class='ocrx_word' id='word_1_1' title='bbox 550 127 856 169; x_wconf 70' lang='lat' dir='ltr'><strong>DEMONST.</strong></span> <span class='ocrx_word' id='word_1_2' title='bbox 878 127 1100 170; x_wconf 81' lang='lat' dir='ltr'><strong>EVANG.</strong></span> <span class='ocrx_word' id='word_1_3' title='bbox 1123 128 1201 171; x_wconf 87' lang='lat' dir='ltr'><em>IX.</em></span> <span class='ocrx_word' id='word_1_4' title='bbox 1225 130 1266 169; x_wconf 89' lang='lat'>9</span> <span class='ocrx_word' id='word_1_5' title='bbox 1292 130 1356 169; x_wconf 89' lang='lat'><em>10.</em></span> <span class='ocrx_word' id='word_1_6' title='bbox 1649 127 1754 182; x_wconf 80' lang='lat'><em>595</em></span> 
     </span>
    </p>
   </div>
   <div class='ocr_carea' id='block_1_2' title="bbox 71 240 1859 1249">
    <p class='ocr_par' dir='ltr' id='par_1_2' title="bbox 71 240 1859 1249">
     <span class='ocr_line' id='line_1_2' title="bbox 144 240 1801 317; baseline 0.002 -16"><span class='ocrx_word' id='word_1_7' title='bbox 144 247 387 317; x_wconf 77' lang='grc' dir='ltr'><em>Χριστοῦ</em></span> <span class='ocrx_word' id='word_1_8' title='bbox 419 241 900 317; x_wconf 82' lang='grc' dir='ltr'><em>προκατήγγελλον</em></span> <span class='ocrx_word' id='word_1_9' title='bbox 929 241 1138 316; x_wconf 86' lang='grc' dir='ltr'><em>αφιξιν,</em></span> <span class='ocrx_word' id='word_1_10' title='bbox 1171 247 1228 301; x_wconf 79' lang='grc' dir='ltr'><em>οἱ</em></span> <span class='ocrx_word' id='word_1_11' title='bbox 1247 243 1309 300; x_wconf 76' lang='grc' dir='ltr'><em>δὲ</em></span> <span class='ocrx_word' id='word_1_12' title='bbox 1329 240 1487 301; x_wconf 83' lang='grc' dir='ltr'><em>αυτοὶ</em></span> <span class='ocrx_word' id='word_1_13' title='bbox 1511 270 1585 302; x_wconf 88' lang='grc' dir='ltr'><em>τω</em></span> <span class='ocrx_word' id='word_1_14' title='bbox 1610 252 1751 304; x_wconf 91' lang='grc' dir='ltr'><em>θείω</em></span> <span class='ocrx_word' id='word_1_15' title='bbox 1776 277 1801 309; x_wconf 73' lang='lat' dir='ltr'>d</span> 
     </span>
     <span class='ocr_line' id='line_1_3' title="bbox 142 321 1751 406; baseline 0.001 -21"><span class='ocrx_word' id='word_1_16' title='bbox 142 326 414 401; x_wconf 84' lang='grc' dir='ltr'><em>πνεύματι</em></span> <span class='ocrx_word' id='word_1_17' title='bbox 444 342 558 394; x_wconf 87' lang='grc' dir='ltr'><em>τοῖς</em></span> <span class='ocrx_word' id='word_1_18' title='bbox 590 331 688 385; x_wconf 76' lang='grc' dir='ltr'><em>τοῦ</em></span> <span class='ocrx_word' id='word_1_19' title='bbox 717 331 959 403; x_wconf 77' lang='grc' dir='ltr'><em>σωτῆρος</em></span> <span class='ocrx_word' id='word_1_20' title='bbox 992 324 1148 401; x_wconf 76' lang='grc' dir='ltr'><em>ἡμῶν</em></span> <span class='ocrx_word' id='word_1_21' title='bbox 1191 321 1517 396; x_wconf 65' lang='grc' dir='ltr'><em>ἀποστόλοις</em></span> <span class='ocrx_word' id='word_1_22' title='bbox 1547 349 1751 406; x_wconf 90' lang='grc' dir='ltr'><em>προσε-</em></span> 
     </span>
     <span class='ocr_line' id='line_1_4' title="bbox 142 409 1751 486; baseline 0.002 -16"><span class='ocrx_word' id='word_1_23' title='bbox 142 411 373 485; x_wconf 76' lang='grc' dir='ltr'><em>φώνουν</em></span> <span class='ocrx_word' id='word_1_24' title='bbox 414 411 701 485; x_wconf 88' lang='grc' dir='ltr'><em>λέγοντες</em></span> <span class='ocrx_word' id='word_1_25' title='bbox 707 409 790 470; x_wconf 59' lang='grc' dir='ltr'><em>οἐν</em></span> <span class='ocrx_word' id='word_1_26' title='bbox 834 417 1146 485; x_wconf 78' lang='grc' dir='ltr'><strong><em>ἐκκλησίαις</em></strong></span> <span class='ocrx_word' id='word_1_27' title='bbox 1178 412 1457 486; x_wconf 80' lang='grc' dir='ltr'><em>εὐλογεῖτε</em></span> <span class='ocrx_word' id='word_1_28' title='bbox 1485 411 1583 472; x_wconf 83' lang='grc' dir='ltr'><em>τὸν</em></span> <span class='ocrx_word' id='word_1_29' title='bbox 1610 413 1751 473; x_wconf 78' lang='grc' dir='ltr'><em>θεὸν</em></span> 
     </span>
     <span class='ocr_line' id='line_1_5' title="bbox 139 494 1751 573; baseline 0.002 -19"><span class='ocrx_word' id='word_1_30' title='bbox 139 495 334 572; x_wconf 88' lang='grc' dir='ltr'><em>κύριον</em></span> <span class='ocrx_word' id='word_1_31' title='bbox 367 500 424 554; x_wconf 86' lang='grc' dir='ltr'><em>ἐκ</em></span> <span class='ocrx_word' id='word_1_32' title='bbox 455 501 648 570; x_wconf 76' lang='grc' dir='ltr'><em>πηγῶν</em></span> <span class='ocrx_word' id='word_1_33' title='bbox 674 494 944 570; x_wconf 83' lang='grc' dir='ltr'><em>Ἰσραήλ.”</em></span> <span class='ocrx_word' id='word_1_34' title='bbox 987 501 1158 570; x_wconf 87' lang='grc' dir='ltr'><em>πηγαὶ</em></span> <span class='ocrx_word' id='word_1_35' title='bbox 1191 498 1252 555; x_wconf 76' lang='grc' dir='ltr'><em>δὲ</em></span> <span class='ocrx_word' id='word_1_36' title='bbox 1278 494 1493 573; x_wconf 79' lang='grc' dir='ltr'><em>Ἰσραὴλ</em></span> <span class='ocrx_word' id='word_1_37' title='bbox 1522 505 1580 556; x_wconf 74' lang='grc' dir='ltr'><em>οἱ</em></span> <span class='ocrx_word' id='word_1_38' title='bbox 1598 499 1751 573; x_wconf 92' lang='grc' dir='ltr'><em>λόγοι</em></span> 
     </span>
     <span class='ocr_line' id='line_1_6' title="bbox 95 578 1749 659; baseline 0.002 -21"><span class='ocrx_word' id='word_1_39' title='bbox 95 578 210 639; x_wconf 75' lang='grc' dir='ltr'><em>5ὂῖν</em></span> <span class='ocrx_word' id='word_1_40' title='bbox 251 581 364 640; x_wconf 83' lang='grc' dir='ltr'><em>εἷεν</em></span> <span class='ocrx_word' id='word_1_41' title='bbox 404 586 461 639; x_wconf 83' lang='grc' dir='ltr'><em>οί</em></span> <span class='ocrx_word' id='word_1_42' title='bbox 494 588 568 659; x_wconf 78' lang='grc' dir='ltr'><em>τῷ</em></span> <span class='ocrx_word' id='word_1_43' title='bbox 604 579 818 657; x_wconf 75' lang='grc' dir='ltr'><em>Ἰσραὴλ</em></span> <span class='ocrx_word' id='word_1_44' title='bbox 859 586 1313 657; x_wconf 79' lang='grc' dir='ltr'><em>παραδεδομένοι.</em></span> <span class='ocrx_word' id='word_1_45' title='bbox 1397 587 1601 657; x_wconf 79' lang='grc' dir='ltr'><em>πρῶτοι</em></span> <span class='ocrx_word' id='word_1_46' title='bbox 1644 582 1749 658; x_wconf 78' lang='grc' dir='ltr'><em>γάρ</em></span> 
     </span>
     <span class='ocr_line' id='line_1_7' title="bbox 139 665 1750 740; baseline 0.002 -17"><span class='ocrx_word' id='word_1_47' title='bbox 139 666 552 739; x_wconf 81' lang='grc' dir='ltr'><em>ἐπιστεύθησαν</em></span> <span class='ocrx_word' id='word_1_48' title='bbox 591 665 656 724; x_wconf 74' lang='grc' dir='ltr'><em>τά</em></span> <span class='ocrx_word' id='word_1_49' title='bbox 696 665 854 739; x_wconf 83' lang='grc' dir='ltr'><em>λόγια</em></span> <span class='ocrx_word' id='word_1_50' title='bbox 894 673 992 724; x_wconf 85' lang='grc' dir='ltr'><em>τοῦ</em></span> <span class='ocrx_word' id='word_1_51' title='bbox 1033 670 1202 740; x_wconf 78' lang='grc' dir='ltr'><em>θεοῦ,</em></span> <span class='ocrx_word' id='word_1_52' title='bbox 1243 666 1382 725; x_wconf 78' lang='grc' dir='ltr'><em>ὅθεν</em></span> <span class='ocrx_word' id='word_1_53' title='bbox 1413 666 1750 737; x_wconf 73' lang='grc' dir='ltr'><em>ἀντλοῦντας</em></span> 
     </span>
     <span class='ocr_line' id='line_1_8' title="bbox 137 747 1746 827; baseline 0.002 -19"><span class='ocrx_word' id='word_1_54' title='bbox 137 753 228 808; x_wconf 82' lang='grc' dir='ltr'><em>καὶ</em></span> <span class='ocrx_word' id='word_1_55' title='bbox 261 747 401 825; x_wconf 76' lang='grc' dir='ltr'><em>ἡμᾶς</em></span> <span class='ocrx_word' id='word_1_56' title='bbox 425 749 686 827; x_wconf 79' lang='grc' dir='ltr'><em>ἀρδεύειν</em></span> <span class='ocrx_word' id='word_1_57' title='bbox 711 750 898 824; x_wconf 82' lang='grc' dir='ltr'><em>δεήσει</em></span> <span class='ocrx_word' id='word_1_58' title='bbox 927 749 1022 817; x_wconf 75' lang='grc' dir='ltr'><em>τὰς</em></span> <span class='ocrx_word' id='word_1_59' title='bbox 1054 755 1343 825; x_wconf 82' lang='grc' dir='ltr'><em>ἐκκλησίας</em></span> <span class='ocrx_word' id='word_1_60' title='bbox 1374 756 1746 827; x_wconf 75' lang='grc' dir='ltr'><em>τοῦΧριστοῦ.</em></span> 
     </span>
     <span class='ocr_line' id='line_1_9' title="bbox 133 834 1748 911; baseline 0.001 -18"><span class='ocrx_word' id='word_1_61' title='bbox 133 840 183 893; x_wconf 77' lang='lat'><em>5.</em></span> <span class='ocrx_word' id='word_1_62' title='bbox 219 834 478 902; x_wconf 79' lang='grc' dir='ltr'><em>νεάνιδας</em></span> <span class='ocrx_word' id='word_1_63' title='bbox 511 837 571 893; x_wconf 73' lang='grc' dir='ltr'><em>δὲ</em></span> <span class='ocrx_word' id='word_1_64' title='bbox 601 838 693 893; x_wconf 86' lang='grc' dir='ltr'><em>καὶ</em></span> <span class='ocrx_word' id='word_1_65' title='bbox 723 843 1158 911; x_wconf 77' lang='grc' dir='ltr'><em>τυμπανιστρίας</em></span> <span class='ocrx_word' id='word_1_66' title='bbox 1189 835 1283 903; x_wconf 79' lang='grc' dir='ltr'><em>τας</em></span> <span class='ocrx_word' id='word_1_67' title='bbox 1313 835 1482 894; x_wconf 88' lang='grc' dir='ltr'><em>πάλαι</em></span> <span class='ocrx_word' id='word_1_68' title='bbox 1514 856 1748 911; x_wconf 89' lang='grc' dir='ltr'><em>σωματι-</em></span> 
     </span>
     <span class='ocr_line' id='line_1_10' title="bbox 136 918 1748 997; baseline 0.002 -20"><span class='ocrx_word' id='word_1_69' title='bbox 136 919 378 994; x_wconf 79' lang='grc' dir='ltr'><em>κτότερον</em></span> <span class='ocrx_word' id='word_1_70' title='bbox 409 918 545 978; x_wconf 78' lang='grc' dir='ltr'><em>κατὰ</em></span> <span class='ocrx_word' id='word_1_71' title='bbox 574 920 671 978; x_wconf 89' lang='grc' dir='ltr'><em>τὸν</em></span> <span class='ocrx_word' id='word_1_72' title='bbox 684 923 933 987; x_wconf 85' lang='grc' dir='ltr'><em>Μωσέως</em></span> <span class='ocrx_word' id='word_1_73' title='bbox 966 919 1136 994; x_wconf 86' lang='grc' dir='ltr'><em>νόμον</em></span> <span class='ocrx_word' id='word_1_74' title='bbox 1159 920 1387 993; x_wconf 84' lang='grc' dir='ltr'><em>βιούσας</em></span> <span class='ocrx_word' id='word_1_75' title='bbox 1418 920 1596 996; x_wconf 78' lang='grc' dir='ltr'><em>ψυχάς</em></span> <span class='ocrx_word' id='word_1_76' title='bbox 1626 921 1748 997; x_wconf 81' lang='grc' dir='ltr'><em>ᾐνί-</em></span> 
     </span>
     <span class='ocr_line' id='line_1_11' title="bbox 71 1003 1748 1080; baseline 0.002 -18"><span class='ocrx_word' id='word_1_77' title='bbox 71 1032 111 1064; x_wconf 89' lang='lat'><em>10</em></span> <span class='ocrx_word' id='word_1_78' title='bbox 135 1009 280 1079; x_wconf 83' lang='grc' dir='ltr'><em>ξατο,</em></span> <span class='ocrx_word' id='word_1_79' title='bbox 315 1004 407 1062; x_wconf 80' lang='grc' dir='ltr'><em>διὰ</em></span> <span class='ocrx_word' id='word_1_80' title='bbox 436 1005 539 1078; x_wconf 74' lang='grc' dir='ltr'><em>μὲν</em></span> <span class='ocrx_word' id='word_1_81' title='bbox 568 1003 627 1062; x_wconf 82' lang='grc' dir='ltr'><em>τὸ</em></span> <span class='ocrx_word' id='word_1_82' title='bbox 652 1006 924 1080; x_wconf 80' lang='grc' dir='ltr'><em>νεώτερον</em></span> <span class='ocrx_word' id='word_1_83' title='bbox 946 1007 1037 1062; x_wconf 83' lang='grc' dir='ltr'><em>καὶ</em></span> <span class='ocrx_word' id='word_1_84' title='bbox 1060 1004 1248 1073; x_wconf 78' lang='grc' dir='ltr'><em>ἀτελὲς</em></span> <span class='ocrx_word' id='word_1_85' title='bbox 1269 1009 1367 1063; x_wconf 84' lang='grc' dir='ltr'><em>τοῦ</em></span> <span class='ocrx_word' id='word_1_86' title='bbox 1397 1006 1748 1080; x_wconf 84' lang='grc' dir='ltr'><em>φρονήματος</em></span> 
     </span>
     <span class='ocr_line' id='line_1_12' title="bbox 134 1088 1859 1165; baseline 0.001 -18"><span class='ocrx_word' id='word_1_87' title='bbox 134 1088 426 1162; x_wconf 79' lang='grc' dir='ltr'><em>νεάνιδας,</em></span> <span class='ocrx_word' id='word_1_88' title='bbox 471 1088 562 1146; x_wconf 77' lang='grc' dir='ltr'><em>διὰ</em></span> <span class='ocrx_word' id='word_1_89' title='bbox 606 1091 665 1147; x_wconf 73' lang='grc' dir='ltr'><em>δὲ</em></span> <span class='ocrx_word' id='word_1_90' title='bbox 696 1089 756 1146; x_wconf 90' lang='grc' dir='ltr'><em>τὸ</em></span> <span class='ocrx_word' id='word_1_91' title='bbox 793 1092 919 1164; x_wconf 84' lang='grc' dir='ltr'><em>περὶ</em></span> <span class='ocrx_word' id='word_1_92' title='bbox 963 1089 1282 1164; x_wconf 83' lang='grc' dir='ltr'><em>σωματικὴν</em></span> <span class='ocrx_word' id='word_1_93' title='bbox 1311 1097 1745 1165; x_wconf 82' lang='grc' dir='ltr'><em>κατατρίβεσθαι</em></span> <span class='ocrx_word' id='word_1_94' title='bbox 1771 1119 1859 1162; x_wconf 78' lang='lat'><strong>[2⁷5]</strong></span> 
     </span>
     <span class='ocr_line' id='line_1_13' title="bbox 131 1174 1506 1249; baseline 0 -18"><span class='ocrx_word' id='word_1_95' title='bbox 131 1180 446 1249; x_wconf 86' lang='grc' dir='ltr'><em>θρησκείαν</em></span> <span class='ocrx_word' id='word_1_96' title='bbox 476 1181 916 1249; x_wconf 84' lang='grc' dir='ltr'><em>τυμπανιστρίας</em></span> <span class='ocrx_word' id='word_1_97' title='bbox 947 1174 1117 1242; x_wconf 78' lang='grc' dir='ltr'><em>αὐτὰς</em></span> <span class='ocrx_word' id='word_1_98' title='bbox 1149 1174 1506 1241; x_wconf 81' lang='grc' dir='ltr'><em>ἀποκαλέσας.</em></span> 
     </span>
    </p>
   </div>
   <div class='ocr_carea' id='block_1_3' title="bbox 608 1398 1861 1472">
    <p class='ocr_par' dir='ltr' id='par_1_3' title="bbox 608 1398 1861 1472">
     <span class='ocr_line' id='line_1_14' title="bbox 608 1398 1861 1472; baseline -0.001 -15"><span class='ocrx_word' id='word_1_99' title='bbox 608 1470 611 1472; x_wconf 14' lang='lat' dir='ltr'>q</span> <span class='ocrx_word' id='word_1_100' title='bbox 678 1399 811 1457; x_wconf 85' lang='grc' dir='ltr'><em>Ἀπὸ</em></span> <span class='ocrx_word' id='word_1_101' title='bbox 844 1404 940 1457; x_wconf 84' lang='grc' dir='ltr'><em>τοῦ</em></span> <span class='ocrx_word' id='word_1_102' title='bbox 963 1398 1208 1458; x_wconf 82' lang='grc' dir='ltr'><em>Ἡσαΐου.</em></span> <span class='ocrx_word' id='word_1_103' title='bbox 1764 1416 1861 1457; x_wconf 71' lang='grc' dir='ltr'>έ442)</span> 
     </span>
    </p>
   </div>
   <div class='ocr_carea' id='block_1_4' title="bbox 57 1504 1790 2767">
    <p class='ocr_par' dir='ltr' id='par_1_4' title="bbox 259 1504 1746 1587">
     <span class='ocr_line' id='line_1_15' title="bbox 259 1504 1746 1587; baseline -0.001 -15"><span class='ocrx_word' id='word_1_104' title='bbox 259 1523 313 1572; x_wconf 92' lang='grc' dir='ltr'><em>Χ.</em></span> <span class='ocrx_word' id='word_1_105' title='bbox 349 1509 623 1586; x_wconf 41' lang='grc' dir='ltr'><em>((Πνεῦμα</em></span> <span class='ocrx_word' id='word_1_106' title='bbox 664 1519 863 1587; x_wconf 88' lang='grc' dir='ltr'><em>κυρίου</em></span> <span class='ocrx_word' id='word_1_107' title='bbox 905 1509 991 1569; x_wconf 84' lang='grc' dir='ltr'><em>ἐπ’</em></span> <span class='ocrx_word' id='word_1_108' title='bbox 1035 1514 1154 1586; x_wconf 72' lang='grc' dir='ltr'><em>ἐμὲ,</em></span> <span class='ocrx_word' id='word_1_109' title='bbox 1195 1504 1263 1570; x_wconf 75' lang='grc' dir='ltr'><em>οὗ</em></span> <span class='ocrx_word' id='word_1_110' title='bbox 1303 1517 1516 1570; x_wconf 80' lang='grc' dir='ltr'><em>εἵνεκεν</em></span> <span class='ocrx_word' id='word_1_111' title='bbox 1563 1519 1746 1587; x_wconf 82' lang='grc' dir='ltr'><em>ἕχρισέ</em></span> 
     </span>
    </p>

    <p class='ocr_par' dir='ltr' id='par_1_5' title="bbox 67 1593 1790 1756">
     <span class='ocr_line' id='line_1_16' title="bbox 67 1593 1743 1670; baseline 0.002 -18"><span class='ocrx_word' id='word_1_112' title='bbox 67 1621 107 1653; x_wconf 89' lang='lat'><em>15</em></span> <span class='ocrx_word' id='word_1_113' title='bbox 130 1618 225 1668; x_wconf 91' lang='grc' dir='ltr'><em>με,</em></span> <span class='ocrx_word' id='word_1_114' title='bbox 261 1593 729 1669; x_wconf 79' lang='grc' dir='ltr'><em>εὐαγγελίσασθαι</em></span> <span class='ocrx_word' id='word_1_115' title='bbox 759 1610 993 1670; x_wconf 83' lang='grc' dir='ltr'><em>πτωχοῖς</em></span> <span class='ocrx_word' id='word_1_116' title='bbox 1017 1595 1329 1655; x_wconf 82' lang='grc' dir='ltr'><em>ἆπέσταλκέ</em></span> <span class='ocrx_word' id='word_1_117' title='bbox 1353 1621 1439 1670; x_wconf 87' lang='grc' dir='ltr'><em>με,</em></span> <span class='ocrx_word' id='word_1_118' title='bbox 1475 1595 1743 1655; x_wconf 81' lang='grc' dir='ltr'><em>ἰάσασθαι</em></span> 
     </span>
     <span class='ocr_line' id='line_1_17' title="bbox 128 1678 1790 1756; baseline 0.002 -20"><span class='ocrx_word' id='word_1_119' title='bbox 128 1678 258 1746; x_wconf 76' lang='grc' dir='ltr'><em>τούς</em></span> <span class='ocrx_word' id='word_1_120' title='bbox 288 1683 786 1755; x_wconf 81' lang='grc' dir='ltr'><em>συντετριμμένους</em></span> <span class='ocrx_word' id='word_1_121' title='bbox 825 1682 927 1754; x_wconf 86' lang='grc' dir='ltr'><em>τὴν</em></span> <span class='ocrx_word' id='word_1_122' title='bbox 966 1687 1232 1755; x_wconf 87' lang='grc' dir='ltr'><em>καρδίαν,</em></span> <span class='ocrx_word' id='word_1_123' title='bbox 1275 1685 1506 1755; x_wconf 80' lang='grc' dir='ltr'><em>κηρῦξαι</em></span> <span class='ocrx_word' id='word_1_124' title='bbox 1545 1688 1742 1756; x_wconf 80' lang='grc' dir='ltr'><em>αἰχμα-</em></span> <span class='ocrx_word' id='word_1_125' title='bbox 1769 1712 1790 1744; x_wconf 70' lang='lat' dir='ltr'>b</span> 
     </span>
    </p>

    <p class='ocr_par' dir='ltr' id='par_1_6' title="bbox 128 1763 1739 1924">
     <span class='ocr_line' id='line_1_18' title="bbox 130 1763 1739 1839; baseline 0.002 -18"><span class='ocrx_word' id='word_1_126' title='bbox 130 1763 320 1832; x_wconf 86' lang='grc' dir='ltr'><em>λω’τοις</em></span> <span class='ocrx_word' id='word_1_127' title='bbox 361 1763 564 1837; x_wconf 87' lang='grc' dir='ltr'><em>άφεσιν</em></span> <span class='ocrx_word' id='word_1_128' title='bbox 603 1768 696 1822; x_wconf 86' lang='grc' dir='ltr'><em>καὶ</em></span> <span class='ocrx_word' id='word_1_129' title='bbox 726 1773 956 1839; x_wconf 81' lang='grc' dir='ltr'><em>τυφλοῖς</em></span> <span class='ocrx_word' id='word_1_130' title='bbox 986 1765 1326 1839; x_wconf 82' lang='grc' dir='ltr'><em>ἀνάβλεψιν,</em></span> <span class='ocrx_word' id='word_1_131' title='bbox 1375 1770 1602 1824; x_wconf 88' lang='grc' dir='ltr'><em>καλέσαι</em></span> <span class='ocrx_word' id='word_1_132' title='bbox 1634 1769 1739 1825; x_wconf 87' lang='grc' dir='ltr'><em>ε’νι-</em></span> 
     </span>
     <span class='ocr_line' id='line_1_19' title="bbox 128 1845 1643 1924; baseline 0.001 -19"><span class='ocrx_word' id='word_1_133' title='bbox 128 1849 300 1909; x_wconf 85' lang='grc' dir='ltr'><em>αυτὸν</em></span> <span class='ocrx_word' id='word_1_134' title='bbox 330 1855 529 1923; x_wconf 88' lang='grc' dir='ltr'><em>κυρίου</em></span> <span class='ocrx_word' id='word_1_135' title='bbox 562 1848 759 1908; x_wconf 87' lang='grc' dir='ltr'><em>δεκτόν</em></span> <span class='ocrx_word' id='word_1_136' title='bbox 789 1853 881 1908; x_wconf 90' lang='grc' dir='ltr'><em>καὶ</em></span> <span class='ocrx_word' id='word_1_137' title='bbox 911 1845 1122 1924; x_wconf 81' lang='grc' dir='ltr'><em>ἡμέραν</em></span> <span class='ocrx_word' id='word_1_138' title='bbox 1152 1849 1590 1917; x_wconf 88' lang='grc' dir='ltr'><em>ανταποδόσεως.</em></span> <span class='ocrx_word' id='word_1_139' title='bbox 1602 1847 1643 1900; x_wconf 86' lang='grc'><em>”.</em></span> 
     </span>
    </p>

    <p class='ocr_par' dir='ltr' id='par_1_7' title="bbox 255 1931 1738 2009">
     <span class='ocr_line' id='line_1_20' title="bbox 255 1931 1738 2009; baseline 0.002 -19"><span class='ocrx_word' id='word_1_140' title='bbox 255 1938 304 1990; x_wconf 80' lang='grc'><em>2.</em></span> <span class='ocrx_word' id='word_1_141' title='bbox 338 1936 449 1992; x_wconf 86' lang='grc' dir='ltr'><em>Καὶ</em></span> <span class='ocrx_word' id='word_1_142' title='bbox 489 1932 699 2007; x_wconf 86' lang='grc' dir='ltr'><em>ταύτην</em></span> <span class='ocrx_word' id='word_1_143' title='bbox 742 1931 906 2001; x_wconf 80' lang='grc' dir='ltr'><em>αὐτὸς</em></span> <span class='ocrx_word' id='word_1_144' title='bbox 948 1933 976 1992; x_wconf 85' lang='grc' dir='ltr'>ὁ</span> <span class='ocrx_word' id='word_1_145' title='bbox 1018 1933 1206 2009; x_wconf 89' lang='grc' dir='ltr'><em>κύριος</em></span> <span class='ocrx_word' id='word_1_146' title='bbox 1236 1932 1395 2009; x_wconf 75' lang='grc' dir='ltr'><em>ἡμῶν</em></span> <span class='ocrx_word' id='word_1_147' title='bbox 1435 1935 1538 2008; x_wconf 87' lang='grc' dir='ltr'><em>τὴν</em></span> <span class='ocrx_word' id='word_1_148' title='bbox 1571 1935 1738 2008; x_wconf 89' lang='grc' dir='ltr'><em>πρόρ-</em></span> 
     </span>
    </p>

    <p class='ocr_par' dir='ltr' id='par_1_8' title="bbox 62 2015 1739 2094">
     <span class='ocr_line' id='line_1_21' title="bbox 62 2015 1739 2094; baseline 0.001 -18"><span class='ocrx_word' id='word_1_149' title='bbox 62 2044 103 2076; x_wconf 81' lang='lat'><em>20</em></span> <span class='ocrx_word' id='word_1_150' title='bbox 127 2036 291 2091; x_wconf 86' lang='grc' dir='ltr'><em>ρησιν</em></span> <span class='ocrx_word' id='word_1_151' title='bbox 323 2024 399 2084; x_wconf 83' lang='grc' dir='ltr'><em>εἰς</em></span> <span class='ocrx_word' id='word_1_152' title='bbox 433 2017 633 2076; x_wconf 83' lang='grc' dir='ltr'><em>ἑαυτὸν</em></span> <span class='ocrx_word' id='word_1_153' title='bbox 671 2015 930 2093; x_wconf 84' lang='grc' dir='ltr'><em>ὁμολογεῖ</em></span> <span class='ocrx_word' id='word_1_154' title='bbox 956 2022 1388 2094; x_wconf 74' lang='grc' dir='ltr'><em>πεπληρῶσθαι,</em></span> <span class='ocrx_word' id='word_1_155' title='bbox 1431 2016 1520 2077; x_wconf 89' lang='grc' dir='ltr'><em>ότε</em></span> <span class='ocrx_word' id='word_1_156' title='bbox 1554 2021 1739 2078; x_wconf 76' lang='grc' dir='ltr'><em>ἐλθών</em></span> 
     </span>
    </p>

    <p class='ocr_par' dir='ltr' id='par_1_9' title="bbox 128 2095 1738 2206">
     <span class='ocr_line' id='line_1_22' title="bbox 128 2095 1738 2206; baseline 0.002 -47"><span class='ocrx_word' id='word_1_157' title='bbox 128 2108 204 2168; x_wconf 81' lang='grc' dir='ltr'><em>εἰς</em></span> <span class='ocrx_word' id='word_1_158' title='bbox 234 2101 335 2175; x_wconf 87' lang='grc' dir='ltr'><em>τὴν</em></span> <span class='ocrx_word' id='word_1_159' title='bbox 367 2104 684 2206; x_wconf 74' lang='grc' dir='ltr'><em>Ναζαρὲθ,</em></span> <span class='ocrx_word' id='word_1_160' title='bbox 700 2095 770 2161; x_wconf 76' lang='grc' dir='ltr'><em>οὗ</em></span> <span class='ocrx_word' id='word_1_161' title='bbox 807 2096 879 2176; x_wconf 80' lang='grc' dir='ltr'><em>ἦν</em></span> <span class='ocrx_word' id='word_1_162' title='bbox 907 2101 1424 2179; x_wconf 73' lang='grc' dir='ltr'><em>ἀνατεθραμμένος,</em></span> <span class='ocrx_word' id='word_1_163' title='bbox 1473 2107 1738 2177; x_wconf 78' lang='grc' dir='ltr'><em>εἰσῆλθεν</em></span> 
     </span>
    </p>

    <p class='ocr_par' dir='ltr' id='par_1_10' title="bbox 124 2185 1737 2265">
     <span class='ocr_line' id='line_1_23' title="bbox 124 2185 1737 2265; baseline 0.002 -22"><span class='ocrx_word' id='word_1_164' title='bbox 124 2186 259 2244; x_wconf 81' lang='grc' dir='ltr'><em>κατὰ</em></span> <span class='ocrx_word' id='word_1_165' title='bbox 290 2185 349 2244; x_wconf 87' lang='grc' dir='ltr'>τὸ</span> <span class='ocrx_word' id='word_1_166' title='bbox 382 2187 582 2254; x_wconf 86' lang='grc' dir='ltr'><em>εἰωθὸς</em></span> <span class='ocrx_word' id='word_1_167' title='bbox 613 2185 768 2265; x_wconf 75' lang='grc' dir='ltr'><em>αὐτῷ</em></span> <span class='ocrx_word' id='word_1_168' title='bbox 799 2191 858 2246; x_wconf 85' lang='grc' dir='ltr'><em>ἐν</em></span> <span class='ocrx_word' id='word_1_169' title='bbox 887 2195 954 2263; x_wconf 81' lang='grc' dir='ltr'><em>τῇ</em></span> <span class='ocrx_word' id='word_1_170' title='bbox 984 2185 1161 2265; x_wconf 81' lang='grc' dir='ltr'><em>ἡμέρα</em></span> <span class='ocrx_word' id='word_1_171' title='bbox 1183 2192 1295 2247; x_wconf 75' lang='grc' dir='ltr'><em>τῶν</em></span> <span class='ocrx_word' id='word_1_172' title='bbox 1327 2188 1627 2262; x_wconf 82' lang='grc' dir='ltr'><em>σαββάτων</em></span> <span class='ocrx_word' id='word_1_173' title='bbox 1660 2196 1737 2256; x_wconf 90' lang='grc' dir='ltr'><em>εις</em></span> 
     </span>
    </p>

    <p class='ocr_par' dir='ltr' id='par_1_11' title="bbox 122 2270 1735 2350">
     <span class='ocr_line' id='line_1_24' title="bbox 122 2270 1735 2350; baseline 0.001 -23"><span class='ocrx_word' id='word_1_174' title='bbox 122 2270 225 2344; x_wconf 84' lang='grc' dir='ltr'><em>τὴν</em></span> <span class='ocrx_word' id='word_1_175' title='bbox 256 2272 618 2345; x_wconf 82' lang='grc' dir='ltr'><em>συναγωγὴν,</em></span> <span class='ocrx_word' id='word_1_176' title='bbox 651 2271 950 2331; x_wconf 75' lang='grc' dir='ltr'><em>ἀναστάντι</em></span> <span class='ocrx_word' id='word_1_177' title='bbox 984 2274 1044 2330; x_wconf 90' lang='grc' dir='ltr'><em>δε</em></span> <span class='ocrx_word' id='word_1_178' title='bbox 1068 2271 1218 2350; x_wconf 77' lang='grc' dir='ltr'><em>αυτῷ</em></span> <span class='ocrx_word' id='word_1_179' title='bbox 1245 2272 1491 2346; x_wconf 82' lang='grc' dir='ltr'><em>ἐπεδόθη</em></span> <span class='ocrx_word' id='word_1_180' title='bbox 1508 2273 1735 2338; x_wconf 88' lang='grc' dir='ltr'><em>Ησαΐας</em></span> 
     </span>
    </p>

    <p class='ocr_par' dir='ltr' id='par_1_12' title="bbox 121 2350 1733 2430">
     <span class='ocr_line' id='line_1_25' title="bbox 121 2350 1733 2430; baseline 0.001 -19"><span class='ocrx_word' id='word_1_181' title='bbox 121 2350 150 2410; x_wconf 83' lang='grc' dir='ltr'><em>ὃ</em></span> <span class='ocrx_word' id='word_1_182' title='bbox 182 2355 495 2430; x_wconf 84' lang='grc' dir='ltr'><em>προφήτης,</em></span> <span class='ocrx_word' id='word_1_183' title='bbox 537 2381 604 2414; x_wconf 92' lang='grc' dir='ltr'><em>ου</em></span> <span class='ocrx_word' id='word_1_184' title='bbox 649 2359 740 2413; x_wconf 87' lang='grc' dir='ltr'><em>καὶ</em></span> <span class='ocrx_word' id='word_1_185' title='bbox 770 2354 1084 2425; x_wconf 74' lang='grc' dir='ltr'><em>ἀναπτύξας</em></span> <span class='ocrx_word' id='word_1_186' title='bbox 1113 2356 1215 2430; x_wconf 82' lang='grc' dir='ltr'><em>τὴν</em></span> <span class='ocrx_word' id='word_1_187' title='bbox 1245 2364 1473 2430; x_wconf 87' lang='grc' dir='ltr'><em>βίβλον,</em></span> <span class='ocrx_word' id='word_1_188' title='bbox 1516 2354 1733 2428; x_wconf 72' lang='grc' dir='ltr'><em>ἀνέγνω</em></span> 
     </span>
    </p>

    <p class='ocr_par' dir='ltr' id='par_1_13' title="bbox 57 2435 1778 2598">
     <span class='ocr_line' id='line_1_26' title="bbox 57 2435 1734 2515; baseline 0.002 -21"><span class='ocrx_word' id='word_1_189' title='bbox 57 2463 99 2496; x_wconf 81' lang='lat'><em>25</em></span> <span class='ocrx_word' id='word_1_190' title='bbox 123 2435 182 2494; x_wconf 84' lang='grc' dir='ltr'><em>τὸ</em></span> <span class='ocrx_word' id='word_1_191' title='bbox 216 2442 675 2514; x_wconf 83' lang='grc' dir='ltr'><em>ἐγγεγραμμένον,</em></span> <span class='ocrx_word' id='word_1_192' title='bbox 709 2447 926 2515; x_wconf 83' lang='grc' dir='ltr'><em>πνεῦμα</em></span> <span class='ocrx_word' id='word_1_193' title='bbox 947 2447 1146 2514; x_wconf 86' lang='grc' dir='ltr'><em>κυρίου</em></span> <span class='ocrx_word' id='word_1_194' title='bbox 1172 2440 1254 2497; x_wconf 83' lang='grc' dir='ltr'><em>ἐπ’</em></span> <span class='ocrx_word' id='word_1_195' title='bbox 1287 2443 1397 2514; x_wconf 86' lang='grc' dir='ltr'><em>ε’με,</em></span> <span class='ocrx_word' id='word_1_196' title='bbox 1429 2465 1496 2497; x_wconf 93' lang='grc' dir='ltr'><em>ου</em></span> <span class='ocrx_word' id='word_1_197' title='bbox 1522 2445 1734 2498; x_wconf 82' lang='grc' dir='ltr'><em>εἵνεκεν</em></span> 
     </span>
     <span class='ocr_line' id='line_1_27' title="bbox 126 2522 1778 2598; baseline 0.004 -20"><span class='ocrx_word' id='word_1_198' title='bbox 126 2526 310 2596; x_wconf 85' lang='grc' dir='ltr'><em>ε’χρισέ</em></span> <span class='ocrx_word' id='word_1_199' title='bbox 346 2547 442 2596; x_wconf 92' lang='grc' dir='ltr'><em>με,</em></span> <span class='ocrx_word' id='word_1_200' title='bbox 498 2522 966 2596; x_wconf 85' lang='grc' dir='ltr'><em>ευαγγελίσασθαι</em></span> <span class='ocrx_word' id='word_1_201' title='bbox 1015 2537 1252 2598; x_wconf 81' lang='grc' dir='ltr'><em>πτωχοῖς</em></span> <span class='ocrx_word' id='word_1_202' title='bbox 1300 2523 1611 2581; x_wconf 80' lang='grc' dir='ltr'><em>ἄπέσταλκέ</em></span> <span class='ocrx_word' id='word_1_203' title='bbox 1644 2549 1730 2597; x_wconf 87' lang='grc' dir='ltr'><em>με,</em></span> <span class='ocrx_word' id='word_1_204' title='bbox 1761 2564 1778 2585; x_wconf 73' lang='lat' dir='ltr'><strong>e</strong></span> 
     </span>
    </p>

    <p class='ocr_par' dir='ltr' id='par_1_14' title="bbox 126 2606 1730 2681">
     <span class='ocr_line' id='line_1_28' title="bbox 126 2606 1730 2681; baseline 0.002 -19"><span class='ocrx_word' id='word_1_205' title='bbox 126 2609 356 2680; x_wconf 81' lang='grc' dir='ltr'><em>κηρῦξαι</em></span> <span class='ocrx_word' id='word_1_206' title='bbox 387 2606 746 2681; x_wconf 72' lang='grc' dir='ltr'><em>αἰχμαλώτοις</em></span> <span class='ocrx_word' id='word_1_207' title='bbox 781 2606 983 2681; x_wconf 74' lang='grc' dir='ltr'><em>ἄφεσιν</em></span> <span class='ocrx_word' id='word_1_208' title='bbox 1013 2611 1105 2666; x_wconf 88' lang='grc' dir='ltr'><em>καὶ</em></span> <span class='ocrx_word' id='word_1_209' title='bbox 1137 2617 1366 2681; x_wconf 86' lang='grc' dir='ltr'><em>τυφλοῖς</em></span> <span class='ocrx_word' id='word_1_210' title='bbox 1400 2607 1730 2681; x_wconf 76' lang='grc' dir='ltr'><em>ἀνάβλεψιν,</em></span> 
     </span>
    </p>

    <p class='ocr_par' dir='ltr' id='par_1_15' title="bbox 125 2689 1731 2767">
     <span class='ocr_line' id='line_1_29' title="bbox 125 2689 1731 2767; baseline 0.002 -21"><span class='ocrx_word' id='word_1_211' title='bbox 125 2689 443 2749; x_wconf 82' lang='grc' dir='ltr'><em>ἀποστεῖλαι</em></span> <span class='ocrx_word' id='word_1_212' title='bbox 473 2695 923 2765; x_wconf 86' lang='grc' dir='ltr'><em>τεθραυσμένους</em></span> <span class='ocrx_word' id='word_1_213' title='bbox 956 2697 1015 2751; x_wconf 82' lang='grc' dir='ltr'><em>ἐν</em></span> <span class='ocrx_word' id='word_1_214' title='bbox 1044 2690 1257 2767; x_wconf 76' lang='grc' dir='ltr'><em>ἀφέσει,</em></span> <span class='ocrx_word' id='word_1_215' title='bbox 1290 2696 1516 2751; x_wconf 86' lang='grc' dir='ltr'><em>καλέσαι</em></span> <span class='ocrx_word' id='word_1_216' title='bbox 1548 2697 1731 2752; x_wconf 82' lang='grc' dir='ltr'><em>ε’νιαυ-</em></span> 
     </span>
    </p>
   </div>
   <div class='ocr_carea' id='block_1_5' title="bbox 122 2816 455 2822">
    <p class='ocr_par' dir='ltr' id='par_1_16' title="bbox 122 2816 455 2822">
     <span class='ocr_line' id='line_1_30' title="bbox 122 2816 455 2822; baseline 0 0"><span class='ocrx_word' id='word_1_217' title='bbox 122 2816 455 2822; x_wconf 95' lang='lat' dir='ltr'><em> </em></span> 
     </span>
    </p>
   </div>
   <div class='ocr_carea' id='block_1_6' title="bbox 239 2886 1416 3009">
    <p class='ocr_par' dir='ltr' id='par_1_17' title="bbox 239 2886 1416 3009">
     <span class='ocr_line' id='line_1_31' title="bbox 239 2886 1030 2937; baseline 0.003 -12"><span class='ocrx_word' id='word_1_218' title='bbox 239 2889 261 2925; x_wconf 99' lang='grc'>3</span> <span class='ocrx_word' id='word_1_219' title='bbox 294 2886 418 2927; x_wconf 78' lang='lat' dir='ltr'>Rom.</span> <span class='ocrx_word' id='word_1_220' title='bbox 443 2889 482 2936; x_wconf 85' lang='lat'><em>3,</em></span> <span class='ocrx_word' id='word_1_221' title='bbox 506 2888 543 2925; x_wconf 78' lang='lat'><em>2.</em></span> <span class='ocrx_word' id='word_1_222' title='bbox 722 2889 774 2926; x_wconf 79' lang='lat'><em>14</em></span> <span class='ocrx_word' id='word_1_223' title='bbox 805 2888 880 2930; x_wconf 66' lang='lat' dir='ltr'><em>Es.</em></span> <span class='ocrx_word' id='word_1_224' title='bbox 901 2888 967 2937; x_wconf 81' lang='lat'><em>61,</em></span> <span class='ocrx_word' id='word_1_225' title='bbox 995 2890 1030 2927; x_wconf 86' lang='lat'><em>1.</em></span> 
     </span>
     <span class='ocr_line' id='line_1_32' title="bbox 1307 2955 1416 3009; baseline 0.009 -1"><span class='ocrx_word' id='word_1_226' title='bbox 1307 2955 1416 3009; x_wconf 69' lang='lat'><em>38*</em></span> 
     </span>
    </p>
   </div>
  </div>
 </body>
</html>
