1992 3186
571 121 880 163 DEMONST.
913 121 1131 162 EVANG.
1163 122 1264 164 VII.
1298 125 1338 163 3.
1639 122 1743 174 483

135 245 294 294 καλεῖ
328 240 404 313 τῷ
443 235 612 293 πάλαι
643 235 912 311 πρότερον
953 235 1359 309 τετελευτηκότι
1389 243 1594 309 Δαβίδ.
1656 243 1738 296 40.

132 319 401 395 πρόσσχες
422 319 526 396 γὰρ
551 323 816 393 ἐπιμελῶς
838 325 914 398 τῷ
934 319 1192 395 ἀνωτέρω
1206 322 1308 395 μὲν
1327 324 1419 380 καὶ
1451 319 1742 396 ἀναστήσω

132 410 206 482 τῷ
238 408 442 480 Δαβὶδ,
468 403 746 478 ἀνατολὴν
779 411 1030 477 δικαίαν,
1079 407 1166 463 ἐπὶ
1206 409 1351 463 τέλει
1394 408 1454 464 δὲ
1486 411 1742 480 ἐπιφερο-

131 493 279 566 μένῳ
321 493 398 567 τῷ
429 485 560 547 “uoci
602 489 698 548 τὸν
739 493 928 563 Λαβὶδ
967 493 1194 562 βασιλέα
1238 489 1412 548 αὐτοῦ
1449 488 1742 564 ἀναστήσω

88 599 107 630 5
133 571 338 651 αὐτῷ.”
388 582 499 632 τίνι
533 576 592 632 δὲ
617 573 766 651 αὐτῷ
798 571 832 647 ἦ
856 578 930 652 τῷ
955 580 1173 645 Δαβίδ;
1205 570 1381 652 τούτῳ
1406 575 1510 649 γὰρ
1536 583 1743 649 ἔφησεν

127 655 461 732 ἀναστήσειν
511 659 613 732 τὴν
659 657 934 732 ἀνατολὴν
983 657 1085 732 τὴν
1137 664 1372 718 δικαίαν.
1447 665 1532 718 41.
1577 663 1668 718 καὶ
1709 657 1856 730 ὁ(358)

131 750 407 817 Ζαχαρίας
439 745 501 801 δὲ
521 746 647 818 περὶ
672 747 769 801 τοῦ
801 741 974 800 αὐτοῦ
997 742 1366 816 προφητεύων
1387 741 1587 817 ὁμοίως
1608 743 1745 802 ἀνα-

129 827 296 900 τολὴν
326 825 497 886 αὐτὸν
527 837 687 886 καλεῖ
704 831 883 900 λέγων
905 824 1069 885 “ι’δοῦ
1103 826 1245 901 ἀνὴρ
1262 873 1277 900 ,
1309 826 1549 902 ἀνατολὴ
1570 827 1743 903 ὄνομα

130 910 308 989 αὐτῷ,
340 915 432 969 καὶ
461 909 829 971 ὑποκάτωθεν
859 910 1032 969 αὐτοῦ
1063 910 1320 970 ἀνατελεῑ
1359 913 1739 986 ὃικαιοσῦνη.”

67 1022 105 1052 10
130 999 221 1054 καὶ
253 995 422 1054 πάλιν
444 995 698 1054 ((καλέσω
731 994 828 1053 τὸν
861 995 1066 1053 δοῦλόν
1095 1021 1202 1070 μου
1234 996 1525 1070 ἀνατολήν.
1538 995 1565 1016 ”
1613 996 1739 1055 ἀλλ’

129 1079 312 1147 οὐδείς
341 1105 406 1152 γε
427 1080 562 1154 μετὰ
584 1081 713 1148 τοὺς
736 1080 1002 1155 Ἱερεμίου
1025 1081 1275 1154 χρόνους,
1302 1079 1426 1138 ἀλλ’
1449 1081 1584 1139 οὐδὲ
1607 1083 1742 1155 μετὰ

127 1164 255 1232 τοῦς
284 1169 383 1222 τοῦ
414 1171 721 1239 Ζαχαρίου,
763 1169 1009 1232 τοιοῦτος
1041 1162 1243 1239 ἀνέστη
1284 1180 1398 1232 τοῖς
1431 1171 1491 1224 ἐκ
1522 1189 1742 1242 περιτο-

126 1253 260 1323 μῆς,
294 1249 366 1316 ὡς
398 1247 636 1322 ἀνατολὴ
671 1256 858 1307 δικαία
890 1253 1196 1323 κληθῆναι,
1229 1253 1321 1308 καὶ
1346 1254 1556 1318 συνιεὶς
1586 1258 1740 1323 βασι-

127 1333 256 1400 λεῦς
298 1337 390 1391 καὶ
432 1339 608 1392 ποιῶν
648 1340 815 1408 κρίμα
846 1337 938 1391 καὶ
972 1334 1334 1408 δικαιοσύνην
1378 1337 1465 1392 ἐπὶ
1496 1342 1592 1408 τῆς
1622 1339 1738 1409 γῆς.

65 1442 104 1474 15
127 1423 210 1476 42.
247 1424 298 1475 εἰ
327 1419 388 1475 δὲ
419 1420 567 1491 λέγοι
597 1443 677 1485 τις
711 1418 803 1475 διὰ
831 1417 1044 1476 τούτων
1070 1417 1284 1491 Ἰησοῦν
1313 1417 1410 1477 τὸν
1440 1424 1540 1478 τοῦ
1562 1419 1742 1478 Ἰωσε-

129 1504 224 1560 δὲκ
266 1508 603 1576 δηλοῦσθαι,
645 1505 866 1560 λεκτέον
906 1502 990 1560 ὅτι
1029 1503 1096 1560 οὐ
1138 1506 1477 1576 συνέστηκεν
1521 1503 1549 1560 ὁ
1581 1504 1740 1575 λόγος

128 1586 292 1663 αὐτῷ.
367 1586 492 1646 οὔτε
531 1587 635 1661 γαρ
674 1586 781 1644 ἀπὸ
822 1590 1019 1661 γένους
1059 1589 1250 1658 Δαβὶδ
1287 1578 1445 1654 οὗτος
1496 1580 1566 1660 ἧν
1614 1587 1741 1646 οὕτε
1768 1617 1788 1648 b

130 1668 201 1737 ὧς
242 1670 500 1743 βασιλεῦς
545 1676 920 1743 ἐβασίλευσεν.
1002 1676 1085 1728 43.
1130 1675 1245 1738 πῶς
1287 1672 1348 1728 δὲ
1393 1670 1478 1728 ἐπ’
1529 1675 1742 1729 ἐκεῖνον

767 1753 841 1774 *CC

130 1754 365 1814 δυ’ναται
395 1753 687 1829 ἁρμόττειν
726 1781 785 1813 το
850 1759 941 1813 καὶ
983 1755 1079 1812 τὸν
1112 1758 1302 1828 Λαβὶὸ
1342 1758 1573 1828 βασιλέα
1604 1755 1740 1813 ἀνα-

65 1863 104 1894 20
129 1840 312 1913 στήσω
345 1838 550 1917 αὐτῷ,”
586 1839 750 1898 ὁπότε
780 1844 960 1913 φυλῆς
990 1842 1092 1913 μὲν
1132 1832 1202 1913 ἦν
1234 1843 1404 1913 Λευὶ,
1445 1839 1646 1909 τάξεως
1682 1838 1736 1897 δ’

127 1922 541 1998 ἀρχιερατικῆς,
596 1928 687 1982 καὶ
729 1930 926 1997 γένους
970 1927 1162 1998 ἑτέρου
1204 1924 1352 1999 παρὰ
1390 1922 1487 1982 τὸν
1530 1928 1736 1997 Δαβὶδ,

128 2009 389 2081 βασιλεὺς
440 2008 489 2066 δ’
537 2007 794 2082 οὐδαμῶς
845 2007 1086 2082 γεγονώς
1134 2015 1457 2081 ίστορεῖται;
1511 2008 1651 2067 ω’στε
1693 2017 1744 2066 εἰ

127 2096 320 2166 μηδεὶς
352 2097 533 2168 ἔτερος
567 2090 878 2166 εὑρίσκοιτο
909 2100 1182 2165 τοιοῦτος,
1226 2091 1341 2166 ὥρα
1383 2092 1480 2151 τὸν
1520 2117 1741 2168 προφη-

127 2177 429 2251 τευόμενον
459 2181 550 2235 καὶ
585 2179 675 2236 διὰ
704 2178 918 2237 τούτων
947 2175 1238 2252 ὁμολογεῖν
1267 2177 1440 2251 μόνον
1472 2177 1615 2236 εἶναι
1644 2178 1741 2236 τὸν

65 2283 106 2316 25
130 2266 348 2336 σωτῆρα
379 2265 470 2320 καὶ
502 2262 695 2336 κύριον
727 2262 901 2336 ἡμῶν,
933 2263 1031 2321 τὸν
1055 2265 1146 2319 καὶ
1174 2267 1234 2320 ἐν
1265 2265 1468 2337 ἑτέροις
1491 2266 1611 2334 φῶς
1641 2266 1741 2319 τοῦ

129 2344 335 2419 κόσμου
366 2350 458 2404 καὶ
488 2353 607 2419 φῶς
637 2351 749 2406 τῶν
780 2351 966 2405 ἐθνῶν
995 2344 1459 2421 ἀνηγορευμένον.
1521 2350 1605 2403 44.
1641 2345 1738 2401 αὐ-

79 2482 81 2484 ,
128 2427 218 2495 τός
255 2435 552 2504 τοιγαροῦν
593 2442 676 2504 εἴη
715 2429 786 2489 ἂν
825 2431 1115 2498 κάνταῦθα
1154 2427 1182 2488 ὁ
1233 2428 1736 2503 προφητευόμενος,

131 2514 222 2569 καὶ
254 2517 591 2587 συνέστηκεν
621 2513 869 2588 ἀψευδὴς
899 2515 933 2588 ἡ
965 2514 1280 2589 πρόρρησις.
1345 2512 1510 2587 μόνος
1540 2511 1645 2585 γάρ
1678 2517 1737 2570 ἐκ
1765 2552 1780 2572 e

130 2599 436 2670 σπέρματος
467 2602 656 2671 Δαβὶδ
685 2599 992 2674 ὁμωνύμως
1024 2603 1097 2675 τῷ
1121 2596 1426 2672 προπάτορι
1453 2595 1588 2654 κατά
1620 2597 1735 2654 διά-ι

67 2701 108 2736 30
133 2706 319 2753 νοιαν,
366 2684 483 2739 ἐπεὶ
515 2683 871 2757 ἑρμηνεύεται
914 2682 1148 2749 δυνατὸς
1190 2684 1358 2756 χειρὶ,
1401 2688 1735 2756 χρηματίσας

245 2877 270 2915 8
302 2876 440 2916 Zaeh.
464 2877 503 2927 6,
532 2877 596 2919 12.
774 2878 825 2917 10
855 2876 995 2920 Zaeh.
1020 2879 1059 2928 3,
1084 2878 1124 2920 8.

1401 2945 1466 2996 31
1483 2945 1512 2976 ’³‘
