1992 3186
273 136 378 187 402
939 136 1188 177 EUSEBH

273 252 619 326 τῇσυστάσῃ
654 250 826 308 αὐτοῦ
860 250 914 319 ἐξ
946 247 1105 322 ἁγίας
1136 253 1424 323 παρθένου
1458 254 1623 325 σαρκὶ
1657 251 1884 328 (παχείᾳ

273 339 374 409 μὲν
403 334 543 410 οῦσῃ
578 335 668 391 διὰ
698 335 757 392 τὸ
787 341 882 407 τῆς
914 341 1224 407 σωματικῆς
1245 331 1381 408 ῦλης
1403 332 1723 407 ἀντίτυπον,
1757 334 1884 393 ἐλα-

275 425 389 494 φρᾷ
434 421 493 475 δὲ
535 418 703 476 πάλιν
746 419 837 476 διὰ
875 420 935 476 τὸ
975 416 1325 491 κρείττοναῆ
1367 416 1504 476 καθ’
1545 419 1685 493 ἡμᾶς
1718 420 1880 493 εἶναι,

275 507 363 560 καὶ
397 506 601 576 νεφέλη
634 503 815 576 κούφη
845 501 1218 576 ὀνομαζομένῃ
1251 502 1343 559 διὰ
1372 501 1432 559 τὸ
1461 503 1535 576 μὴ
1577 504 1630 572 ἐξ
1661 503 1883 576 ἡδυπα-

271 591 411 653 θοῦς
435 591 675 659 φθορᾶς,
701 586 841 644 ἄλλα
866 586 920 655 ἐξ
939 586 1101 659 ἁγίου
1127 585 1437 660 πνεύματος
1467 588 1782 661 συστῆναι),
1814 592 1880 663 τῇ
1903 612 1924 645 5

271 677 383 728 τῶν
430 677 752 743 Αἰγυπτίων
793 671 1053 744 ἐπιδημεῖ
1100 669 1265 746 χώρα.
1336 677 1384 728 9.
1427 667 1462 742 ἡ
1505 669 1557 727 δ’
1600 678 1747 728 αἰτία
1786 676 1881 744 τῆς

273 754 449 813 ἐκεῖσε
481 754 773 829 ἐπιδημίας
814 754 986 813 αὐτοῦ
1025 759 1221 812 τοῦτον
1252 762 1362 828 ἔχει
1391 753 1488 812 τὸν
1519 754 1699 828 λόγον.
1762 753 1881 813 ἐπεὶ

272 841 376 913 γὰρ
417 839 479 897 ἐν
519 839 660 914 αὐτῇ
699 839 890 914 πρώτῃ
931 838 1193 912 κατάρξαι
1232 840 1298 897 τὰ
1338 843 1433 912 τῆς
1477 839 1880 913 εἰδωλολάτρου

270 923 480 996 πλάνης
511 923 933 998 μνημονεύεται,
966 922 1200 982 ἐδόκουν
1229 947 1288 981 τε
1317 923 1543 981 πάντων
1562 921 1883 998 ἀνθρώπων

268 1010 501 1081 μάλιστα
525 1012 1085 1082 δεισιδαιμονέστατοι
1105 1007 1419 1081 τυγχάνειν,
1446 1011 1643 1081 ἐχθροί
1657 1032 1716 1065 τε
1739 1009 1881 1066 εἶναι
1903 1033 1944 1064 10

269 1096 360 1149 καὶ
391 1095 639 1167 πολέμιοι
670 1097 771 1151 τοῦ
801 1098 937 1152 λαοῦ
961 1098 1058 1150 τοῦ
1082 1097 1241 1164 θεοῦ,
1272 1099 1385 1149 τῶν
1410 1096 1714 1164 προφητῶν
1744 1093 1881 1150 κατὰ

268 1186 529 1234 πλεῖστον
559 1175 693 1236 ὅσον
723 1175 1063 1251 ἀφεστῶτες,
1106 1175 1327 1244 εἰκότως
1360 1175 1547 1242 αὐτοῖς
1578 1175 1814 1248 πρώτοις
1847 1173 1879 1248 ἡ

267 1265 367 1318 τοῦ
397 1266 539 1318 θεοῦ
571 1266 767 1334 ἐφίστη
794 1261 1052 1334 δύναμις·
1087 1259 1174 1318 διὸ
1198 1263 1290 1317 καὶ
1309 1259 1535 1318 πάντων
1559 1258 1879 1333 ἀνθρώπων

268 1349 477 1418 μᾶλλον
519 1344 651 1420 παρ’
686 1353 1015 1418 Αἰγυπτίοις
1057 1355 1286 1418 ἴσχυσεν
1326 1344 1354 1402 ὁ
1395 1349 1490 1417 τῆς
1522 1341 1879 1417 εῦαγγελικῆς

268 1429 439 1487 αὐτοῦ
463 1436 825 1496 διδασκαλίας
849 1429 1031 1501 λόγος·
1078 1427 1216 1486 ὅθεν
1235 1426 1268 1501 ἡ
1287 1431 1541 1502 παροῦσα
1571 1436 1879 1502 προφητεία
1902 1451 1943 1483 15

266 1513 439 1571 αὐτὸν
453 1513 639 1582 αὐτοῖς
663 1514 1026 1587 ἐπιδημήσειν
1038 1513 1135 1571 τὸν
1153 1513 1348 1586 κύριον
1362 1519 1630 1586 θεσπίζει,
1657 1518 1738 1570 10.
1753 1511 1879 1570 ἀλλ’

265 1597 388 1671 οὐχὶ
420 1598 547 1665 τοὺς
578 1605 920 1671 Αἰγυπτίους
950 1598 1102 1671 ἥξειν
1136 1607 1211 1664 εἰς
1235 1597 1336 1670 τὴν
1358 1596 1644 1656 Ἰουδαίων
1674 1595 1879 1671 χώραν,

265 1681 404 1739 οὐδέ
429 1707 491 1754 γε
523 1690 599 1750 εἰς
629 1682 695 1740 τὰ
721 1681 1067 1757 Ἱεροσόλυμα
1097 1681 1507 1754 προσκυνήσειν
1537 1679 1717 1758 αὐτῷ,
1750 1680 1872 1739 οὐδ’

271 1770 516 1824 ἐνταῦθα
548 1768 685 1825 κατὰ
713 1766 779 1824 τὰ
810 1766 957 1838 παρὰ
986 1776 1186 1824 Μωσεῐ
1200 1769 1644 1840 προστεταγμένα
1674 1783 1878 1838 προση-

266 1851 557 1908 λυτεύσειν
581 1851 887 1922 Ἰουδαίοις,
920 1852 1054 1907 οὐδὲ
1076 1850 1278 1907 θύσειν
1306 1855 1512 1915 θυσίας
1544 1853 1605 1906 ἐν
1633 1853 1709 1924 τῷ
1739 1848 1876 1922 πρὸς
1899 1872 1940 1904 20

263 1940 328 2008 τῇ
354 1931 708 2007 Ἰερουσαλὴμ
738 1941 1147 2009 θυσιαστηρίῳ·
1210 1930 1347 1989 ἄλλα
1377 1931 1590 1990 τούτων
1624 1934 1725 2006 μὲν
1756 1940 1878 1990 ἔσε-

264 2025 406 2075 σθαί
430 2037 604 2089 φησιν
633 2016 825 2089 οὐδὲν,
857 2016 954 2074 τὸν
985 2018 1047 2073 δὲ
1078 2015 1272 2089 κύριον
1303 2015 1473 2073 αὐτὸν
1513 2015 1876 2089 ἐπιδημήσειν

264 2116 376 2168 τοῖς
408 2108 768 2173 Αἰγυπτίοις,
810 2104 900 2158 καὶ
944 2105 1039 2173 τῆς
1070 2100 1242 2158 αὑτοῦ
1272 2108 1578 2173 παρουσίας
1609 2101 1876 2168 καταξιώ-

265 2205 386 2243 σειν
416 2186 547 2252 τοῦς
569 2184 795 2257 ἄνδρας,
827 2183 1083 2258 μεγάλων
1103 2209 1162 2242 τε
1183 2184 1415 2257 ἀγαθῶν
1433 2185 1876 2255 καταστήσεσθαι

266 2279 442 2326 αἴτιον
476 2268 678 2337 αὐτοῖς.
725 2275 805 2328 11.
840 2268 1220 2340 κατορθώσειν
1249 2273 1387 2341 γοῦν
1418 2266 1590 2325 αὐτοῦ
1619 2267 1722 2339 τὴν
1753 2271 1873 2324 ἐπι-
1895 2292 1936 2325 25

267 2360 470 2427 δημίαν
500 2361 699 2426 ταῦτα,
742 2351 881 2427 ἅπερ
924 2356 1014 2410 καὶ
1046 2351 1232 2418 αὐτοῖς
1273 2360 1451 2423 ἔργοις
1481 2351 1614 2424 μετὰ
1643 2351 1746 2423 τὴν
1773 2357 1873 2408 τοῦ

264 2442 508 2511 σωτῆρος
538 2438 695 2511 ἡμῶν
730 2435 907 2510 Ἰησοῦ
947 2440 1046 2494 τοῦ
1075 2442 1316 2508 Χριστοῦ
1357 2436 1685 2509 ἐπιφάνειαν
1712 2442 1870 2493 συνί-

264 2542 454 2579 σταται
495 2525 923 2596 πεπληρωμένα·
983 2528 1108 2578 τίνα
1162 2522 1222 2578 δὲ
1274 2513 1342 2592 ἦν
1393 2519 1751 2593 θεασώμεθα.
1819 2524 1876 2577 οὗ

262 2610 395 2678 πρὶν
438 2605 539 2680 τήν
580 2618 869 2680 Αἴγυπτον
907 2610 1189 2672 οἰκοῦντες
1230 2609 1434 2677 φαῦλοι
1476 2607 1565 2662 καὶ
1597 2606 1869 2678 μοχθηροὶ

215 2728 221 2745 ‹
265 2697 553 2763 δαίμονες,
596 2695 648 2759 ἐξ
690 2695 890 2757 αἰῶνος
931 2693 1147 2764 μακροῦ
1187 2703 1298 2755 τοῖς
1338 2688 1550 2757 ξοάνοις
1584 2687 1869 2761 ἐμφωλεύ-
1891 2711 1933 2743 30

263 2797 417 2839 οντες
459 2777 549 2830 καὶ
583 2776 675 2840 τὰς
713 2779 824 2832 τών
857 2781 1185 2847 Αἰγυπτίων
1214 2771 1393 2846 ψυχας
1423 2772 1573 2847 πάσῃ
1608 2777 1868 2829 δεισιδαι-

260 2864 454 2930 μονίας
486 2858 668 2931 πλάνῃ
693 2857 1215 2932 καταδουλούμενοι,
1249 2857 1682 2930 συναισθόμενοι
1713 2858 1868 2926 ξένης
