1992 3186
231 117 336 169 572
936 115 1182 157 EUSEBH

233 232 380 307 πάχη
412 234 503 289 καὶ
541 231 600 288 τὸ
642 228 901 303 φρόνημα
938 233 1034 302 τῆς
1073 228 1273 304 σαρκὸς
1303 230 1592 289 λεπτύνων
1625 234 1714 289 ἐπὶ
1742 231 1846 305 τὴν

121 342 211 383 (425)
235 315 434 388 στενὴν
465 312 599 372 ὁδὸν
630 319 725 386 τῆς
757 320 989 371 αἰωνίου
1021 317 1157 386 ζωῆς
1183 317 1526 387 ἐπιτηδείους
1545 335 1844 374 κατασκευ-

234 400 359 471 άζει,
422 397 560 455 ἀλλά
591 400 683 455 καὶ
713 399 1067 464 κατακλιθεὶς
1099 394 1266 465 αὐτὸς
1296 390 1455 466 οὗτος
1484 398 1512 457 ὁ
1547 403 1599 468 ἐξ
1623 398 1846 474 Ἰσραὴλ

234 482 532 556 προελθών
572 481 898 554 ἅνθρωπος,
940 482 968 539 ὁ
1016 482 1452 556 κατακυριεύσας
1485 487 1670 542 ἐθνῶν
1710 493 1848 542 πολ-

234 572 376 639 λῶν,
411 563 793 639 ἀνεπαύσατο,
828 569 1031 639 φησὶν,
1066 565 1138 634 ῶς
1171 569 1343 639 λέων,
1385 565 1529 624 οὕτω
1563 571 1749 641 δηλῶν
1778 566 1890 642 ἣν5

232 652 525 719 ἀνεδέξατο
567 657 914 723 οἰκονομίαν,
957 649 1088 708 καθ’
1139 647 1210 722 ἣν
1241 648 1426 726 ῶσπερ
1457 675 1538 717 τις
1567 652 1850 724 βασιλικὸς

233 739 325 793 καὶ
364 737 675 809 θαρραλέος
714 732 827 807 θὴρ
859 733 1210 792 ἀνεπαύσατο
1222 780 1238 807 ,
1278 734 1517 808 μηδενὸς
1549 733 1721 794 αὐτοῦ
1748 734 1851 809 τὴν

233 818 411 894 ἀρχὴν
441 822 533 876 καὶ
563 817 664 893 τὴν
694 825 985 891 βασιλείαν
1026 818 1478 893 μεταστήσασθαι
1513 822 1849 893 δυναμένου,

234 902 436 971 πάντες
481 928 538 961 τε
579 908 635 960 οἱ
661 901 758 960 τὸν
790 903 1029 976 Χριστὸν
1060 902 1453 976 εὐλογοῦντες,
1493 902 1638 981 λόγῳ
1667 927 1728 962 τε
1757 906 1851 962 καὶ

234 994 340 1065 βίῳ
372 986 740 1062 σεμνύνοντες
770 987 871 1060 τὴν
901 986 1104 1060 ἀρετὴν
1133 992 1232 1045 τοῦ
1265 987 1633 1062 διδασκάλου,
1665 992 1760 1062 τῆς
1793 992 1852 1046 ἐκ
1873 1011 1914 1044 10

235 1076 381 1130 θεοῦ
410 1071 810 1145 μετειλήφασιν
843 1071 1124 1145 εὐλογίας,
1173 1070 1432 1140 αὔξοντες
1462 1071 1729 1146 ὁσημέραι
1758 1075 1850 1130 καὶ

236 1155 647 1229 πληθύνοντες,
691 1154 827 1213 κατὰ
859 1155 919 1213 τὸ
944 1152 1295 1224 “αὐξοὲνεσθε
1341 1159 1433 1213 καὶ
1465 1155 1848 1230 πληθύνεσθε,

237 1244 328 1297 καὶ
352 1239 679 1313 πληρώσατε
703 1239 804 1313 τὴν
827 1237 987 1312 γῆν,”
1025 1237 1404 1313 ἀληθέστερον
1429 1237 1516 1297 ἐπ’
1551 1237 1736 1298 αὐτῶν
1759 1243 1852 1298 καὶ

187 1351 208 1383 b
236 1326 716 1398 θεοπρεπέστερον
756 1327 851 1396 τῆς
882 1331 1041 1391 θείας
1089 1326 1482 1397 ἐκτελουμένης
1513 1330 1729 1398 φωνῆς·
1777 1320 1851 1391 ῶς

237 1414 473 1481 ἔμπαλιν
513 1413 570 1466 οἱ
611 1406 718 1464 ἀπὸ
760 1407 981 1480 πρώτης
1030 1412 1126 1482 τῆς
1168 1407 1285 1465 κατ’
1337 1406 1510 1466 αὐτοῦ
1555 1411 1851 1480 ἐπιβουλῆς
1874 1431 1914 1464 15

237 1494 404 1549 εἰσέτι
437 1495 529 1549 καὶ
558 1495 669 1550 νῦν
701 1490 871 1549 αὐτὸν
903 1494 964 1549 ἐν
992 1508 1106 1559 τοῖς
1137 1492 1322 1550 αὐτῶν
1361 1498 1675 1567 συνεδρίοις
1705 1490 1854 1567 ἀρῶ-

235 1599 422 1649 μενοι,
468 1575 570 1649 τὴν
616 1579 674 1633 ἐκ
719 1579 860 1634 θεοῦ
904 1576 1151 1650 κατάραν
1197 1579 1251 1645 ἐξ
1299 1579 1515 1634 ἐκείνου
1553 1579 1646 1634 καὶ
1686 1579 1853 1635 εἰσέτι

238 1665 405 1733 δεῦρο
430 1659 560 1718 καθ’
591 1663 806 1718 ἑαυτῶν
829 1660 1223 1719 ἐπεσπάσαντο.
1269 1666 1317 1717 9.
1353 1660 1439 1718 διὸ
1463 1663 1554 1718 καὶ
1571 1661 1673 1735 τὴν
1698 1660 1852 1735 ἐσχά-

234 1769 337 1817 την
353 1742 420 1801 οὐ
434 1743 607 1818 μόνον
622 1748 717 1817 τῆς
742 1752 1047 1818 βασιλείας,
1073 1743 1212 1802 ἀλλὰ
1239 1748 1440 1803 καὶτοῦ
1464 1744 1633 1802 πάλαι
1656 1762 1850 1818 σεμνο-

235 1829 405 1886 τάτου
447 1826 632 1886 αὐτῶν
674 1828 1008 1902 ἁγιάσματος
1042 1833 1274 1904 ἐρημίαν
1303 1852 1363 1885 τε
1405 1832 1496 1885 καὶ
1526 1827 1753 1902 φθορὰν
1782 1826 1847 1886 ού
1871 1851 1912 1884 20

237 1911 508 1970 παύονται
550 1911 655 1986 πρὸ
695 1911 1007 1985 ὀφθαλμῶν
1047 1912 1299 1986 ὁρῶντες.
1377 1909 1530 1978 ἄξιον
1571 1913 1631 1969 δὲ
1669 1934 1852 1986 παρα-

236 2006 426 2053 θεῖναι
456 2010 569 2062 τοῖς
598 1990 736 2068 μετὰ
765 2010 953 2068 χεῖρας
982 1995 1084 2067 τὴν
1114 1995 1250 2069 πρὸς
1272 1993 1369 2052 τὸν
1391 1994 1609 2053 Ἰούδαν
1625 2000 1726 2053 τοῦ
1748 1995 1850 2055 Ἰα-

202 2114 219 2136 c
241 2079 362 2150 κῶβ
393 2086 767 2152 προφητείαν,
815 2076 886 2150 ἣν
916 2081 1008 2135 καὶ
1040 2076 1216 2152 αὐτὴν
1249 2083 1616 2154 ἐναργέστατα
1649 2086 1725 2148 εἰς
1755 2080 1851 2139 τὸν

237 2161 504 2235 ἡμέτερον
528 2166 746 2236 σωτῆρα
774 2162 1099 2236 ἐφαρμόζειν
1122 2163 1672 2238 προπαρεστήσαμεν,
1698 2183 1851 2222 συνι-

242 2251 363 2303 δεῖν
392 2271 450 2303 τε
479 2244 582 2318 τὴν
614 2250 675 2303 ἐν
706 2248 980 2318 ἑκατέροις
1011 2254 1358 2320 συμφωνίαν.
1421 2253 1501 2305 10.
1537 2244 1610 2314 ῶς
1633 2248 1737 2322 γὰρ
1764 2251 1848 2306 ἐν·
1871 2272 1912 2304 25

238 2334 423 2388 ταῦθα
470 2340 678 2405 εἴρηται
700 2327 1078 2399 “ἐξελεύσεται
1117 2329 1416 2404 ἅνθρωπος
1449 2335 1508 2388 ἐκ
1537 2338 1638 2388 τοῦ
1685 2334 1849 2406 σπέρ-

238 2439 404 2486 ματος
434 2412 642 2471 αὐτοῦ”
680 2415 876 2488 (δῆλον
909 2413 963 2471 δ’
990 2412 1072 2472 ὅτι
1101 2418 1199 2472 τοῦ
1228 2413 1467 2488 Ἰακῶβ,)
1508 2414 1651 2472 οὕτω
1692 2413 1854 2474 κάκεῖ

230 2494 333 2554 “ἐκ
364 2502 607 2569 βλαστοῦ
637 2503 728 2556 υἷέ
755 2523 863 2572 μου
894 2496 1135 2573 ἀνέβης”
1169 2508 1352 2572 εἴρητο
1396 2495 1496 2556 ὑπ’
1533 2498 1706 2558 αὐτοῦ
1749 2503 1848 2557 τοῦ

232 2580 426 2654 Ἰακώβ
456 2584 591 2656 πρὸς
620 2582 717 2639 τὸν
747 2582 1250 2657 προφητευόμενον.
1297 2588 1374 2640 11.
1410 2586 1501 2640 καὶ
1526 2582 1599 2650 ῶς
1631 2586 1719 2642 ἐπὶ
1749 2586 1849 2641 τοῦ

238 2664 509 2739 παρόντος
549 2667 762 2739 λέγεται
802 2667 863 2724 τὸ
889 2664 1017 2724 “nal
1057 2666 1335 2742 κυριεύσει
1369 2670 1555 2726 ἐθνῶν
1585 2664 1844 2726 πολλῶν”
1867 2690 1909 2722 30

354 2859 403 2895 12
438 2857 550 2897 Gen.
576 2860 612 2908 1,
639 2859 704 2899 28.
880 2862 934 2901 30
968 2860 1078 2902 Gen.
1101 2862 1172 2912 49,
1195 2863 1237 2900 9.
