<?xml version="1.0" encoding="UTF-8"?>
<!DOCTYPE html PUBLIC "-//W3C//DTD XHTML 1.0 Transitional//EN"
    "http://www.w3.org/TR/xhtml1/DTD/xhtml1-transitional.dtd">
<html xmlns="http://www.w3.org/1999/xhtml" xml:lang="en" lang="en">
 <head>
  <title>
</title>
<meta http-equiv="Content-Type" content="text/html;charset=utf-8" />
  <meta name='ocr-system' content='tesseract 3.04.00' />
  <meta name='ocr-capabilities' content='ocr_page ocr_carea ocr_par ocr_line ocrx_word'/>
</head>
<body>
  <div class='ocr_page' id='page_1' title='image "./operaeusebius03euseuoft_0578.png"; bbox 0 0 1992 3186; ppageno 0'>
   <div class='ocr_carea' id='block_1_1' title="bbox 228 96 1147 150">
    <p class='ocr_par' dir='ltr' id='par_1_1' title="bbox 228 96 1147 150">
     <span class='ocr_line' id='line_1_1' title="bbox 228 96 1147 150; baseline -0.015 0"><span class='ocrx_word' id='word_1_1' title='bbox 228 97 333 150; x_wconf 75' lang='lat'><em>554</em></span> <span class='ocrx_word' id='word_1_2' title='bbox 899 96 1147 148; x_wconf 70' lang='lat' dir='ltr'>EUSEBH</span> 
     </span>
    </p>
   </div>
   <div class='ocr_carea' id='block_1_2' title="bbox 123 210 1900 2733">
    <p class='ocr_par' dir='ltr' id='par_1_2' title="bbox 226 210 1876 795">
     <span class='ocr_line' id='line_1_2' title="bbox 235 210 1831 289; baseline -0.001 -17"><span class='ocrx_word' id='word_1_3' title='bbox 235 216 568 289; x_wconf 82' lang='grc' dir='ltr'><em>ἑρμηνευταὶ</em></span> <span class='ocrx_word' id='word_1_4' title='bbox 613 210 952 270; x_wconf 77' lang='grc' dir='ltr'><em>ἐκδεδῶκασι</em></span> <span class='ocrx_word' id='word_1_5' title='bbox 984 210 1118 268; x_wconf 57' lang='lat' dir='ltr'><strong><em>“noch</em></strong></span> <span class='ocrx_word' id='word_1_6' title='bbox 1166 212 1393 286; x_wconf 81' lang='grc' dir='ltr'><em>λαλήσει</em></span> <span class='ocrx_word' id='word_1_7' title='bbox 1451 212 1680 288; x_wconf 79' lang='grc' dir='ltr'><em>εἰρήνην</em></span> <span class='ocrx_word' id='word_1_8' title='bbox 1715 227 1831 282; x_wconf 82' lang='grc' dir='ltr'><em>τοῖς</em></span> 
     </span>
     <span class='ocr_line' id='line_1_3' title="bbox 231 293 1833 371; baseline 0.001 -15"><span class='ocrx_word' id='word_1_9' title='bbox 231 294 515 370; x_wconf 79' lang='grc' dir='ltr'><em>ἔθνεσιν,”</em></span> <span class='ocrx_word' id='word_1_10' title='bbox 560 293 591 354; x_wconf 78' lang='grc' dir='ltr'><em>ὃ</em></span> <span class='ocrx_word' id='word_1_11' title='bbox 629 299 720 353; x_wconf 88' lang='grc' dir='ltr'><em>καὶ</em></span> <span class='ocrx_word' id='word_1_12' title='bbox 750 295 986 370; x_wconf 86' lang='grc' dir='ltr'><em>μάλιστα</em></span> <span class='ocrx_word' id='word_1_13' title='bbox 1026 293 1133 353; x_wconf 81' lang='grc' dir='ltr'><em>άπὸ</em></span> <span class='ocrx_word' id='word_1_14' title='bbox 1173 300 1268 370; x_wconf 83' lang='grc' dir='ltr'><em>τῆς</em></span> <span class='ocrx_word' id='word_1_15' title='bbox 1299 295 1630 370; x_wconf 79' lang='grc' dir='ltr'><em>Αὐγούστου</em></span> <span class='ocrx_word' id='word_1_16' title='bbox 1670 305 1833 371; x_wconf 88' lang='grc' dir='ltr'><em>βασι-</em></span> 
     </span>
     <span class='ocr_line' id='line_1_4' title="bbox 228 378 1834 457; baseline -0.001 -16"><span class='ocrx_word' id='word_1_17' title='bbox 228 390 380 449; x_wconf 80' lang='grc' dir='ltr'><strong><em>λείας</em></strong></span> <span class='ocrx_word' id='word_1_18' title='bbox 410 387 735 440; x_wconf 79' lang='grc' dir='ltr'><em>συνίσταται</em></span> <span class='ocrx_word' id='word_1_19' title='bbox 765 382 858 438; x_wconf 88' lang='grc' dir='ltr'><em>καὶ</em></span> <span class='ocrx_word' id='word_1_20' title='bbox 887 378 1024 454; x_wconf 84' lang='grc' dir='ltr'><em>πρὸς</em></span> <span class='ocrx_word' id='word_1_21' title='bbox 1055 381 1202 448; x_wconf 84' lang='grc' dir='ltr'><em>λέξιν</em></span> <span class='ocrx_word' id='word_1_22' title='bbox 1231 386 1694 457; x_wconf 77' lang='grc' dir='ltr'><em>πεπληρωμένον,</em></span> <span class='ocrx_word' id='word_1_23' title='bbox 1726 381 1834 440; x_wconf 86' lang='grc' dir='ltr'><em>πά-</em></span> 
     </span>
     <span class='ocr_line' id='line_1_5' title="bbox 229 466 1832 543; baseline 0 -18"><span class='ocrx_word' id='word_1_24' title='bbox 229 487 328 541; x_wconf 91' lang='grc' dir='ltr'><em>σης</em></span> <span class='ocrx_word' id='word_1_25' title='bbox 358 467 460 539; x_wconf 75' lang='grc' dir='ltr'><em>μὲν</em></span> <span class='ocrx_word' id='word_1_26' title='bbox 492 468 544 534; x_wconf 82' lang='grc' dir='ltr'><em>ἐξ</em></span> <span class='ocrx_word' id='word_1_27' title='bbox 578 467 794 523; x_wconf 81' lang='grc' dir='ltr'><em>ἐκείνου</em></span> <span class='ocrx_word' id='word_1_28' title='bbox 826 471 1233 537; x_wconf 80' lang='grc' dir='ltr'><em>καταλυθείσης</em></span> <span class='ocrx_word' id='word_1_29' title='bbox 1274 473 1641 540; x_wconf 78' lang='grc' dir='ltr'><em>πολυαρχίας,</em></span> <span class='ocrx_word' id='word_1_30' title='bbox 1687 466 1832 543; x_wconf 85' lang='grc' dir='ltr'><em>εἰρή-</em></span> 
     </span>
     <span class='ocr_line' id='line_1_6' title="bbox 228 550 1876 625; baseline -0.001 -17"><span class='ocrx_word' id='word_1_31' title='bbox 228 575 325 623; x_wconf 91' lang='grc' dir='ltr'><em>νης</em></span> <span class='ocrx_word' id='word_1_32' title='bbox 368 552 429 607; x_wconf 77' lang='grc' dir='ltr'><em>δὲ</em></span> <span class='ocrx_word' id='word_1_33' title='bbox 469 550 534 606; x_wconf 76' lang='grc' dir='ltr'><em>τά</em></span> <span class='ocrx_word' id='word_1_34' title='bbox 574 557 806 607; x_wconf 76' lang='grc' dir='ltr'><em>πλεῖστα</em></span> <span class='ocrx_word' id='word_1_35' title='bbox 849 556 944 623; x_wconf 81' lang='grc' dir='ltr'><em>τῆς</em></span> <span class='ocrx_word' id='word_1_36' title='bbox 986 551 1311 623; x_wconf 82' lang='grc' dir='ltr'><em>οἰκουμένης</em></span> <span class='ocrx_word' id='word_1_37' title='bbox 1351 557 1492 623; x_wconf 84' lang='grc' dir='ltr'><em>ἔθνη</em></span> <span class='ocrx_word' id='word_1_38' title='bbox 1535 551 1831 625; x_wconf 86' lang='grc' dir='ltr'><em>διαλαβού-</em></span> <span class='ocrx_word' id='word_1_39' title='bbox 1855 574 1876 607; x_wconf 90' lang='lat'>5</span> 
     </span>
     <span class='ocr_line' id='line_1_7' title="bbox 229 631 1835 710; baseline 0.001 -18"><span class='ocrx_word' id='word_1_40' title='bbox 229 656 341 708; x_wconf 90' lang='grc' dir='ltr'><em>σης.</em></span> <span class='ocrx_word' id='word_1_41' title='bbox 407 639 486 692; x_wconf 85' lang='lat'><em>14.</em></span> <span class='ocrx_word' id='word_1_42' title='bbox 520 640 602 701; x_wconf 90' lang='grc' dir='ltr'><em>τίς</em></span> <span class='ocrx_word' id='word_1_43' title='bbox 634 635 696 691; x_wconf 75' lang='grc' dir='ltr'><em>δὲ</em></span> <span class='ocrx_word' id='word_1_44' title='bbox 727 633 834 708; x_wconf 88' lang='grc' dir='ltr'><em>πρὸ</em></span> <span class='ocrx_word' id='word_1_45' title='bbox 875 640 987 692; x_wconf 87' lang='grc' dir='ltr'><em>τῶν</em></span> <span class='ocrx_word' id='word_1_46' title='bbox 1008 631 1325 708; x_wconf 79' lang='grc' dir='ltr'><em>Ῥωμαϊκῶν</em></span> <span class='ocrx_word' id='word_1_47' title='bbox 1354 634 1572 710; x_wconf 84' lang='grc' dir='ltr'><em>χρόνων</em></span> <span class='ocrx_word' id='word_1_48' title='bbox 1605 637 1692 692; x_wconf 82' lang='grc' dir='ltr'><em>ἐπὶ</em></span> <span class='ocrx_word' id='word_1_49' title='bbox 1723 640 1835 694; x_wconf 83' lang='grc' dir='ltr'><em>τῶν</em></span> 
     </span>
     <span class='ocr_line' id='line_1_8' title="bbox 226 715 1834 795; baseline 0.001 -18"><span class='ocrx_word' id='word_1_50' title='bbox 226 722 524 795; x_wconf 88' lang='grc' dir='ltr'><em>Περσικῶν</em></span> <span class='ocrx_word' id='word_1_51' title='bbox 554 715 588 791; x_wconf 75' lang='grc' dir='ltr'><em>ἢ</em></span> <span class='ocrx_word' id='word_1_52' title='bbox 611 722 724 776; x_wconf 88' lang='grc' dir='ltr'><em>τῶν</em></span> <span class='ocrx_word' id='word_1_53' title='bbox 746 724 1156 777; x_wconf 75' lang='grc' dir='ltr'><em>Μακεδονικῶν</em></span> <span class='ocrx_word' id='word_1_54' title='bbox 1185 723 1430 786; x_wconf 89' lang='grc' dir='ltr'><em>τοιοῦτος</em></span> <span class='ocrx_word' id='word_1_55' title='bbox 1453 721 1686 793; x_wconf 86' lang='grc' dir='ltr'><em>γέγονεν</em></span> <span class='ocrx_word' id='word_1_56' title='bbox 1701 718 1834 778; x_wconf 89' lang='grc' dir='ltr'><em>Ἰου-</em></span> 
     </span>
    </p>

    <p class='ocr_par' dir='ltr' id='par_1_3' title="bbox 183 800 1900 1554">
     <span class='ocr_line' id='line_1_9' title="bbox 183 800 1835 878; baseline 0.002 -19"><span class='ocrx_word' id='word_1_57' title='bbox 183 830 204 859; x_wconf 73' lang='lat' dir='ltr'>b</span> <span class='ocrx_word' id='word_1_58' title='bbox 230 810 405 862; x_wconf 90' lang='grc' dir='ltr'><em>δαίων</em></span> <span class='ocrx_word' id='word_1_59' title='bbox 435 801 725 877; x_wconf 70' lang='grc' dir='ltr'><em>βασιλεὺς,</em></span> <span class='ocrx_word' id='word_1_60' title='bbox 769 802 842 870; x_wconf 81' lang='grc' dir='ltr'><em>ῶς</em></span> <span class='ocrx_word' id='word_1_61' title='bbox 881 800 1039 878; x_wconf 70' lang='grc' dir='ltr'><em>ἄρξαι</em></span> <span class='ocrx_word' id='word_1_62' title='bbox 1072 800 1243 860; x_wconf 79' lang='grc' dir='ltr'><em>αὐτὸν</em></span> <span class='ocrx_word' id='word_1_63' title='bbox 1273 801 1380 861; x_wconf 82' lang='grc' dir='ltr'><em>ἀπὸ</em></span> <span class='ocrx_word' id='word_1_64' title='bbox 1411 803 1702 878; x_wconf 76' lang='grc' dir='ltr'><em>θαλάσσης</em></span> <span class='ocrx_word' id='word_1_65' title='bbox 1733 808 1835 871; x_wconf 79' lang='grc' dir='ltr'><em>ἕως</em></span> 
     </span>
     <span class='ocr_line' id='line_1_10' title="bbox 227 885 1835 963; baseline -0.001 -16"><span class='ocrx_word' id='word_1_66' title='bbox 227 887 514 961; x_wconf 76' lang='grc' dir='ltr'><em>θαλάσσης</em></span> <span class='ocrx_word' id='word_1_67' title='bbox 554 891 647 946; x_wconf 84' lang='grc' dir='ltr'><em>καὶ</em></span> <span class='ocrx_word' id='word_1_68' title='bbox 677 885 784 946; x_wconf 78' lang='grc' dir='ltr'><em>άπὸ</em></span> <span class='ocrx_word' id='word_1_69' title='bbox 808 891 1070 961; x_wconf 88' lang='grc' dir='ltr'><em>ποταμῶν</em></span> <span class='ocrx_word' id='word_1_70' title='bbox 1107 891 1207 956; x_wconf 80' lang='grc' dir='ltr'><em>ἕως</em></span> <span class='ocrx_word' id='word_1_71' title='bbox 1240 886 1497 963; x_wconf 78' lang='grc' dir='ltr'><em>περάτων</em></span> <span class='ocrx_word' id='word_1_72' title='bbox 1526 893 1621 962; x_wconf 82' lang='grc' dir='ltr'><em>τῆς</em></span> <span class='ocrx_word' id='word_1_73' title='bbox 1651 894 1835 947; x_wconf 80' lang='grc' dir='ltr'><em>οἰκου·</em></span> 
     </span>
     <span class='ocr_line' id='line_1_11' title="bbox 228 972 1898 1048; baseline 0 -18"><span class='ocrx_word' id='word_1_74' title='bbox 228 976 424 1047; x_wconf 80' lang='grc' dir='ltr'><em>μένης;</em></span> <span class='ocrx_word' id='word_1_75' title='bbox 466 979 624 1031; x_wconf 87' lang='grc' dir='ltr'><em>τοῦτο</em></span> <span class='ocrx_word' id='word_1_76' title='bbox 666 977 806 1045; x_wconf 88' lang='grc' dir='ltr'><em>γοῦν</em></span> <span class='ocrx_word' id='word_1_77' title='bbox 838 972 1126 1046; x_wconf 81' lang='grc' dir='ltr'><em>ἐδήλωσαν</em></span> <span class='ocrx_word' id='word_1_78' title='bbox 1166 977 1223 1030; x_wconf 75' lang='grc' dir='ltr'><em>οὗ</em></span> <span class='ocrx_word' id='word_1_79' title='bbox 1258 975 1439 1031; x_wconf 85' lang='grc' dir='ltr'><em>λοιποὶ</em></span> <span class='ocrx_word' id='word_1_80' title='bbox 1482 976 1830 1048; x_wconf 83' lang='grc' dir='ltr'><em>ἑρμηνευταί.</em></span> <span class='ocrx_word' id='word_1_81' title='bbox 1858 997 1898 1030; x_wconf 91' lang='lat'><em>10</em></span> 
     </span>
     <span class='ocr_line' id='line_1_12' title="bbox 227 1055 1834 1132; baseline 0 -16"><span class='ocrx_word' id='word_1_82' title='bbox 227 1055 255 1115; x_wconf 84' lang='grc' dir='ltr'>ὁ</span> <span class='ocrx_word' id='word_1_83' title='bbox 280 1062 419 1130; x_wconf 90' lang='grc' dir='ltr'><em>γοῦν</em></span> <span class='ocrx_word' id='word_1_84' title='bbox 439 1055 671 1125; x_wconf 83' lang='grc' dir='ltr'><em>Ἀκύλας</em></span> <span class='ocrx_word' id='word_1_85' title='bbox 689 1056 965 1132; x_wconf 77' lang='grc' dir='ltr'><em>φησὶ“καὶ</em></span> <span class='ocrx_word' id='word_1_86' title='bbox 981 1055 1206 1129; x_wconf 88' lang='grc' dir='ltr'><em>λαλήσει</em></span> <span class='ocrx_word' id='word_1_87' title='bbox 1233 1055 1461 1132; x_wconf 82' lang='grc' dir='ltr'><em>εἰρήνην</em></span> <span class='ocrx_word' id='word_1_88' title='bbox 1484 1071 1597 1126; x_wconf 79' lang='grc' dir='ltr'><em>τοῖς</em></span> <span class='ocrx_word' id='word_1_89' title='bbox 1622 1064 1834 1132; x_wconf 82' lang='grc' dir='ltr'><em>ἔθνεσι,</em></span> 
     </span>
     <span class='ocr_line' id='line_1_13' title="bbox 229 1139 1837 1216; baseline 0.001 -17"><span class='ocrx_word' id='word_1_90' title='bbox 229 1145 322 1199; x_wconf 84' lang='grc' dir='ltr'><em>καὶ</em></span> <span class='ocrx_word' id='word_1_91' title='bbox 361 1141 396 1215; x_wconf 80' lang='grc' dir='ltr'>ἡ</span> <span class='ocrx_word' id='word_1_92' title='bbox 439 1145 660 1211; x_wconf 81' lang='grc' dir='ltr'><em>ἐξουσία</em></span> <span class='ocrx_word' id='word_1_93' title='bbox 702 1141 876 1199; x_wconf 81' lang='grc' dir='ltr'><em>αὐτοῦ</em></span> <span class='ocrx_word' id='word_1_94' title='bbox 926 1139 1033 1198; x_wconf 81' lang='grc' dir='ltr'><em>άπὸ</em></span> <span class='ocrx_word' id='word_1_95' title='bbox 1075 1140 1362 1214; x_wconf 88' lang='grc' dir='ltr'><em>θαλάσσης</em></span> <span class='ocrx_word' id='word_1_96' title='bbox 1405 1146 1506 1208; x_wconf 78' lang='grc' dir='ltr'><em>ἕως</em></span> <span class='ocrx_word' id='word_1_97' title='bbox 1546 1140 1837 1216; x_wconf 86' lang='grc' dir='ltr'><em>θαλάσσης</em></span> 
     </span>
     <span class='ocr_line' id='line_1_14' title="bbox 229 1225 1833 1300; baseline 0 -16"><span class='ocrx_word' id='word_1_98' title='bbox 229 1229 322 1284; x_wconf 82' lang='grc' dir='ltr'><em>καὶ</em></span> <span class='ocrx_word' id='word_1_99' title='bbox 353 1225 460 1284; x_wconf 79' lang='grc' dir='ltr'><em>ἀπὸ</em></span> <span class='ocrx_word' id='word_1_100' title='bbox 490 1231 739 1300; x_wconf 84' lang='grc' dir='ltr'><em>ποταμοῦ</em></span> <span class='ocrx_word' id='word_1_101' title='bbox 781 1229 881 1294; x_wconf 76' lang='grc' dir='ltr'><em>ἕως</em></span> <span class='ocrx_word' id='word_1_102' title='bbox 922 1225 1177 1300; x_wconf 88' lang='grc' dir='ltr'><em>περάτων</em></span> <span class='ocrx_word' id='word_1_103' title='bbox 1215 1229 1311 1299; x_wconf 80' lang='grc' dir='ltr'><em>τῆς</em></span> <span class='ocrx_word' id='word_1_104' title='bbox 1341 1229 1686 1300; x_wconf 88' lang='grc' dir='ltr'><em>οἰκουμένης.</em></span> <span class='ocrx_word' id='word_1_105' title='bbox 1752 1231 1833 1284; x_wconf 83' lang='grc'><em>15.</em></span> 
     </span>
     <span class='ocr_line' id='line_1_15' title="bbox 231 1304 1835 1389; baseline -0.001 -21"><span class='ocrx_word' id='word_1_106' title='bbox 231 1304 274 1389; x_wconf 75' lang='grc' dir='ltr'><em>ῶ</em></span> <span class='ocrx_word' id='word_1_107' title='bbox 326 1309 560 1368; x_wconf 90' lang='grc' dir='ltr'><em>συνάδει</em></span> <span class='ocrx_word' id='word_1_108' title='bbox 601 1313 692 1368; x_wconf 85' lang='grc' dir='ltr'><em>καὶ</em></span> <span class='ocrx_word' id='word_1_109' title='bbox 733 1310 793 1368; x_wconf 86' lang='grc' dir='ltr'><em>τὸ</em></span> <span class='ocrx_word' id='word_1_110' title='bbox 837 1313 897 1368; x_wconf 84' lang='grc' dir='ltr'><em>ἐν</em></span> <span class='ocrx_word' id='word_1_111' title='bbox 943 1314 1332 1387; x_wconf 80' lang='grc' dir='ltr'><em>ἕβδομηκοστῶ</em></span> <span class='ocrx_word' id='word_1_112' title='bbox 1374 1309 1574 1388; x_wconf 82' lang='grc' dir='ltr'><em>πρῶτω</em></span> <span class='ocrx_word' id='word_1_113' title='bbox 1623 1316 1835 1388; x_wconf 80' lang='grc' dir='ltr'><em>Ψαλμῶ</em></span> 
     </span>
     <span class='ocr_line' id='line_1_16' title="bbox 229 1396 1900 1469; baseline -0.001 -17"><span class='ocrx_word' id='word_1_114' title='bbox 229 1397 358 1469; x_wconf 87' lang='grc' dir='ltr'><em>περὶ</em></span> <span class='ocrx_word' id='word_1_115' title='bbox 387 1400 487 1452; x_wconf 90' lang='grc' dir='ltr'><em>τοῦ</em></span> <span class='ocrx_word' id='word_1_116' title='bbox 522 1397 580 1451; x_wconf 85' lang='grc' dir='ltr'><em>ἐκ</em></span> <span class='ocrx_word' id='word_1_117' title='bbox 611 1396 919 1469; x_wconf 88' lang='grc' dir='ltr'><em>σπέρματος</em></span> <span class='ocrx_word' id='word_1_118' title='bbox 945 1398 1276 1468; x_wconf 88' lang='grc' dir='ltr'><em>Σολομῶνος</em></span> <span class='ocrx_word' id='word_1_119' title='bbox 1299 1397 1676 1468; x_wconf 78' lang='grc' dir='ltr'><em>γενησομένου</em></span> <span class='ocrx_word' id='word_1_120' title='bbox 1700 1405 1836 1469; x_wconf 88' lang='grc' dir='ltr'><em>Χρι-</em></span> <span class='ocrx_word' id='word_1_121' title='bbox 1859 1419 1900 1450; x_wconf 88' lang='lat'><em>15</em></span> 
     </span>
     <span class='ocr_line' id='line_1_17' title="bbox 230 1471 1836 1554; baseline 0.001 -19"><span class='ocrx_word' id='word_1_122' title='bbox 230 1482 365 1537; x_wconf 88' lang='grc' dir='ltr'><em>στοῦ</em></span> <span class='ocrx_word' id='word_1_123' title='bbox 406 1471 520 1536; x_wconf 83' lang='grc' dir='ltr'><em>ῶδέ</em></span> <span class='ocrx_word' id='word_1_124' title='bbox 556 1502 631 1552; x_wconf 91' lang='grc' dir='ltr'><em>πη</em></span> <span class='ocrx_word' id='word_1_125' title='bbox 684 1481 977 1554; x_wconf 82' lang='grc' dir='ltr'><em>εἰρημένον</em></span> <span class='ocrx_word' id='word_1_126' title='bbox 1010 1476 1310 1537; x_wconf 75' lang='grc' dir='ltr'><em>“ανατελεῐ</em></span> <span class='ocrx_word' id='word_1_127' title='bbox 1349 1484 1409 1537; x_wconf 85' lang='grc' dir='ltr'><em>ἐν</em></span> <span class='ocrx_word' id='word_1_128' title='bbox 1449 1493 1569 1546; x_wconf 80' lang='grc' dir='ltr'><em>ταῖς</em></span> <span class='ocrx_word' id='word_1_129' title='bbox 1607 1478 1836 1553; x_wconf 82' lang='grc' dir='ltr'><em>ἡμεραις</em></span> 
     </span>
    </p>

    <p class='ocr_par' dir='ltr' id='par_1_4' title="bbox 183 1562 1900 2226">
     <span class='ocr_line' id='line_1_18' title="bbox 183 1562 1838 1638; baseline 0.001 -18"><span class='ocrx_word' id='word_1_130' title='bbox 183 1597 200 1619; x_wconf 81' lang='lat' dir='ltr'>e</span> <span class='ocrx_word' id='word_1_131' title='bbox 231 1562 402 1621; x_wconf 81' lang='grc' dir='ltr'><em>αὐτοῦ</em></span> <span class='ocrx_word' id='word_1_132' title='bbox 435 1563 762 1637; x_wconf 83' lang='grc' dir='ltr'><em>δικαιοσύνη</em></span> <span class='ocrx_word' id='word_1_133' title='bbox 811 1566 903 1621; x_wconf 87' lang='grc' dir='ltr'><em>καὶ</em></span> <span class='ocrx_word' id='word_1_134' title='bbox 946 1568 1162 1638; x_wconf 86' lang='grc' dir='ltr'><em>πλῆθος</em></span> <span class='ocrx_word' id='word_1_135' title='bbox 1204 1563 1452 1638; x_wconf 79' lang='grc' dir='ltr'><em>εἰρήνης,</em></span> <span class='ocrx_word' id='word_1_136' title='bbox 1495 1567 1596 1630; x_wconf 82' lang='grc' dir='ltr'><em>ε’ως</em></span> <span class='ocrx_word' id='word_1_137' title='bbox 1638 1565 1704 1621; x_wconf 86' lang='grc' dir='ltr'><em>οὑ</em></span> <span class='ocrx_word' id='word_1_138' title='bbox 1735 1562 1838 1622; x_wconf 81' lang='grc' dir='ltr'><em>άν-</em></span> 
     </span>
     <span class='ocr_line' id='line_1_19' title="bbox 229 1646 1837 1723; baseline 0.001 -18"><span class='ocrx_word' id='word_1_139' title='bbox 229 1655 538 1722; x_wconf 85' lang='grc' dir='ltr'><em>ταναιρεθῇ</em></span> <span class='ocrx_word' id='word_1_140' title='bbox 571 1647 604 1721; x_wconf 82' lang='grc' dir='ltr'><em>ἡ</em></span> <span class='ocrx_word' id='word_1_141' title='bbox 636 1647 871 1723; x_wconf 79' lang='grc' dir='ltr'><em>σελήνη,</em></span> <span class='ocrx_word' id='word_1_142' title='bbox 905 1651 996 1706; x_wconf 81' lang='grc' dir='ltr'><em>καὶ</em></span> <span class='ocrx_word' id='word_1_143' title='bbox 1028 1648 1453 1722; x_wconf 88' lang='grc' dir='ltr'><em>κατακυριεύσει</em></span> <span class='ocrx_word' id='word_1_144' title='bbox 1484 1647 1593 1706; x_wconf 86' lang='grc' dir='ltr'><em>άπὸ</em></span> <span class='ocrx_word' id='word_1_145' title='bbox 1625 1646 1837 1706; x_wconf 86' lang='grc' dir='ltr'><em>θαλάσ-</em></span> 
     </span>
     <span class='ocr_line' id='line_1_20' title="bbox 231 1731 1838 1831; baseline -0.001 -41"><span class='ocrx_word' id='word_1_146' title='bbox 231 1751 330 1831; x_wconf 86' lang='grc' dir='ltr'><em>σης</em></span> <span class='ocrx_word' id='word_1_147' title='bbox 372 1735 474 1801; x_wconf 77' lang='grc' dir='ltr'><em>ἕως</em></span> <span class='ocrx_word' id='word_1_148' title='bbox 513 1732 802 1806; x_wconf 87' lang='grc' dir='ltr'><em>θαλάσσης</em></span> <span class='ocrx_word' id='word_1_149' title='bbox 854 1734 948 1791; x_wconf 88' lang='grc' dir='ltr'><em>καὶ</em></span> <span class='ocrx_word' id='word_1_150' title='bbox 992 1731 1098 1791; x_wconf 80' lang='grc' dir='ltr'><em>άπὸ</em></span> <span class='ocrx_word' id='word_1_151' title='bbox 1139 1738 1386 1806; x_wconf 83' lang='grc' dir='ltr'><em>ποταμοῦ</em></span> <span class='ocrx_word' id='word_1_152' title='bbox 1427 1736 1529 1801; x_wconf 78' lang='grc' dir='ltr'><em>ἕως</em></span> <span class='ocrx_word' id='word_1_153' title='bbox 1581 1731 1838 1807; x_wconf 89' lang='grc' dir='ltr'><em>περάτων</em></span> 
     </span>
     <span class='ocr_line' id='line_1_21' title="bbox 229 1815 1900 1919; baseline -0.001 -45"><span class='ocrx_word' id='word_1_154' title='bbox 229 1821 323 1891; x_wconf 81' lang='grc' dir='ltr'><em>τῆς</em></span> <span class='ocrx_word' id='word_1_155' title='bbox 365 1815 758 1892; x_wconf 83' lang='grc' dir='ltr'><em>οἰκουμένης·”</em></span> <span class='ocrx_word' id='word_1_156' title='bbox 819 1821 992 1876; x_wconf 87' lang='grc' dir='ltr'><em>ταῦτα</em></span> <span class='ocrx_word' id='word_1_157' title='bbox 1030 1842 1137 1919; x_wconf 85' lang='grc' dir='ltr'><em>γαρ</em></span> <span class='ocrx_word' id='word_1_158' title='bbox 1184 1820 1311 1890; x_wconf 86' lang='grc' dir='ltr'><em>περι</em></span> <span class='ocrx_word' id='word_1_159' title='bbox 1349 1821 1447 1874; x_wconf 90' lang='grc' dir='ltr'><em>τοῦ</em></span> <span class='ocrx_word' id='word_1_160' title='bbox 1485 1822 1615 1873; x_wconf 89' lang='grc' dir='ltr'><em>υιοῦ</em></span> <span class='ocrx_word' id='word_1_161' title='bbox 1657 1823 1836 1874; x_wconf 89' lang='grc' dir='ltr'><em>Σολο-</em></span> <span class='ocrx_word' id='word_1_162' title='bbox 1858 1839 1900 1872; x_wconf 85' lang='lat'><em>20</em></span> 
     </span>
     <span class='ocr_line' id='line_1_22' title="bbox 229 1898 1836 1976; baseline -0.001 -18"><span class='ocrx_word' id='word_1_163' title='bbox 229 1905 410 1975; x_wconf 91' lang='grc' dir='ltr'><em>μῶνος</em></span> <span class='ocrx_word' id='word_1_164' title='bbox 443 1905 656 1975; x_wconf 77' lang='grc' dir='ltr'><em>ἐλέγετο</em></span> <span class='ocrx_word' id='word_1_165' title='bbox 686 1899 856 1960; x_wconf 84' lang='grc' dir='ltr'><em>ούδεν</em></span> <span class='ocrx_word' id='word_1_166' title='bbox 886 1901 1185 1975; x_wconf 86' lang='grc' dir='ltr'><em>λειπόμενα</em></span> <span class='ocrx_word' id='word_1_167' title='bbox 1221 1904 1334 1957; x_wconf 87' lang='grc' dir='ltr'><em>τῶν</em></span> <span class='ocrx_word' id='word_1_168' title='bbox 1376 1903 1436 1958; x_wconf 84' lang='grc' dir='ltr'><em>ἐν</em></span> <span class='ocrx_word' id='word_1_169' title='bbox 1473 1904 1549 1976; x_wconf 78' lang='grc' dir='ltr'><em>τῷ</em></span> <span class='ocrx_word' id='word_1_170' title='bbox 1581 1898 1836 1973; x_wconf 85' lang='grc' dir='ltr'><em>προφήτῃ</em></span> 
     </span>
     <span class='ocr_line' id='line_1_23' title="bbox 233 1958 1837 2059; baseline -0.001 -17"><span class='ocrx_word' id='word_1_171' title='bbox 233 1989 554 2059; x_wconf 86' lang='grc' dir='ltr'><em>εἰρημένων.</em></span> <span class='ocrx_word' id='word_1_172' title='bbox 629 1991 709 2043; x_wconf 88' lang='grc'><em>16.</em></span> <span class='ocrx_word' id='word_1_173' title='bbox 763 1983 889 2042; x_wconf 82' lang='grc' dir='ltr'><em>πότ’</em></span> <span class='ocrx_word' id='word_1_174' title='bbox 941 1978 1046 2042; x_wconf 83' lang='grc' dir='ltr'><em>οῦν</em></span> <span class='ocrx_word' id='word_1_175' title='bbox 1089 1987 1260 2042; x_wconf 84' lang='grc' dir='ltr'><em>ταῦτα</em></span> <span class='ocrx_word' id='word_1_176' title='bbox 1308 1987 1399 2041; x_wconf 86' lang='grc' dir='ltr'><em>καὶ</em></span> <span class='ocrx_word' id='word_1_177' title='bbox 1439 1958 1582 2056; x_wconf 81' lang='grc' dir='ltr'><em>πῶς,</em></span> <span class='ocrx_word' id='word_1_178' title='bbox 1623 1982 1657 2056; x_wconf 81' lang='grc' dir='ltr'><em>ἢ</em></span> <span class='ocrx_word' id='word_1_179' title='bbox 1699 1983 1837 2041; x_wconf 76' lang='grc' dir='ltr'><em>κατὰ</em></span> 
     </span>
     <span class='ocr_line' id='line_1_24' title="bbox 231 2067 1834 2143; baseline 0.001 -18"><span class='ocrx_word' id='word_1_180' title='bbox 231 2076 426 2136; x_wconf 90' lang='grc' dir='ltr'><em>ποίους</em></span> <span class='ocrx_word' id='word_1_181' title='bbox 455 2069 690 2142; x_wconf 89' lang='grc' dir='ltr'><em>χρόνους</em></span> <span class='ocrx_word' id='word_1_182' title='bbox 719 2070 976 2141; x_wconf 87' lang='grc' dir='ltr'><em>γέγονεν,</em></span> <span class='ocrx_word' id='word_1_183' title='bbox 1017 2067 1045 2125; x_wconf 88' lang='grc' dir='ltr'>ὁ</span> <span class='ocrx_word' id='word_1_184' title='bbox 1087 2067 1425 2141; x_wconf 88' lang='grc' dir='ltr'><em>βουλόμενος</em></span> <span class='ocrx_word' id='word_1_185' title='bbox 1467 2069 1834 2143; x_wconf 79' lang='grc' dir='ltr'><em>ἑρμηνευέτω,</em></span> 
     </span>
     <span class='ocr_line' id='line_1_25' title="bbox 231 2149 1836 2226; baseline -0.001 -16"><span class='ocrx_word' id='word_1_186' title='bbox 231 2178 265 2225; x_wconf 92' lang='grc' dir='ltr'><em>η</em></span> <span class='ocrx_word' id='word_1_187' title='bbox 296 2152 428 2210; x_wconf 89' lang='grc' dir='ltr'><em>πότε</em></span> <span class='ocrx_word' id='word_1_188' title='bbox 459 2151 654 2210; x_wconf 75' lang='grc' dir='ltr'><em>ἄλλοτε</em></span> <span class='ocrx_word' id='word_1_189' title='bbox 683 2177 819 2226; x_wconf 88' lang='grc' dir='ltr'><em>μετα</em></span> <span class='ocrx_word' id='word_1_190' title='bbox 838 2152 940 2225; x_wconf 86' lang='grc' dir='ltr'><em>τὴν</em></span> <span class='ocrx_word' id='word_1_191' title='bbox 967 2149 1077 2210; x_wconf 87' lang='grc' dir='ltr'><em>υπὸ</em></span> <span class='ocrx_word' id='word_1_192' title='bbox 1102 2158 1485 2225; x_wconf 87' lang='grc' dir='ltr'><em>Βαβυλωνίοις</em></span> <span class='ocrx_word' id='word_1_193' title='bbox 1510 2159 1836 2226; x_wconf 86' lang='grc' dir='ltr'><em>πολιορκίαν</em></span> 
     </span>
    </p>

    <p class='ocr_par' dir='ltr' id='par_1_5' title="bbox 123 2233 1899 2733">
     <span class='ocr_line' id='line_1_26' title="bbox 123 2233 1899 2311; baseline 0.001 -19"><span class='ocrx_word' id='word_1_194' title='bbox 123 2261 176 2302; x_wconf 79' lang='lat'><em>125</em></span> <span class='ocrx_word' id='word_1_195' title='bbox 160 2259 212 2300; x_wconf 79' lang='lat'><em>06]</em></span> <span class='ocrx_word' id='word_1_196' title='bbox 237 2236 498 2311; x_wconf 87' lang='grc' dir='ltr'><em>δεύτερον</em></span> <span class='ocrx_word' id='word_1_197' title='bbox 540 2234 863 2311; x_wconf 83' lang='grc' dir='ltr'><em>ἐμπρησμὸν</em></span> <span class='ocrx_word' id='word_1_198' title='bbox 902 2235 1203 2310; x_wconf 83' lang='grc' dir='ltr'><em>ὑπέμεινεν</em></span> <span class='ocrx_word' id='word_1_199' title='bbox 1239 2233 1627 2310; x_wconf 80' lang='grc' dir='ltr'><em>Ιερουσαλὴμ,</em></span> <span class='ocrx_word' id='word_1_200' title='bbox 1672 2239 1764 2293; x_wconf 87' lang='grc' dir='ltr'><em>καὶ</em></span> <span class='ocrx_word' id='word_1_201' title='bbox 1804 2234 1832 2293; x_wconf 87' lang='grc' dir='ltr'>ὁ</span> <span class='ocrx_word' id='word_1_202' title='bbox 1857 2261 1899 2293; x_wconf 85' lang='lat'><em>25</em></span> 
     </span>
     <span class='ocr_line' id='line_1_27' title="bbox 189 2318 1836 2396; baseline -0.001 -17.987"><span class='ocrx_word' id='word_1_203' title='bbox 189 2325 295 2379; x_wconf 69' lang='grc' dir='ltr'><em>ὶέν</em></span> <span class='ocrx_word' id='word_1_204' title='bbox 345 2321 485 2395; x_wconf 79' lang='grc' dir='ltr'><em>αὐτῇ</em></span> <span class='ocrx_word' id='word_1_205' title='bbox 527 2328 834 2396; x_wconf 82' lang='grc' dir='ltr'><em>κατερρίφη</em></span> <span class='ocrx_word' id='word_1_206' title='bbox 886 2320 1039 2388; x_wconf 76' lang='grc' dir='ltr'><em>νεώς.</em></span> <span class='ocrx_word' id='word_1_207' title='bbox 1116 2326 1196 2378; x_wconf 86' lang='lat'><em>17.</em></span> <span class='ocrx_word' id='word_1_208' title='bbox 1253 2345 1282 2377; x_wconf 93' lang='grc' dir='ltr'><em>ο</em></span> <span class='ocrx_word' id='word_1_209' title='bbox 1333 2323 1424 2378; x_wconf 86' lang='grc' dir='ltr'><em>καὶ</em></span> <span class='ocrx_word' id='word_1_210' title='bbox 1468 2318 1600 2378; x_wconf 79' lang='grc' dir='ltr'><em>αὐτὸ</em></span> <span class='ocrx_word' id='word_1_211' title='bbox 1642 2324 1836 2393; x_wconf 86' lang='grc' dir='ltr'><em>θαῦμα</em></span> 
     </span>
     <span class='ocr_line' id='line_1_28' title="bbox 232 2400 1837 2481; baseline -0.001 -18"><span class='ocrx_word' id='word_1_212' title='bbox 232 2408 370 2479; x_wconf 84' lang='grc' dir='ltr'><em>μέγα</em></span> <span class='ocrx_word' id='word_1_213' title='bbox 402 2413 539 2480; x_wconf 80' lang='grc' dir='ltr'><em>ἔχει,</em></span> <span class='ocrx_word' id='word_1_214' title='bbox 574 2402 647 2473; x_wconf 81' lang='grc' dir='ltr'><em>ῶς</em></span> <span class='ocrx_word' id='word_1_215' title='bbox 677 2402 959 2480; x_wconf 78' lang='grc' dir='ltr'><em>ᾐνίξατο</em></span> <span class='ocrx_word' id='word_1_216' title='bbox 933 2430 962 2463; x_wconf 94' lang='grc' dir='ltr'><em>ο</em></span> <span class='ocrx_word' id='word_1_217' title='bbox 995 2403 1282 2481; x_wconf 85' lang='grc' dir='ltr'><em>προφήτης</em></span> <span class='ocrx_word' id='word_1_218' title='bbox 1316 2400 1527 2463; x_wconf 86' lang='grc' dir='ltr'><em>εἰπῶν</em></span> <span class='ocrx_word' id='word_1_219' title='bbox 1531 2403 1837 2472; x_wconf 83' lang='grc' dir='ltr'><em>διάνοιξον</em></span> 
     </span>
     <span class='ocr_line' id='line_1_29' title="bbox 234 2486 1835 2563; baseline -0.001 -17"><span class='ocrx_word' id='word_1_220' title='bbox 234 2490 262 2546; x_wconf 85' lang='grc' dir='ltr'>ὁ</span> <span class='ocrx_word' id='word_1_221' title='bbox 294 2497 540 2563; x_wconf 89' lang='grc' dir='ltr'><em>Λίβανος</em></span> <span class='ocrx_word' id='word_1_222' title='bbox 570 2488 665 2558; x_wconf 75' lang='grc' dir='ltr'><em>τὰς</em></span> <span class='ocrx_word' id='word_1_223' title='bbox 696 2488 878 2563; x_wconf 87' lang='grc' dir='ltr'><em>θύρας</em></span> <span class='ocrx_word' id='word_1_224' title='bbox 909 2507 1012 2548; x_wconf 90' lang='grc' dir='ltr'><em>σου</em></span> <span class='ocrx_word' id='word_1_225' title='bbox 1031 2535 1046 2563; x_wconf 82' lang='lat'><strong>‚</strong></span> <span class='ocrx_word' id='word_1_226' title='bbox 1079 2491 1168 2548; x_wconf 85' lang='grc' dir='ltr'><em>καὶ</em></span> <span class='ocrx_word' id='word_1_227' title='bbox 1203 2491 1565 2562; x_wconf 86' lang='grc' dir='ltr'><em>καταφαγέτω</em></span> <span class='ocrx_word' id='word_1_228' title='bbox 1597 2493 1708 2563; x_wconf 89' lang='grc' dir='ltr'><em>πῦρ</em></span> <span class='ocrx_word' id='word_1_229' title='bbox 1740 2486 1835 2554; x_wconf 73' lang='grc' dir='ltr'><em>τὰς</em></span> 
     </span>
     <span class='ocr_line' id='line_1_30' title="bbox 235 2570 1834 2649; baseline -0.002 -18"><span class='ocrx_word' id='word_1_230' title='bbox 235 2576 464 2649; x_wconf 87' lang='grc' dir='ltr'><em>κέδρους</em></span> <span class='ocrx_word' id='word_1_231' title='bbox 495 2571 644 2632; x_wconf 86' lang='grc' dir='ltr'><em>σου.”</em></span> <span class='ocrx_word' id='word_1_232' title='bbox 677 2581 929 2648; x_wconf 87' lang='grc' dir='ltr'><em>Λίβανον</em></span> <span class='ocrx_word' id='word_1_233' title='bbox 959 2573 1063 2648; x_wconf 75' lang='grc' dir='ltr'><em>γάρ</em></span> <span class='ocrx_word' id='word_1_234' title='bbox 1097 2578 1156 2632; x_wconf 83' lang='grc' dir='ltr'><em>ἐν</em></span> <span class='ocrx_word' id='word_1_235' title='bbox 1176 2572 1388 2641; x_wconf 88' lang='grc' dir='ltr'><em>τούτοις</em></span> <span class='ocrx_word' id='word_1_236' title='bbox 1412 2572 1675 2646; x_wconf 87' lang='grc' dir='ltr'><em>συνήθως</em></span> <span class='ocrx_word' id='word_1_237' title='bbox 1700 2570 1834 2629; x_wconf 83' lang='grc' dir='ltr'><em>αὐτὸ</em></span> 
     </span>
     <span class='ocr_line' id='line_1_31' title="bbox 233 2656 1899 2733; baseline -0.002 -18"><span class='ocrx_word' id='word_1_238' title='bbox 233 2659 290 2715; x_wconf 85' lang='grc' dir='ltr'><em>τὸ</em></span> <span class='ocrx_word' id='word_1_239' title='bbox 325 2658 475 2733; x_wconf 76' lang='grc' dir='ltr'><em>ἱερὸν</em></span> <span class='ocrx_word' id='word_1_240' title='bbox 506 2657 784 2732; x_wconf 78' lang='grc' dir='ltr'><em>ὀνομάζει,</em></span> <span class='ocrx_word' id='word_1_241' title='bbox 831 2661 948 2716; x_wconf 83' lang='grc' dir='ltr'><em>ἐπεὶ</em></span> <span class='ocrx_word' id='word_1_242' title='bbox 980 2661 1071 2716; x_wconf 84' lang='grc' dir='ltr'><em>καὶ</em></span> <span class='ocrx_word' id='word_1_243' title='bbox 1114 2656 1187 2715; x_wconf 85' lang='grc' dir='ltr'><em>δι’</em></span> <span class='ocrx_word' id='word_1_244' title='bbox 1239 2659 1442 2733; x_wconf 79' lang='grc' dir='ltr'><em>ἑτέρων</em></span> <span class='ocrx_word' id='word_1_245' title='bbox 1481 2660 1834 2732; x_wconf 84' lang='grc' dir='ltr'><em>προφητειῶν</em></span> <span class='ocrx_word' id='word_1_246' title='bbox 1857 2679 1899 2713; x_wconf 83' lang='lat'><em>30</em></span> 
     </span>
    </p>
   </div>
   <div class='ocr_carea' id='block_1_3' title="bbox 240 2782 565 2786">
    <p class='ocr_par' dir='ltr' id='par_1_6' title="bbox 240 2782 565 2786">
     <span class='ocr_line' id='line_1_32' title="bbox 240 2782 565 2786; baseline 0 0"><span class='ocrx_word' id='word_1_247' title='bbox 240 2782 565 2786; x_wconf 95' lang='lat' dir='ltr'><em> </em></span> 
     </span>
    </p>
   </div>
   <div class='ocr_carea' id='block_1_4' title="bbox 347 2851 662 2904">
    <p class='ocr_par' dir='ltr' id='par_1_7' title="bbox 347 2851 662 2904">
     <span class='ocr_line' id='line_1_33' title="bbox 347 2851 662 2904; baseline 0.013 -15"><span class='ocrx_word' id='word_1_248' title='bbox 347 2851 398 2890; x_wconf 87' lang='lat'><em>16</em></span> <span class='ocrx_word' id='word_1_249' title='bbox 429 2852 505 2894; x_wconf 84' lang='lat' dir='ltr'><em>Ps.</em></span> <span class='ocrx_word' id='word_1_250' title='bbox 529 2853 596 2904; x_wconf 73' lang='grc' dir='ltr'><em>τι,</em></span> <span class='ocrx_word' id='word_1_251' title='bbox 622 2854 662 2893; x_wconf 83' lang='lat'><em>7.</em></span> 
     </span>
    </p>
   </div>
  </div>
 </body>
</html>
