1992 3186
572 139 882 181 DEMONST.
914 139 1134 180 EVANG.
1165 141 1243 181 1v.
1277 141 1316 179 9.
1636 136 1741 188 229

135 253 484 313 δεδωκότων·
534 251 674 311 ῶστε
703 252 810 327 ἥδη
842 256 933 311 καὶ
966 253 1094 320 τοὺς
1123 258 1217 328 τῆς
1234 252 1453 327 φύσεως
1478 251 1742 329 ὑπερβαί-

132 363 254 398 νειν
283 336 475 413 ὄρους,
507 341 599 396 καὶ
621 339 743 396 τοτὲ
773 339 874 412 μὲν
897 335 1370 412 ἀλληλοφθορεῖν,
1402 338 1523 396 τοτὲ
1557 339 1617 394 δὲ
1648 335 1740 412 ἀρ·
1762 348 1850 389 (160)

133 438 468 498 ρητοποιεῖν,
500 425 591 480 καὶ
617 420 650 479 ἃ
681 424 819 496 μηδὲ
843 428 1087 499 λογισμῷ
1113 426 1271 496 θέμις
1306 425 1538 495 ἐννοεῖν,
1571 425 1744 479 ταῦτα

133 508 199 566 οὐ
229 506 403 582 μόνον
433 506 722 581 πράττειν,
755 504 893 564 ἀλλά
932 510 1022 564 καὶ
1062 522 1181 574 ταῖς
1212 509 1338 580 περὶ
1379 510 1492 564 τῶν
1522 513 1743 564 οἰκείων

90 619 109 652 5
134 595 285 650 θεῶν
319 590 500 661 δόξαις
531 589 885 665 ἀνατιθέναι,
919 594 1010 649 καὶ
1037 597 1115 649 ἔτι
1145 594 1355 665 μᾶλλον
1386 590 1459 658 ῶς
1490 586 1560 648 ἀν
1590 601 1744 657 θεοῖς

133 683 269 750 φίλα
321 676 388 733 τὰ
435 674 870 734 ἀκόλαστασύν
910 675 1167 750 ῥαστώνῃ
1219 681 1434 733 πλείονι
1476 674 1746 750 διαπράτ-

131 771 342 819 τεσθαι.
395 766 442 819 9.
479 763 748 819 ἐντεῦθεν
778 758 905 833 ἤδη,
938 757 1077 817 κατά
1107 759 1204 817 τὸν
1237 758 1388 832 ι”ερὸν
1418 756 1742 830 ἀπόστολον,

134 842 258 903 οὐδ’
303 847 392 901 ἐπὶ
430 859 543 910 τοῖς
583 843 700 901 κατ’
751 843 995 918 οὐρανὸν
1036 852 1114 902 ἔτι
1154 853 1424 918 λαμπροῖς
1463 850 1561 901 τοῦ
1602 849 1744 901 θεοῦ

135 927 616 1002 δημιουργήμασιν
673 926 952 1001 ἱστάμενοι
997 925 1467 1002 “ε’ματαιω’θησαν
1520 931 1581 985 ἐν
1633 943 1746 994 τοῖς

70 1039 110 1071 10
137 1018 531 1086 διαλογισμοῖς
553 1009 768 1084 αὐτῶν,
810 1015 901 1069 καὶ
943 1016 1241 1085 ἐσκοτίσθη
1273 1011 1306 1085 ἡ
1347 1009 1611 1079 ἀσύνετος
1644 1011 1747 1068 αὐ-

133 1102 246 1155 τῶν
285 1102 500 1170 καρδία.
572 1095 880 1170 φάσκοντες
922 1097 1064 1154 εἶναι
1106 1099 1269 1169 σοφοὶ
1316 1094 1743 1171 ἐμωράνθησαν,

135 1183 227 1238 καὶ
259 1179 563 1253 ἠλλάξαντο
585 1180 689 1254 τὴν
720 1180 887 1250 δόξαν
912 1187 1009 1239 τοῦ
1032 1178 1330 1255 ἀφθάρτου
1353 1183 1493 1238 θεοῦ
1517 1183 1577 1237 ἐν
1600 1178 1746 1254 ὃμοι-
1774 1201 1795 1233 b

137 1264 307 1339 ῶματι
341 1264 552 1333 εἰκόνος
582 1269 843 1340 φθαρτοῦ
870 1263 1199 1339 ἀνθρώπου,
1232 1268 1323 1323 καὶ
1355 1267 1625 1323 πετεινῶν
1655 1267 1747 1321 καὶ

136 1348 492 1423 τετραπόδων
521 1352 614 1406 καὶ
649 1348 949 1424 ἑρπετῶν.”
995 1355 1076 1407 10.
1110 1347 1193 1407 ὅτι
1227 1351 1287 1407 δὲ
1312 1347 1447 1406 κατά
1470 1349 1530 1406 τὸ
1554 1357 1749 1406 παλαί-

74 1458 115 1491 15
138 1457 302 1491 τατον
353 1447 466 1499 τοῖς
518 1432 797 1506 οὐρανίοις
850 1440 1139 1507 φωστῆρσι
1190 1436 1378 1507 μόνοις
1419 1438 1476 1492 οἱ
1521 1436 1609 1491 ἐπὶ
1650 1434 1748 1506 γῆς

138 1531 533 1591 προσανεῖχον,
576 1514 744 1574 οὐδὲν
776 1523 1009 1575 εἴδωλον
1042 1517 1420 1591 ἐπιστάμενοι,
1462 1516 1590 1575 οὔτε
1621 1520 1747 1588 περὶ

136 1602 238 1674 τὴν
267 1608 377 1658 τῶν
410 1599 693 1675 δαιμόνων
722 1600 941 1674 πλάνην
970 1600 1416 1675 καταγινόμενοι,
1464 1599 1624 1672 ἱκανὴ
1656 1603 1749 1673 γε’-

136 1684 272 1743 νοιτ’
319 1681 389 1743 ἀν
428 1683 708 1753 ἀπόδειξις
749 1684 782 1757 ἡ
813 1688 925 1743 τῶν
965 1685 1272 1758 ἀλλοτρίων
1310 1692 1408 1743 τοῦ
1439 1682 1573 1742 καθ’
1608 1683 1748 1758 ἡμᾶς

136 1769 304 1842 λόγου
348 1777 652 1843 μαρτυρία,
694 1766 766 1841 ἣν
810 1769 947 1827 κατά
977 1770 1036 1827 τὸ
1068 1774 1288 1843 πρῶτον
1318 1773 1412 1842 τῆς
1444 1780 1749 1843 Προπαρα-

76 1877 118 1910 20
138 1857 338 1927 σκευῆς
391 1853 496 1927 πρὸ
547 1857 642 1927 τῆς
694 1852 977 1928 παρούσης
1030 1862 1403 1927 πραγματείας
1460 1856 1745 1926 ε’ξεθέμην,

138 1943 330 2010 σαφῶς
361 1936 653 2006 ἀποδείξας
677 1936 758 1995 ὅτι
782 1937 854 2012 μὴ
882 1938 1256 2012 χειροκμήτοις
1288 1936 1502 2006 ξοάνοις
1528 1941 1580 2005 ἐξ
1612 1935 1747 2010 ὕλης
1773 1975 1789 1997 e

137 2019 355 2095 ἀψύχου
389 2027 977 2096 δεδημιουργημένοις,
1018 2020 1141 2079 ἀλλ’
1175 2020 1302 2080 οὐδ’
1339 2019 1590 2096 ἀοράτοις
1626 2027 1750 2079 δαί-

136 2124 299 2179 μοσιν
322 2110 379 2163 οἱ
398 2114 719 2164 παλαίτατοι
743 2111 856 2164 τῶν
879 2105 1201 2181 ἀνθρώπων
1220 2104 1535 2179 ἐδούλευον,
1562 2105 1748 2180 μόνοις

139 2190 199 2246 δὲ
229 2189 441 2257 τούτοις
460 2235 475 2263 ,
507 2197 563 2248 οἳ
590 2193 681 2247 καὶ
712 2190 846 2266 πρὸς
877 2195 970 2264 τῆς
1002 2197 1162 2258 θείας
1191 2197 1409 2265 γραφῆς
1439 2204 1552 2258 τοῖς
1585 2197 1748 2248 ε”θνε-

74 2296 115 2329 25
139 2294 229 2331 σιν
260 2272 714 2348 ἀπονενεμῆσθαι
745 2274 1204 2350 μεμαρτύρηνται.
1284 2281 1362 2333 11.
1399 2273 1514 2348 ῶρα
1548 2275 1615 2349 δὴ
1646 2268 1748 2333 οὖν

138 2360 230 2415 καὶ
262 2356 449 2426 αὐτοῖς
464 2356 744 2432 ”Ελλησιν,
778 2353 857 2417 ῶν
888 2358 982 2427 τάς
998 2358 1189 2433 φωνὰς
1223 2363 1282 2417 ἐν
1315 2363 1543 2425 ἐκείνοις
1575 2382 1746 2430 παρα-

138 2443 416 2514 τέθειμαι,
463 2451 887 2517 συνομολογεῖν,
934 2446 1209 2518 νεωτέραν
1254 2447 1344 2501 καὶ
1392 2447 1555 2515 ξένην
1600 2440 1747 2515 παρά

139 2522 240 2596 τὴν
269 2531 380 2581 τῶν
410 2530 662 2584 παλαιῶν
692 2534 952 2602 λατρείαν
984 2531 1239 2601 εἰσῆχθαι
1281 2525 1467 2592 αὐτοῖς
1503 2527 1604 2598 τὴν
1635 2530 1748 2583 τῶν

142 2606 390 2666 εἰδώλων
423 2613 862 2684 δεισιδαιμονίαν
893 2614 983 2669 καὶ
1026 2611 1128 2684 τὴν
1164 2615 1276 2668 τῶν
1306 2608 1540 2684 ἀφανῶν
1579 2633 1745 2667 πνευ-

77 2715 118 2747 3ο
141 2690 330 2765 μάτων
369 2701 704 2767 περιεργίαν.
777 2702 939 2754 τοῦτο
974 2697 1034 2752 δὲ
1075 2699 1185 2752 πᾶν
1223 2692 1603 2767 ἐπιβουλεύων
1632 2707 1745 2761 τοῖς
