1992 3186
559 141 867 184 DEMONST.
900 140 1122 182 EVANG.
1152 141 1229 181 IV.
1266 141 1330 181 15.
1646 138 1749 190 257

141 258 232 314 καὶ
266 259 528 329 ἐμίσησας
559 255 619 313 τὸ
650 252 924 329 ἀσέβημα·
989 253 1182 329 διόπερ
1217 257 1306 312 ε’πὶ
1346 253 1525 331 τούτῳ
1570 258 1755 329 ἔχρισέ

60 357 66 360 ’
141 360 232 413 σε,
275 333 320 397 ώ
359 341 486 413 θεὲ,
528 337 555 397 6
595 337 857 397 ἄνωτατω
899 341 990 397 καὶ
1030 345 1230 413 μείζων
1261 337 1426 405 αὐτὸς
1466 338 1493 395 6
1527 341 1618 396 καὶ
1651 343 1754 397 σοῦ

139 421 332 497 θεός,”
368 421 440 490 ώς
482 425 625 483 εἶναι
665 426 756 481 καὶ
796 423 893 482 τὸν
932 423 1224 498 χριόμενον
1264 425 1355 480 καὶ
1397 422 1494 480 τὸν
1526 431 1751 526 χρίοντα

139 507 281 566 πολυ
311 507 598 583 πρότερον,
630 507 855 566 πάντων
885 533 987 581 μεν
1017 506 1148 565 ὄντα
1173 507 1328 580 θεὸν,
1362 510 1453 564 καὶ
1486 506 1662 565 αὐτοῦ
1693 510 1754 565 δε

96 616 116 649 5
143 591 518 666 διαφερόντως
549 597 650 651 τοῦ
679 596 987 667 χριομένου.
1051 597 1133 648 60.
1181 596 1340 649 τοῦτο
1376 593 1436 649 δὲ
1476 594 1568 649 καὶ
1612 591 1752 667 αὐτῇ
1778 626 1795 647 e

141 676 494 751 ἐπιστήσαντι
524 683 590 752 τῇ
616 674 842 753 Ἑβραία
871 675 1084 750 γλώττῃ
1117 676 1365 748 ’φανερὸν
1405 674 1476 733 ἂν
1519 679 1749 748 γένοιτο.

141 764 228 818 ἐπὶ
270 762 374 836 γὰρ
411 767 508 834 τῆς
537 761 758 834 πρώτης
791 765 1138 833 ἐπωνυμίας,
1171 758 1302 817 καθ’
1340 754 1413 833 ἦν
1451 759 1480 816 6
1520 758 1752 828 Ἀκύλας

132 841 377 918 “θρόνος
418 864 549 916 σου,
591 841 729 903 θεέ”
782 844 1127 918 ἡρμήνευσε,
1181 847 1373 916 σαφῶς
1414 843 1538 902 ἀντὶ
1581 850 1678 903 τοῦ
1723 842 1751 902 6

137 931 271 996 θεὸς
311 933 417 987 θεέ
454 928 645 1002 εἰπών,
685 929 745 986 τὸ
769 927 1062 1003 Ἑβραικὸν
1103 932 1269 1001 ἐλωῖμ
1307 931 1560 1003 περιέχει.
1623 955 1752 988 καν-

79 1036 121 1068 10
143 1017 328 1071 ταῦθα
361 1015 422 1071 δὲ
451 1010 652 1086 ὁμοίως
685 1015 774 1070 ἐπὶ
805 1018 903 1070 τοῦ
927 1010 1059 1070 “δια
1089 1016 1247 1070 τοῦτο
1283 1017 1468 1086 ἔχρισέ
1488 1033 1578 1086 σε,
1619 1011 1751 1072 θεέ”

139 1098 199 1155 τὸ
242 1101 411 1172 ἐλωΐμ
454 1105 852 1171 παρείληπται,
903 1096 1038 1171 ὅπερ
1091 1096 1192 1170 τὴν
1243 1099 1285 1154 ώ
1338 1100 1442 1154 θεέ
1491 1098 1755 1199 κλητικὴν

142 1181 342 1256 ἐδήλου
373 1185 598 1240 πτῶσιν.
662 1187 745 1240 61.
795 1178 919 1239 ἀντὶ
953 1182 1015 1238 δε
1044 1185 1141 1252 τῆς
1171 1179 1348 1254 ὀρθῆς
1391 1184 1482 1238 καὶ
1525 1179 1752 1249 εὐθείας

140 1269 240 1323 τοῦ
278 1263 590 1369 ὀνόματος,
615 1265 744 1324 καθ’
791 1263 821 1323 ὃ
865 1265 1116 1339 εἴρηται
1122 1262 1235 1322 δια
1275 1268 1437 1323 τοῦτο
1479 1270 1665 1341 ἔχρισέ
1691 1284 1754 1323 σε

141 1349 170 1407 6
199 1348 332 1416 θεὸς
362 1349 390 1407 6
421 1347 590 1416 θεός”
622 1349 682 1407 τὸ
708 1347 997 1423 Ἐβραϊκὸν
1037 1349 1213 1422 ε’λωαχ
1253 1353 1493 1451 περιέχει
1534 1350 1754 1425 σφόδρα
1781 1375 1804 1406 d

79 1452 120 1486 15
142 1429 640 1507 ἀπηκριβωμένως,
681 1433 755 1490 ἵν’
801 1425 838 1508 ᾗ
866 1433 924 1491 τὸ
956 1459 1058 1506 μεν
1099 1438 1267 1507 ε’λωΐμ
1311 1435 1450 1492 κατὰ
1491 1434 1756 1508 κλητικὴν

140 1523 352 1576 πτῶσιν
385 1520 830 1591 ἐξενηνεγμένον,
864 1522 1072 1590 δηλοῦν
1095 1516 1155 1574 τὸ
1180 1543 1222 1574 ω
1248 1521 1375 1590 θεέ,
1406 1517 1465 1576 τὸ
1493 1520 1554 1576 δὲ
1580 1521 1754 1593 ἐλωὰχ

139 1601 168 1659 6
200 1600 330 1668 θεός
362 1621 465 1659 σου
505 1602 641 1659 κατὰ
679 1600 780 1674 τὴν
825 1598 1082 1659 εὐθεῖαν·
1144 1602 1285 1659 ὥστε
1323 1599 1565 1677 ἀκριβῶς
1608 1610 1754 1676 ἔχειν

139 1684 242 1758 τὴν
270 1684 531 1759 φήσασαν
565 1689 859 1759 ἑρμηνείαν
894 1682 1023 1743 “διὰ
1066 1691 1228 1744 τοῦτο
1270 1691 1455 1760 ἔχρισέ
1490 1706 1553 1745 σε
1583 1689 1682 1745 θεὲ
1724 1687 1754 1744 6

139 1768 270 1835 θεός
312 1767 461 1827 σου.”
523 1774 606 1827 62.
654 1769 955 1827 λευκότατα
985 1774 1126 1842 γοῦν
1155 1766 1183 1827 6
1216 1769 1376 1842 λόγος
1420 1771 1511 1827 διὰ
1541 1771 1755 1830 τούτων

77 1873 118 1906 20
141 1857 260 1930 θεῷ
313 1857 666 1927 προσφωνῶν
712 1873 885 1927 φησιν
931 1852 1100 1912 αὐτὸν
1147 1865 1440 1929 κεχρΐσθαι
1492 1852 1613 1922 ὑπὸ,
1655 1860 1754 1914 τοῦ

139 1944 279 1996 θεοῦ
322 1942 486 2015 ἐλαίῳ
528 1935 903 2011 ἀγαλλιάσεως
944 1938 1093 2013 παρὰ
1133 1938 1341 2005 πάντας
1371 1939 1501 2005 τοὺς
1533 1940 1753 1999 πώποτε

139 2026 235 2096 τῆς
266 2019 435 2095 αὐτῆς
466 2021 615 2100 αὐτῷ
645 2022 1043 2096 μετεσχηκότας
1068 2031 1455 2097 προσηγορίας.
1504 2029 1586 2082 63.
1615 2031 1752 2098 ἔχεις

88 2162 91 2166 .
140 2111 433 2182 τοιγαροῦν
466 2110 526 2164 ἐν
555 2107 767 2174 τούτοις
798 2111 990 2181 σαφεῖς
1020 2108 1158 2166 θεὸν
1188 2107 1493 2211 χριόμενον
1511 2111 1603 2166 καὶ
1617 2119 1756 2183 Χρι-

141 2188 273 2249 στὸν
304 2190 616 2264 γινόμενον,
648 2189 714 2249 οὐ
738 2190 895 2269 μύρῳ
920 2210 1206 2250 σκευαστω
1231 2190 1358 2250 οὐδ’
1391 2190 1493 2250 ὑπ’
1527 2191 1756 2267 ἀνθρώ-

77 2293 120 2326 25
143 2298 265 2333 πων
297 2282 373 2342 εἰς
403 2280 564 2333 τοῦτο
595 2274 894 2349 παριόντα,
937 2274 1058 2334 ἀλλ’
1095 2251 1229 2334 οὐδε
1267 2292 1381 2343 τοῖς
1413 2285 1624 2344 λοιποῖς
1655 2276 1756 2335 ἆν-

139 2359 390 2433 θρώποις
420 2359 823 2434 παραπλήσιον.
896 2365 981 2418 64.
1014 2357 1042 2418 6
1077 2359 1127 2418 δ’
1165 2358 1330 2427 αὐτὸς
1371 2362 1530 2427 οὗτος
1562 2364 1632 2434 ἠν
1663 2363 1754 2419 καὶ

141 2441 418 2517 ἀγαπητὸς
458 2447 557 2502 τοῦ
595 2447 734 2501 θεοῦ
773 2447 864 2501 καὶ
903 2447 1151 2518 γέννημα
1193 2444 1392 2518 αὐτοῦ,
1437 2447 1527 2502 καὶ
1575 2443 1754 2519 ίερεύς

144 2525 365 2593 αἰώνιος
404 2532 496 2585 καὶ
537 2527 850 2602 σῦνθρονος
891 2527 1330 2604 ἀνηγορευμένος
1382 2533 1480 2586 τοῦ
1532 2528 1750 2603 πατρός.

143 2616 224 2676 τίς
257 2609 307 2666 δ’
342 2608 412 2667 ἂν
450 2637 609 2679 ουτος
650 2621 733 2685 εἴη
764 2637 797 2685 η
835 2612 863 2669 ὁ
895 2613 1238 2687 πρωτότοκος
1268 2617 1367 2670 τοῦ
1399 2618 1538 2670 θεοῦ
1571 2612 1750 2687 λόγος,

83 2710 123 2741 30
146 2689 174 2749 6
209 2696 268 2750 ἐν
297 2690 438 2767 ἀρχῇ
470 2695 604 2769 πρὸς
645 2695 741 2754 τὸν
780 2696 919 2755 θεὸν
948 2695 1079 2764 θεὸς
1113 2694 1220 2768 ὢν,
1263 2699 1291 2754 ὁ
1327 2696 1419 2754 δια
1450 2715 1626 2770 πασης
1655 2722 1752 2770 της
1771 2718 1860 2764 (182)

148 2779 348 2834 ἐνθέου
389 2782 603 2851 γραφῆς
647 2780 1115 2854 θεολογούμενος,
1160 2779 1232 2847 ὡς
1272 2784 1363 2838 καὶ
1401 2784 1460 2839 ἐν
1490 2795 1602 2848 τοῖς
1634 2784 1754 2854 ἑξῆς

148 2858 238 2917 διὰ
268 2860 542 2919 πλειόνων
571 2861 599 2919 6
631 2863 790 2936 λόγος
826 2865 1038 2939 προϊών
1072 2868 1342 2933 ἐπιδείξει.

229 2968 456 2996 ΕυεΕΒιυε
490 2970 565 2997 111.
1379 2960 1441 3010 17
