1992 3186
263 121 367 174 342
942 123 1189 164 EUSEssn

216 262 235 293 (ι
263 243 361 296 τοῦ
390 245 635 312 μείζονος
678 240 768 294 καὶ
809 239 1199 311 κραταιοτέρου
1239 242 1482 313 πολέμου
1523 242 1615 297 καὶ
1654 237 1867 313 ἀγῶνος

263 321 411 399 αὐτῷ
443 326 518 400 τῷ
557 329 733 398 κυρίῳ
773 324 1205 395 πεφυλαγμένου
1245 323 1383 381 κατὰ
1421 322 1519 383 τὸν
1549 323 1743 399 καιρὸν
1772 328 1867 398 τῆς

264 413 341 473 είς
371 406 467 463 τὸν
497 404 745 464 θάνατον
776 402 952 463 αὐτοῦ
984 414 1305 479 παρουσίας.

735 614 868 673 Ἀπὸ
898 619 999 673 τοῦ
1030 615 1096 672 '7'
1135 621 1383 690 Ψαλμοῦ.

422 720 506 772 Ὡς
538 719 626 765 δύο
646 722 840 778 κυρίους
863 722 944 766 καὶ
966 719 990 766 ὁ
1012 725 1324 779 προκείμενος
1353 720 1458 767 οἶδε
1485 721 1696 779 Ψαλμός.

387 836 511 886 ΧΧΙ.
548 821 694 883 τεὍτι
743 826 842 899 σὺ,
885 824 1072 901 κύριε,
1119 830 1271 893 ε’λπίς
1309 851 1417 900 μου
1431 871 1446 899 ,
1497 827 1595 885 τὸν
1632 826 1868 896 ὕψιστον

259 915 399 967 ἔθου
445 909 774 983 καταφυγήν
825 928 942 968 σου.
1025 908 1091 968 οὐ
1143 909 1574 984 προσελεύσεται
1624 911 1760 986 πρός
1805 930 1868 969 σε

259 990 427 1066 κακὰ,
460 996 552 1050 καὶ
582 993 775 1068 μάστιξ
806 991 909 1052 οὐκ
941 999 1117 1067 ε’γγιεῖ
1141 999 1217 1072 τῷ
1258 995 1580 1069 σκηνώματί
1606 1014 1722 1054 σου.
1784 994 1868 1054 ὅτι

257 1091 369 1144 τοῖς
401 1075 652 1150 ἀγγέλοις
683 1076 856 1135 αὐτοῦ
889 1083 1184 1136 ἐντελεῖται
1214 1081 1341 1153 περὶ
1373 1084 1503 1152 σοῦ,
1549 1082 1635 1137 ἐπὶ
1665 1084 1867 1154 χειρῶν

147 1186 237 1227 (249)
263 1160 465 1235 ἀροῦσί
491 1179 582 1234 σε,
614 1161 688 1235 μή
719 1185 850 1220 ποτε
880 1161 1199 1238 προσκόψῃς
1232 1163 1368 1238 πρὸς
1398 1171 1565 1221 λίθον
1594 1162 1692 1221 τὸν
1722 1163 1867 1221 πόδα
1892 1179 1931 1211 10

257 1264 374 1302 σου.
440 1249 528 1303 ἐπὶ
558 1245 769 1304 ἀσπίδα
798 1249 890 1303 καὶ
921 1253 1248 1318 βασιλίσκον
1278 1246 1544 1321 ἐπιβήσῃ,
1578 1251 1669 1305 καὶ
1700 1272 1869 1305 κατα-

258 1329 520 1404 πατήσεις
551 1332 746 1388 λεόντα
776 1333 868 1388 καὶ
903 1328 1232 1405 δράκοντα.”

383 1419 431 1471 2.
474 1413 710 1482 Ταύταις
753 1411 781 1471 ὁ
816 1413 1072 1486 διάβολος
1114 1419 1173 1472 ἐν
1203 1418 1277 1492 τῷ
1318 1413 1456 1472 κατὰ
1493 1419 1592 1472 τοῦ
1623 1419 1868 1490 σωτῆρος

149 1520 235 1564 [156]
259 1494 418 1571 ἡμῶν
457 1502 743 1576 πειρασμῷ
789 1500 1045 1572 κέχρηται
1083 1511 1201 1566 ταῖς
1232 1500 1458 1566 λέξεσιν.
1529 1498 1632 1574 ὅρα
1665 1499 1733 1573 δὴ
1764 1493 1868 1557 οὖν

253 1588 378 1639 τίνα
408 1581 614 1656 τρόπον
643 1579 673 1640 ὁ
711 1582 937 1656 Ψαλμὸς
967 1584 1102 1658 πρὸς
1133 1580 1303 1641 αὐτὸν
1341 1584 1439 1641 τὸν
1468 1582 1663 1659 κύριόν
1693 1603 1867 1658 φησιν
1890 1594 1930 1627 1⁵

247 1662 369 1723 “ὃ’τι
399 1666 500 1738 σὺ,
543 1666 728 1743 κύριε,
772 1670 925 1734 ε’λπίς
955 1692 1091 1741 μου,
1135 1667 1231 1725 τὸν
1269 1665 1506 1736 ὕψιστον
1537 1673 1674 1725 ἔθου
1705 1692 1866 1725 κατα-

255 1749 444 1824 φυγήν
474 1768 593 1809 σου.
657 1751 729 1808 σὺ
761 1745 866 1824 γὰρ
910 1750 1101 1825 αὐτὸς,
1144 1754 1348 1824 φησὶν,
1389 1748 1555 1824 ἡέμὴ
1597 1754 1779 1823 ἐλπὶς,
1822 1743 1868 1808 ὦ

254 1834 443 1909 κύριε,
486 1842 708 1908 μείζονα
749 1839 960 1893 σαυτοῦ
997 1835 1093 1892 τὸν
1123 1834 1262 1892 θεὸν
1303 1833 1474 1892 αὐτὸν
1502 1833 1599 1892 τὸν
1627 1834 1866 1904 ὕψιστον

254 1921 346 1975 καὶ
380 1921 467 1975 ἐπὶ
500 1918 725 1977 πάντων
754 1921 846 1976 καὶ
878 1922 1086 1978 σαυτοῦ
1109 1919 1318 1992 πατέρα
1343 1918 1669 1993 καταφυγὴν
1700 1926 1864 1977 ἔθου·

258 1999 333 2058 δι’
367 1999 432 2059 ὃν
462 1999 528 2059 οὐ
559 2001 990 2076 προσελεύσεται
1021 2001 1157 2075 πρὸς
1188 2003 1251 2059 σὲ
1291 2000 1460 2075 κακοὶ,
1502 2001 1636 2076 πρὸς
1677 2004 1740 2060 σὲ
1769 2003 1865 2061 τὸν
1886 2014 1927 2045 ‘20

209 2107 232 2139 b
258 2083 391 2158 ε’μὸν
439 2083 663 2158 κύριον,
706 2088 796 2142 καὶ
837 2084 1029 2158 μάστιξ
1069 2085 1171 2143 οὐκ
1225 2089 1398 2159 ε’γγιεῖ
1432 2089 1511 2163 τῷ
1548 2086 1870 2160 σκηνώματί

255 2165 413 2225 σου.”
478 2173 525 2226 3.
560 2166 664 2226 κᾶν
687 2169 790 2244 γὰρ
814 2168 1033 2242 ἀσεβεῖς
1057 2167 1256 2243 ἄνδρες
1284 2169 1670 2244 ἐπιχειρήσωσι
1701 2173 1865 2228 ἐναν-

254 2251 634 2325 θρωπήσαντά
665 2272 728 2310 σε
756 2259 1034 2326 μαστίζειν
1064 2250 1168 2311 κᾶν
1197 2257 1274 2331 τῷ
1301 2253 1530 2330 θανάτῳ
1562 2252 1863 2328 παραδιδό-

254 2361 365 2410 ναι,
398 2334 516 2393 ἀλλ’
557 2335 676 2394 οὔτι
707 2361 770 2410 γε
799 2334 833 2410 ἡ
867 2341 926 2395 ἐκ
948 2343 1087 2395 θεοῦ
1110 2337 1303 2410 μάστιξ
1334 2341 1410 2413 τῷ
1442 2341 1521 2414 σῷ
1546 2351 1868 2411 προσεγγιεῖ

255 2420 598 2494 σκηνώματι,
639 2420 787 2479 τοῦτ’
834 2427 949 2479 ἔστι
989 2420 1229 2495 σώματι,
1265 2417 1295 2477 ὂ
1327 2419 1580 2493 δηλονότι
1611 2419 1686 2478 δι’
1719 2418 1861 2495 ἡμᾶς
1885 2446 1927 2479 25

254 2504 696 2579 ε’νανθρωπήσας
757 2508 1170 2579 περιβέβλησαι
1263 2503 1474 2572 τούτοις
1537 2501 1862 2572 ἀκολούθως
1919 2519 1923 2522 ⁴

252 2589 599 2698 ἑφαρμόσηεις
615 2587 766 2666 αὐτῷ
788 2589 852 2647 τὰ
878 2587 954 2647 δι’
989 2589 1122 2648 ὅλου
1145 2591 1245 2646 τοῦ
1274 2592 1508 2662 Ψαλμοῦ
1530 2588 1862 2663 δηλούμενα,

256 2697 290 2727 α
323 2675 412 2730 καὶ
446 2669 602 2731 αυτοὶ
634 2698 771 2731 κατα
801 2674 897 2732 τὸν
927 2679 1134 2732 οἰκεῖον
1166 2671 1359 2748 καιρὸν
1393 2672 1860 2749 ἐπιθεωρήσομεν.

370 2865 394 2903 6
426 2865 498 2904 Ps.
522 2866 590 2915 90,
617 2868 657 2909 9.
