1992 3186
237 109 342 162 248
924 111 1171 152 EUSEBII

235 225 406 285 αὐτὸν
436 230 746 284 σκευαστοῦ
773 224 954 299 μύρου
992 228 1521 300 νενομοθετημένου.
1585 226 1753 285 ἄκουε
1784 229 1846 286 δὲ

235 308 326 368 οἶά
374 329 545 383 φησιν
599 307 628 367 ὁ
694 308 921 383 Ψαλμός
962 305 990 326 “
1007 309 1294 382 μνήσθητε
1343 317 1457 368 τῶν
1506 318 1843 384 θαυμασίων

235 392 410 452 αὐτοῦ
453 387 532 451 ὦν
572 397 819 466 ἐποίησε·
865 393 931 450 τὰ
960 395 1158 463 τέρατα
1193 392 1364 452 αὐτοῦ
1395 397 1487 452 καὶ
1515 394 1583 452 τὰ
1605 402 1843 471 κρίματα

234 482 335 536 τοῦ
365 477 627 551 στόματος
659 476 856 534 αὐτοῦ’
905 479 1120 549 σπέρμα
1146 474 1390 552 Ἀβραοὶμ
1422 482 1612 536 δοῦλοι
1650 478 1841 550 αὐτοῦ,

234 568 289 620 οἱ
324 565 436 620 υίοὶ
466 559 660 634 Ἰακώβ
705 564 946 619 ἐκλεκτοὶ
985 560 1175 618 αὐτοῦ.
1246 566 1329 619 24.
1379 561 1543 628 αὐτὸς
1583 563 1771 636 κύριος
1811 561 1840 621 ὁ
1865 579 1885 614 5

235 644 364 712 θεὸς
389 645 567 719 ἡμῶν,
595 649 655 703 ἐν
677 644 825 719 πάσῃ
843 652 909 720 τῇ
931 651 1002 720 γῇ
1027 643 1092 702 τα
1109 652 1343 719 κρίματα
1362 645 1547 704 αὐτοῦ.
1591 646 1843 721 ἐμνήσθη

187 754 210 786 b
237 737 313 797 εἰς
343 730 440 787 τὸν
471 735 647 787 αἰῶνα
680 729 954 803 διαθήκης
988 726 1190 801 αὐτοῦ,
1231 728 1400 802 λόγου
1440 721 1507 788 οὗ
1539 734 1844 789 ἐνετείλατο

236 820 313 880 εἰς
344 820 519 887 χιλίας
550 813 772 885 γενεὰς,
817 811 883 871 ὃν
926 817 1145 872 διέθετο
1184 818 1259 891 τῷ
1291 812 1568 887 Ἀβραὰμ,
1614 818 1706 871 καὶ
1746 821 1845 873 τοῦ

234 895 404 971 ὅρκου
435 897 605 955 αὐτοῦ
635 902 710 974 τῷ
731 895 925 955 Ἰσαάκ.
981 900 1072 955 καὶ
1097 904 1329 969 ἔστησεν
1360 896 1535 970 αὐτὴν
1557 903 1632 976 τῷ
1651 897 1844 970 Ἰακώβ

237 988 314 1049 εἰς
345 981 667 1057 πρόσταγμα
697 985 784 1039 καὶ
818 986 893 1058 τςό
917 980 1134 1056 Ἰσραὴλ
1168 989 1245 1049 εἰς
1281 981 1560 1055 διαθήκην
1593 981 1840 1055 αἰώνιον,
1867 999 1908 1031 10

233 1069 430 1139 λέγων,
461 1069 546 1124 σοὶ
582 1065 742 1124 δώσω
773 1065 876 1138 τὴν
905 1073 1011 1138 γῆν
1041 1065 1289 1138 Χαναὰν,
1322 1072 1615 1139 σχοίνισμα
1653 1075 1847 1140 κληρο-

235 1157 429 1223 νομίας
459 1147 630 1223 ὑμῶν.
694 1153 786 1207 καὶ
819 1154 1054 1222 διῆλθον
1097 1153 1149 1218 ἐξ
1182 1156 1385 1217 ἔθνους
1429 1156 1504 1216 εἰς
1546 1156 1710 1218 ἔθνος
1753 1154 1845 1208 καὶ

236 1237 294 1292 ἐκ
325 1241 609 1307 βασιλείας
642 1241 719 1301 εἰς
750 1234 886 1292 λαὸν
910 1238 1112 1306 ἕτερον.
1169 1233 1271 1292 οὐκ
1301 1233 1517 1307 ἀφῆκεν
1539 1233 1845 1308 ἄνθρωπον

233 1317 495 1390 ἀδικῆσαι
528 1317 757 1391 αὐτούς,
791 1321 883 1375 καὶ
914 1317 1141 1391 ἤλεγξεν
1170 1317 1313 1389 ὑπὲρ
1357 1315 1542 1375 αὐτῶν
1565 1315 1844 1396 ῑβασιλεῖς·

196 1436 212 1458 c
236 1403 310 1476 μὴ
341 1402 587 1460 ἅπτεσθε
617 1406 729 1459 τῶν
759 1405 997 1476 χριστῶν
1027 1427 1161 1475 μου,
1194 1404 1286 1459 καὶ
1319 1405 1379 1459 ἐν
1401 1417 1514 1468 τοῖς
1537 1401 1844 1476 προφήταις
1867 1417 1910 1451 15

236 1511 343 1560 μου
372 1487 447 1559 μὴ
478 1484 905 1559 πονηρεύεσθε.”

362 1576 447 1630 25.
505 1574 688 1628 Ταυτα
717 1595 820 1643 μεν
848 1566 877 1627 ὅ
909 1576 1122 1643 Δαβίδ·
1178 1569 1205 1627 ὁ
1240 1571 1302 1628 δὲ
1334 1576 1545 1643 Μωσῆς
1576 1573 1670 1628 καὶ
1692 1577 1844 1639 οιόυς

235 1662 482 1728 βασιλεῖς
533 1654 765 1727 ἤλεγξεν
810 1659 1020 1728 ιστορει
1055 1654 1280 1727 λέγων’
1286 1650 1397 1711 καὶ
1443 1652 1609 1727 ήτασε
1655 1654 1844 1756 κύριος

233 1739 331 1798 τὸν
363 1739 568 1811 Φαραω
610 1743 861 1812 ε’τασμοῖς
899 1738 1258 1811 μεγαλοις,κ
1225 1741 1319 1795 καὶ
1357 1735 1453 1795 τὸν
1483 1747 1638 1795 οικον
1668 1735 1843 1795 αυτοῦ

234 1826 362 1898 περὶ
393 1822 619 1922 Σάρρας
648 1827 744 1895 τῆς
773 1823 1034 1896 γυναικὸς
1058 1821 1317 1895 Ἀβραάμ.
1322 1818 1350 1840 ”
1410 1825 1493 1878 26.
1541 1824 1633 1878 καὶ
1674 1821 1842 1881 πάλιν
1865 1838 1908 1870 20

234 1910 361 1980 περὶ
404 1931 503 1965 του
553 1909 822 1979 βασιλέως
873 1905 1139 1981 Γεραρων
1192 1903 1394 1978 γράφει
1427 1900 1556 1962 “noel
1596 1897 1775 1977 ἦλθεν
1811 1905 1840 1963 ὁ

234 1991 367 2056 θεὸς
398 1989 532 2062 πρὸς
556 1989 841 2063 Ἀβιμέλεχ
886 1993 946 2047 ἐν
973 1989 1134 2067 &mg-o
1164 1987 1266 2060 τὴν
1296 1987 1498 2061 νύκτα,
1540 1992 1630 2046 καὶ
1664 1990 1838 2063 εἶπεν,

236 2073 364 2131 ἰδοὺ
395 2073 465 2130 σὺ
495 2071 868 2145 ἀποθνήσκεις
907 2075 1035 2145 περὶ
1075 2076 1170 2146 τῆς
1209 2072 1471 2145 γυναικὸς
1513 2066 1576 2145 ἧς
1619 2079 1839 2145 ἔλαβες·

235 2156 372 2230 αὕτη
406 2158 467 2214 δὲ
506 2150 577 2229 ἦν
605 2161 703 2214 τοῦ
726 2155 1021 2231 ’Λβραοὲμ.”
1083 2161 1168 2214 27.
1216 2159 1342 2231 περὶ
1380 2150 1448 2213 οὗ
1479 2160 1599 2229 ἑξῆς
1630 2155 1842 2230 προϊών

188 2262 210 2296 d
234 2260 372 2315 φησι
393 2239 540 2299 “νῦν
572 2242 633 2298 δὲ
662 2239 869 2307 ἀπόδος
902 2241 1003 2313 τὴν
1032 2254 1270 2313 γυναῖκα
1300 2245 1376 2317 τῷ
1407 2234 1721 2317 ἆνθροόπςο,
1756 2239 1839 2298 ὅτι
1862 2256 1903 2288 25

235 2324 524 2399 προφήτης
557 2327 725 2397 ἐστὶν,
758 2327 849 2382 καὶ
880 2324 1238 2397 προσεύξεται
1269 2328 1396 2398 περὶ
1431 2322 1580 2382 σοῦ.”

362 2415 445 2466 28.
488 2406 647 2484 Ὀρᾷς
677 2407 823 2475 ὅπως
858 2407 949 2466 διὰ
977 2410 1190 2466 τούτων
1211 2406 1337 2476 τούς
1360 2407 1530 2465 πάλαι
1551 2416 1838 2480 θεοφιλεῖς

235 2496 326 2550 καὶ
357 2492 643 2567 προφήτας
675 2492 945 2566 Χριστούς
975 2492 1003 2549 ὁ
1029 2495 1217 2564 Δαβὶδ
1231 2537 1245 2564 ,
1275 2495 1484 2566 μᾶλλον
1511 2492 1572 2548 δὲ
1594 2489 1653 2548 τὸ
1676 2501 1838 2550 θεῖον

239 2574 313 2634 δι’
364 2576 540 2635 αὐτοῦ
593 2591 859 2651 προσεῖπε
904 2580 1150 2650 πνεῦμα,
1197 2575 1263 2633 οὐ
1317 2579 1391 2651 τῷ
1436 2574 1633 2647 γεώδει
1677 2573 1835 2652 μύρῳ

347 2798 372 2835 2
402 2797 475 2837 Ps.
499 2799 590 2844 104,
615 2799 654 2840 5.
880 2798 930 2837 18
963 2796 1075 2837 Gen.
1103 2798 1165 2847 12,
1194 2798 1258 2836 17.
1481 2798 1531 2836 21
1566 2795 1678 2838 Gen.
1700 2797 1769 2848 20,
1794 2798 1834 2836 3.

235 2852 289 2891 25
322 2851 434 2892 Gen.
460 2854 530 2904 20,
556 2856 593 2894 7.
