1946 3158
219 125 287 178 32
901 125 1147 166 EUsssssn

220 244 311 299 καὶ
353 241 542 313 κύριος
581 238 973 314 ἀνηγόρευται,
1016 243 1396 313 μυσταγωγῶν
1445 238 1542 298 τὸν
1582 247 1822 314 θεοφιλῆ

218 325 314 393 τὰς
361 328 487 398 περὶ
527 329 623 383 τοῦ
673 325 875 398 πατρὸς
921 321 1248 397 αὐθεντίας,
1292 332 1391 382 καί
1419 349 1541 382 τινα
1583 321 1656 392 ὦς
1697 328 1825 399 περὶ

220 413 409 484 ἑτέρου
450 413 595 467 θεοῦ
640 408 950 481 διδάσκων,
991 406 1026 464 ἃ
1068 410 1160 466 καὶ
1203 408 1339 466 κατὰ
1379 410 1572 483 καιρὸν
1604 413 1824 467 ἐπισκε-

219 494 456 568 ψόμεθα.
515 499 594 552 18.
628 491 767 550 ἄλλα
797 495 889 550 καὶ
912 497 987 570 τῷ
1015 490 1137 566 Ἰὼβ
1168 489 1431 566 οὐδέναῆ
1463 498 1659 552 τοῦτον
1682 495 1826 552 εἶναι

219 578 316 637 τὸν
355 586 766 652 χρηματίσαντα
804 577 939 651 μετὰ
976 576 1078 650 τὴν
1122 574 1367 651 αὐτάρκη
1420 583 1868 651 διαγυμνασίαν5

219 660 286 721 οὗ
317 661 547 735 θεμιτὸν
579 669 773 720 εἰπεῖν.
844 661 1114 736 πρότερον
1151 664 1253 735 μὲν
1294 662 1397 735 γὰρ
1440 660 1531 719 διὰ
1562 668 1827 728 λαίλαπος

219 751 312 804 καὶ
341 751 533 820 νεφῶν
574 749 862 820 ἐπιφανεὶς
893 745 1042 824 αὐτῷ
1082 745 1178 804 τόν
1215 751 1328 803 τῶν
1357 744 1504 804 ὅλων
1533 744 1672 804 θεὸν
1703 749 1827 804 ἑαυ-

219 831 316 890 τὸν
337 829 470 889 ὅντα
493 838 751 906 παρίστη,
777 831 988 904 προϊών
1011 832 1073 888 δὲ
1099 834 1220 903 ἑξῆς
1247 830 1445 888 ἑαυτὸν
1465 834 1827 903 ἐπιδείκνυσι,

176 940 198 972 d
222 913 362 974 ὥστε
401 908 575 989 φάναι
615 915 711 974 τὸν
745 913 864 989 Ἰὠβ
896 912 1176 973 ’Ἥικουσον
1219 918 1285 973 δέ
1309 939 1445 989 μου,
1499 915 1680 990 κύριε,
1733 920 1829 973 ἵνα

219 1000 371 1073 κάγώ
403 999 638 1073 λαλήσω.
703 998 876 1073 ἀκοὴν
898 1002 1000 1074 μὲν
1031 1006 1221 1074 φωνῆς
1245 998 1452 1073 ἤκουόν
1475 1019 1578 1058 σου
1607 999 1667 1057 τὸ
1698 998 1827 1072 πρὸ-
1851 1021 1891 1052 10

220 1110 407 1159 τερον,
441 1087 570 1143 νυνὶ
604 1087 665 1142 δὲ
695 1081 723 1142 ὁ
755 1084 1046 1158 ὀφθαλμός
1075 1110 1184 1158 μου
1215 1084 1428 1158 ἑώρακέ
1454 1081 1570 1142 σε.”

350 1175 430 1226 19.
463 1175 537 1227 Εἰ
566 1171 626 1227 δὲ
656 1170 730 1243 μὴ
761 1166 880 1227 οἷόν
910 1193 970 1227 τε
999 1169 1096 1228 τὸν
1128 1172 1382 1227 ἐπέκεινα
1411 1167 1580 1242 θεὸν,
1611 1167 1708 1226 τὸν
1732 1166 1830 1225 ἀό-

221 1278 389 1327 ρατον
406 1255 497 1310 καὶ
518 1250 824 1327 ἀγέννητον
841 1259 932 1312 καὶ
952 1258 1301 1327 παμβασιλέα
1324 1256 1436 1311 τῶν
1458 1252 1622 1326 ὅλων,
1646 1258 1827 1327 θνητῇ

219 1338 393 1411 φάναι
433 1349 779 1413 θεωρεῖσθαι
821 1338 1017 1412 φύσει,
1059 1345 1142 1406 τίς
1182 1334 1253 1396 ἂν
1291 1337 1320 1395 ὁ
1366 1337 1701 1411 δηλούμενος
1743 1347 1827 1409 εἴη

221 1421 366 1496 πλὴν
403 1425 505 1481 τοῦ
547 1423 683 1497 πρὸς
722 1420 880 1496 ἡμῶν
921 1423 1054 1496 μετὰ
1093 1422 1190 1481 τὸν
1220 1425 1428 1496 πατέρα
1468 1430 1829 1496 κυριολογου-
1853 1439 1893 1473 15

219 1511 389 1581 μένου
429 1514 569 1566 θεοῦ
600 1507 794 1580 λόγου;
840 1511 932 1565 καὶ
972 1515 1031 1565 τί
1067 1514 1157 1565 δεῖ
1197 1514 1428 1565 πλείονα
1469 1509 1599 1580 περὶ
1629 1506 1827 1564 τούτου

220 1606 592 1666 συναγαγεῖν,
627 1591 807 1667 παρὸν
840 1596 898 1650 ἐκ
928 1595 1040 1650 τῶν
1073 1597 1240 1666 ἱερῶν
1258 1591 1587 1664 βίβλωνψτὰς
1617 1590 1828 1648 τούτων

220 1676 509 1743 συστάσεις
544 1676 876 1750 λαμβάνειν,
903 1674 966 1743 ἂς
997 1679 1089 1734 καὶ
1121 1674 1279 1733 αὐτοὶ
1310 1673 1447 1732 κατὰ
1475 1675 1576 1749 τὴν
1606 1697 1830 1747 προκει-

219 1763 394 1834 μένην
423 1758 700 1820 ὑπόθεσιν
732 1765 820 1819 ἐπὶ
844 1765 1043 1835 σχολῆς
1067 1759 1477 1832 ἀναλεξάμεθα,
1501 1766 1578 1825 εἰς
1608 1758 1828 1816 ἀπόδει-

220 1849 306 1913 ξιν
335 1852 432 1903 τοῦ
462 1847 603 1918 μηδὲ
632 1844 803 1904 ἄλλον
832 1843 865 1918 ἢ
894 1845 992 1903 τὸν
1022 1848 1118 1902 τοῦ
1159 1846 1303 1902 θεοῦ
1341 1843 1507 1916 λόγον
1550 1844 1691 1900 εἶναι
1731 1843 1828 1902 τὸν
1850 1861 1891 1894 20

218 1942 332 1995 τοῖς
362 1934 653 2003 θεοφιλέσι
694 1928 1070 2003 προπάτορσιν
1109 1931 1455 2002 ἑωραμένον;
1501 1933 1586 1986 20.
1619 1927 1828 1986 οὐκοῦν

123 2038 196 2079 (12)
220 2013 354 2086 μετὰ
392 2012 495 2085 τὴν
533 2017 658 2087 περὶ
699 2020 798 2071 τοῦ
839 2016 951 2070 τῶν
992 2011 1139 2070 ὅλων
1178 2017 1522 2087 δημιουργοῦ
1566 2012 1828 2086 διάληψιν

220 2100 312 2155 καὶ
352 2095 418 2154 τοὶ
457 2100 582 2172 περὶ
622 2104 719 2156 τοῦ
761 2104 1000 2171 Χριστοῦ
1041 2102 1238 2165 κοινῶς
1283 2096 1417 2172 ἡμῖν
1453 2122 1513 2156 τε
1551 2095 1827 2165 κάκείνοις

220 2184 616 2254 παραδέδοται·
652 2189 821 2240 ἔνθεν
844 2185 935 2239 καὶ
959 2181 1233 2255 Χριστούς
1255 2180 1456 2248 αὐτοὺς
1487 2180 1557 2254 δὴ
1583 2186 1828 2249 ἐκείνους

219 2266 347 2333 τοὺς
379 2266 483 2337 πρὸ
515 2270 766 2334 Μωσέως
805 2275 1119 2339 θεοφιλεῖς,
1163 2265 1347 2339 ὥσπερ
1388 2261 1492 2324 οὖν
1521 2263 1660 2340 ἡμᾶς
1690 2276 1828 2340 Χρι-
1851 2291 1892 2324 25

222 2350 506 2424 στιανούς,
542 2349 720 2423 εὕροις
751 2349 821 2408 ἂν
850 2354 1236 2424 κεκλημένους.
1297 2354 1389 2409 καὶ
1411 2354 1569 2409 τοῦτο
1601 2351 1663 2408 δὲ
1696 2349 1827 2407 ε’πά-

222 2457 426 2494 κουσον
475 2435 547 2504 ὤς
587 2455 724 2510 φησι
769 2439 897 2510 περὶ
939 2435 1124 2494 αὐτῶν
1166 2439 1226 2493 ἐν
1263 2444 1513 2508 Ψαλμοῖς
1551 2433 1611 2492 τὸ
1641 2433 1828 2508 λόγιον

215 2516 316 2578 “ε’ν
346 2524 421 2598 τῷ
454 2521 596 2578 εἶναι
628 2518 826 2588 αὐτοὺς
857 2518 1080 2597 ἀριθμῷ
1101 2526 1354 2594 βραχεῖς,
1386 2517 1704 2592 ὀλιγοστούς
1736 2521 1827 2576 καὶ

221 2612 520 2677 παροίκους
554 2609 613 2663 ἐν
644 2604 802 2680 αὐτῇ,
835 2608 925 2662 καὶ
959 2610 1196 2678 διῆλθον
1228 2608 1279 2673 ἐξ
1313 2610 1514 2670 ἔθνους
1540 2609 1618 2671 εἰς
1643 2609 1827 2677 ἔθνος,

222 2692 314 2745 καὶ
354 2693 414 2746 ἐκ
454 2697 738 2762 βασιλείας
783 2696 860 2758 εἰς
900 2689 1035 2748 λαὸν
1076 2692 1296 2764 ἕτερον,
1338 2687 1440 2746 οὐκ
1479 2687 1695 2763 ἀφῆκεν
1727 2688 1827 2746 ἄν-
1848 2712 1889 2744 30

334 2885 359 2923 9
393 2883 502 2924 Gen.
527 2885 596 2936 42,
619 2887 660 2927 4.
835 2885 886 2925 27
919 2886 993 2926 Ps.
1019 2885 1113 2935 105,
1140 2886 1203 2924 12.-
