1946 3158
743 165 1133 207 ΚΑΤΑΓΡΑΦΗ.
1682 181 1744 210 xv

204 282 318 332 188,
345 285 413 327 22.
478 269 616 343 Πρὸς
641 271 754 337 τούς
781 276 1033 341 οἰομένους
1058 274 1208 343 γόητα
1233 276 1489 344 γεγονέναι
1514 272 1602 329 τὸν
1621 283 1743 347 Χρι-

133 342 248 396 στὸν
275 349 362 396 τοῦ
390 349 530 396 θεοῦ.

201 422 320 479 200,
355 425 417 467 13.
492 415 719 483 Χρησμοὶ
747 415 858 483 περὶ
884 419 973 467 τοῦ
1000 419 1233 482 Χριστοῦ.

199 506 317 555 294,
344 509 411 552 23.
481 494 568 562 Ὡς
604 495 631 550 6
669 520 768 568 παρ
823 495 1072 568 Εβραίοις
1108 498 1393 566 σοφώτατος
1419 496 1660 568 Σολομων
1687 501 1742 554 ἓν

128 573 429 639 Παροιμιάις
448 567 551 622 οἶδέ
567 591 677 620 τινα
704 569 1017 635 πρωτότοκον
1041 574 1129 622 τοῦ
1153 576 1279 622 θεοῦ
1303 569 1583 652 δύναμιν,
1566 593 1629 638 ην
1655 573 1740 623 καὶ

128 643 307 730 σοφίαν
334 644 460 691 θεοῦ
486 641 569 692 καὶ
597 641 817 708 γέννημα
855 637 1010 692 αὐτοῦ
1036 639 1411 710 προσαγορεύει,
1452 642 1617 710 ὥσπερ
1648 663 1741 694 ουν

127 712 210 761 καὶ
237 706 376 776 ἡμεῖς
404 712 696 792 δοξάζομεν.

198 787 313 838 305,
340 791 380 833 7.
450 779 540 842 Ὡς
575 780 601 832 6
639 774 786 841 αὐτὸς
799 780 1094 870 προφήτης
1104 782 1190 832 καὶ
1227 780 1279 831 ἕν
1304 779 1398 850 ρθ
1428 786 1624 868 Ψαλμῷ
1651 780 1740 835 δύο

127 856 329 936 κυρίους
356 852 587 917 ἐμφανῶς
627 851 882 934 ὁμολογεῖ,
920 851 1006 902 ἕνα
1043 848 1130 904 τὸν
1166 855 1368 918 πρῶτον
1393 854 1477 903 καὶ
1504 849 1741 905 ἆνωτοὶτω
1794 912 1803 921 ‚

123 919 270 1004 θεὸν,
308 924 538 1007 δεύτερον
574 918 633 973 ὸν
668 917 818 983 αὐτὸς
863 921 1042 973 ἑαυτοῦ
1076 919 1371 1003 ἀναγορεύει
1410 921 1615 989 κύριον,
1654 925 1739 975 καὶ

127 985 191 1054 ὦς
216 993 450 1078 γενέσθαι
478 988 575 1044 ὑπὸ
613 996 700 1044 τοῦ
727 999 854 1044 θεοῦ
878 987 972 1057 πρὸ
999 995 1086 1057 τῆς
1122 997 1211 1044 τοῦ
1237 990 1422 1058 κόσμου
1449 993 1738 1057 συστάσεως,

125 1063 207 1112 καὶ
248 1059 397 1125 αὐτὸς
435 1058 519 1114 τὸν
558 1061 785 1129 δεύτερον
822 1063 1000 1146 κύριον
1037 1062 1165 1127 οἶδε,
1206 1065 1290 1113 καὶ
1332 1062 1397 1124 ὡς
1422 1063 1624 1116 αἰωνιον
1650 1069 1740 1116 τοῦ

123 1129 308 1196 πατρὸς
345 1134 500 1200 ἱερέα,
546 1134 630 1185 καὶ
670 1130 736 1195 ὡς
776 1131 1065 1201 σύνθρονον
1099 1139 1187 1185 τοῦ
1230 1134 1308 1185 ε’πι
1355 1155 1561 1187 παντων
1594 1139 1737 1202 θεοῦ,

114 1200 268 1268 Α’ὅμοια
293 1202 418 1270 ημῖν
443 1205 554 1270 περὶ
582 1207 670 1256 τοῦ
695 1207 915 1272 Χριστοῦ
945 1204 1172 1268 δοξάζων.

194 1294 405 1345 312,12.
463 1283 549 1350 Ὡς
576 1289 659 1340 καὶ
681 1284 888 1350 ‘Hffa'i'ag-
908 1295 1177 1378 προφητῶν
1194 1289 1415 1372 μέγιστος
1438 1306 1610 1355 σαφως
1636 1287 1737 1342 οἶδε

124 1354 247 1408 θεὸν
273 1360 324 1409 ἐν
350 1361 458 1445 θεῳ
484 1357 638 1421 εἶναι,
666 1360 823 1426 λέγων
847 1357 1027 1426 ὁμοίως
1053 1357 1173 1426 ημῖν
1193 1357 1447 1423 δοξάζουσι
1468 1361 1653 1424 πατέρα
1680 1362 1734 1412 ἐν

124 1430 219 1499 υἱῷ
249 1429 332 1479 καὶ
358 1427 470 1480 υἱὸν
497 1430 548 1480 ἐν
574 1434 739 1494 πατρί.

194 1504 309 1555 320,
348 1508 388 1550 3.
455 1498 545 1560 Ὡς
582 1500 666 1550 καὶ
694 1495 905 1561 ῑῙσαΐας
956 1502 1046 1551 δύο
1083 1503 1287 1568 κυρίους
1327 1497 1608 1568 ὁμολογῶν,
1648 1497 1734 1552 τὸν

124 1570 353 1637 δεύτερον
394 1564 572 1636 ὃιιοίως
598 1572 684 1650 τῷ
726 1570 891 1635 Δαβὶδ
931 1569 1233 1639 δημιουργὸν
1276 1567 1404 1623 εἶναι
1447 1592 1546 1622 των
1585 1570 1732 1637 όλων,

125 1639 290 1703 ὥσπερ
317 1635 412 1692 οὖν
438 1641 523 1691 καὶ
550 1624 692 1691 ambi
719 1637 997 1705 δοξαζομεν.

192 1715 359 1766 3275
443 1710 533 1771 ‘539
559 1711 641 1760 καὶ
662 1706 845 1777 Ἰακώβ
872 1706 959 1762 τὸν
985 1711 1384 1794 προδηλωθέντα
1401 1711 1484 1761 καὶ
1502 1708 1625 1762 θεὸν
1648 1711 1733 1762 καὶ

121 1778 297 1844 κύριον
324 1780 408 1832 καὶ
436 1775 496 1844 δη
524 1782 608 1831 καὶ
643 1779 855 1865 ἄγγελον
890 1781 1074 1847 ὁμοίως
1114 1803 1179 1832 τω
1194 1776 1426 1862 Ἀβρααμ
1452 1782 1506 1833 ἐν
1530 1778 1732 1850 ανθρώ-

119 1870 216 1902 που
241 1849 449 1918 σχήματι
476 1857 665 1919 θεωρεῖ
685 1847 781 1901 δια
792 1854 879 1916 τῆς
906 1851 1065 1913 οὕτως
1092 1835 1296 1918 ε’χούσης
1323 1853 1554 1918 ἱστορίας.

191 1942 306 1992 330,
334 1945 374 1987 3.
443 1930 531 1996 ,Ως
556 1926 708 1996 αὖθις
734 1935 814 1986 ε’πὶ
842 1939 930 1988 τοῦ
952 1930 1133 2003 Ἰακωβ
1160 1933 1388 2004 δεύτερον
1413 1933 1537 1988 θεὸν
1563 1941 1734 2002 σαφῶς

119 2001 142 2056 6
171 2003 314 2072 λόγος
340 2009 647 2073 παρίστησιν.

191 2082 306 2132 332,
334 2085 402 2127 26.
449 2075 538 2139 ,Ως
558 2075 790 2141 καθάπερ
811 2084 912 2138 τοῖς
933 2077 1180 2143 πατρασιν
1205 2077 1260 2129 ἕν
1283 2073 1590 2148 ανθρωπείω
1616 2073 1733 2162 σχή-

120 2167 259 2211 ματι,
301 2147 460 2208 ου’τως
496 2148 550 2199 ἐν
584 2149 707 2198 εἴδει
740 2148 946 2213 νεφέλης
974 2154 1157 2200 Μωσεῐ
1180 2149 1263 2199 καὶ
1302 2149 1451 2200 παντὶ
1478 2151 1548 2220 τῷ
1574 2152 1680 2219 λαῳ
1705 2143 1733 2199 6

119 2213 236 2278 θεὸς
263 2215 405 2284 λόγος
432 2217 676 2302 ἐφαίνετο.

191 2293 306 2344 333,
334 2297 403 2338 25.
463 2285 575 2339 ΓΌτι
600 2289 723 2354 μηδὲ
747 2283 1001 2373 αγγελικὴ
1011 2285 1160 2353 φύσις
1186 2277 1251 2353 ἦν
1275 2286 1307 2355 ἡ
1328 2310 1396 2340 τω
1420 2295 1605 2341 Μωσεῐ
1616 2310 1732 2359 χρη·

119 2361 410 2423 ματίζουσα,
438 2362 672 2426 κρείττων
701 2360 752 2411 δέ
778 2381 850 2420 τις
878 2357 940 2425 ἠν
969 2354 1001 2425 ἢ
1027 2356 1140 2410 κατ’
1166 2343 1395 2426 ἄγγελον.

191 2447 402 2499 334,13.
446 2437 585 2505 “529
562 2464 587 2494 ο
606 2438 751 2504 αὐτὸς
773 2440 942 2509 κύριος
968 2465 1080 2510 περι
1108 2443 1274 2512 ἑτέρου
1292 2441 1512 2495 διδασκει
1534 2445 1728 2511 κυρίου.

191 2531 307 2614 335,
337 2526 534 2589 1.‘529
569 2523 716 2589 αὐτὸς
742 2526 896 2589 αυθις
931 2523 956 2579 6
993 2531 1062 2598 τῷ
1087 2534 1278 2579 Μωσεῐ
1305 2529 1613 2594 χρηματίζων
1638 2528 1732 2578 κύ-

120 2616 224 2662 ριος
251 2596 416 2656 ἕτερον
433 2617 612 2663 κυριον
629 2601 882 2684 κρείττονα
902 2599 1083 2650 ἑαυτοῦ
1101 2595 1188 2650 τὸν
1208 2599 1397 2664 πατέρα
1422 2595 1732 2665 γιγνώσκων,

118 2671 293 2717 τοῦτον
318 2665 571 2732 ἀληθινὸν
593 2667 722 2720 θεὸν
747 2666 1050 2759 ανεκαλεῖτο.

191 2741 307 2794 345,
339 2747 404 2788 12.
474 2734 527 2790 Ο
551 2733 703 2800 αὐτὸς
731 2739 814 2791 καὶ
841 2741 954 2806 περὶ
981 2742 1068 2803 τῆς
1094 2760 1199 2790 των
1225 2739 1397 2790 ἕθνων
1424 2737 1657 2804 κλήσεως.

191 2811 307 2888 346.
331 2817 400 2859 23.
473 2807 559 2870 Ὡς
594 2801 747 2870 αὖθις
783 2811 955 2878 κύριος
989 2809 1100 2874 περὶ
1139 2809 1304 2876 ἑτέρου
1339 2811 1541 2877 κυρίου,
1578 2811 1729 2874 ὃηλον

122 2873 214 2928 δὲ
199 2874 273 2927 ότι
300 2878 412 2944 περὶ
440 2882 529 2930 τοῦ
555 2875 740 2945 πατρὸς
765 2879 948 2945 αὐτοῦ,
979 2881 1220 2941 διέξεισιν.
